market id,market symbol,market name,trade quantity,trade price,date/time [utc]
654322,SEC.TREAS.GEITHNER,Timothy Geithner to be appointed next Secretary of the Treasury,3,20.2,Nov/06/2008 08:09:15
654322,SEC.TREAS.GEITHNER,Timothy Geithner to be appointed next Secretary of the Treasury,10,25.0,Nov/06/2008 17:26:37
654322,SEC.TREAS.GEITHNER,Timothy Geithner to be appointed next Secretary of the Treasury,1,26.0,Nov/06/2008 17:26:37
654322,SEC.TREAS.GEITHNER,Timothy Geithner to be appointed next Secretary of the Treasury,1,26.0,Nov/06/2008 17:26:37
654322,SEC.TREAS.GEITHNER,Timothy Geithner to be appointed next Secretary of the Treasury,1,25.2,Nov/06/2008 17:26:37
654322,SEC.TREAS.GEITHNER,Timothy Geithner to be appointed next Secretary of the Treasury,3,25.1,Nov/06/2008 17:26:37
654322,SEC.TREAS.GEITHNER,Timothy Geithner to be appointed next Secretary of the Treasury,2,25.1,Nov/06/2008 17:26:37
654322,SEC.TREAS.GEITHNER,Timothy Geithner to be appointed next Secretary of the Treasury,2,25.0,Nov/06/2008 17:26:37
654322,SEC.TREAS.GEITHNER,Timothy Geithner to be appointed next Secretary of the Treasury,1,25.5,Nov/06/2008 19:38:14
654322,SEC.TREAS.GEITHNER,Timothy Geithner to be appointed next Secretary of the Treasury,2,25.5,Nov/06/2008 19:38:24
654322,SEC.TREAS.GEITHNER,Timothy Geithner to be appointed next Secretary of the Treasury,2,25.5,Nov/06/2008 19:38:32
654322,SEC.TREAS.GEITHNER,Timothy Geithner to be appointed next Secretary of the Treasury,1,25.5,Nov/06/2008 19:38:44
654322,SEC.TREAS.GEITHNER,Timothy Geithner to be appointed next Secretary of the Treasury,1,25.5,Nov/06/2008 19:40:13
654322,SEC.TREAS.GEITHNER,Timothy Geithner to be appointed next Secretary of the Treasury,3,25.5,Nov/06/2008 19:44:43
654322,SEC.TREAS.GEITHNER,Timothy Geithner to be appointed next Secretary of the Treasury,1,25.5,Nov/06/2008 19:48:40
654322,SEC.TREAS.GEITHNER,Timothy Geithner to be appointed next Secretary of the Treasury,1,40.0,Nov/06/2008 20:08:12
654322,SEC.TREAS.GEITHNER,Timothy Geithner to be appointed next Secretary of the Treasury,2,39.9,Nov/06/2008 20:08:12
654322,SEC.TREAS.GEITHNER,Timothy Geithner to be appointed next Secretary of the Treasury,1,39.8,Nov/06/2008 20:08:12
654322,SEC.TREAS.GEITHNER,Timothy Geithner to be appointed next Secretary of the Treasury,1,40.1,Nov/06/2008 20:52:00
654322,SEC.TREAS.GEITHNER,Timothy Geithner to be appointed next Secretary of the Treasury,20,40.0,Nov/06/2008 20:52:09
654322,SEC.TREAS.GEITHNER,Timothy Geithner to be appointed next Secretary of the Treasury,2,49.7,Nov/06/2008 21:09:54
654322,SEC.TREAS.GEITHNER,Timothy Geithner to be appointed next Secretary of the Treasury,1,50.0,Nov/06/2008 21:09:54
654322,SEC.TREAS.GEITHNER,Timothy Geithner to be appointed next Secretary of the Treasury,1,40.2,Nov/06/2008 21:33:11
654322,SEC.TREAS.GEITHNER,Timothy Geithner to be appointed next Secretary of the Treasury,1,40.2,Nov/06/2008 21:51:57
654322,SEC.TREAS.GEITHNER,Timothy Geithner to be appointed next Secretary of the Treasury,2,40.2,Nov/06/2008 22:38:55
654322,SEC.TREAS.GEITHNER,Timothy Geithner to be appointed next Secretary of the Treasury,3,40.1,Nov/06/2008 22:39:08
654322,SEC.TREAS.GEITHNER,Timothy Geithner to be appointed next Secretary of the Treasury,1,40.0,Nov/06/2008 22:39:16
654322,SEC.TREAS.GEITHNER,Timothy Geithner to be appointed next Secretary of the Treasury,5,40.0,Nov/06/2008 22:39:26
654322,SEC.TREAS.GEITHNER,Timothy Geithner to be appointed next Secretary of the Treasury,12,40.0,Nov/06/2008 22:39:29
654322,SEC.TREAS.GEITHNER,Timothy Geithner to be appointed next Secretary of the Treasury,8,40.0,Nov/06/2008 22:39:41
654322,SEC.TREAS.GEITHNER,Timothy Geithner to be appointed next Secretary of the Treasury,1,38.0,Nov/07/2008 03:11:45
654322,SEC.TREAS.GEITHNER,Timothy Geithner to be appointed next Secretary of the Treasury,20,38.0,Nov/07/2008 04:37:22
654322,SEC.TREAS.GEITHNER,Timothy Geithner to be appointed next Secretary of the Treasury,1,38.9,Nov/07/2008 05:16:32
654322,SEC.TREAS.GEITHNER,Timothy Geithner to be appointed next Secretary of the Treasury,1,39.0,Nov/07/2008 05:16:32
654322,SEC.TREAS.GEITHNER,Timothy Geithner to be appointed next Secretary of the Treasury,18,40.0,Nov/07/2008 05:16:32
654322,SEC.TREAS.GEITHNER,Timothy Geithner to be appointed next Secretary of the Treasury,1,39.9,Nov/07/2008 12:56:24
654322,SEC.TREAS.GEITHNER,Timothy Geithner to be appointed next Secretary of the Treasury,1,39.8,Nov/07/2008 14:27:30
654322,SEC.TREAS.GEITHNER,Timothy Geithner to be appointed next Secretary of the Treasury,3,39.9,Nov/07/2008 15:08:50
654322,SEC.TREAS.GEITHNER,Timothy Geithner to be appointed next Secretary of the Treasury,2,39.8,Nov/07/2008 15:08:50
654322,SEC.TREAS.GEITHNER,Timothy Geithner to be appointed next Secretary of the Treasury,4,39.9,Nov/07/2008 15:29:57
654322,SEC.TREAS.GEITHNER,Timothy Geithner to be appointed next Secretary of the Treasury,1,39.9,Nov/07/2008 15:29:57
654322,SEC.TREAS.GEITHNER,Timothy Geithner to be appointed next Secretary of the Treasury,5,39.9,Nov/07/2008 15:36:21
654322,SEC.TREAS.GEITHNER,Timothy Geithner to be appointed next Secretary of the Treasury,12,39.9,Nov/07/2008 15:48:51
654322,SEC.TREAS.GEITHNER,Timothy Geithner to be appointed next Secretary of the Treasury,8,40.0,Nov/07/2008 16:09:06
654322,SEC.TREAS.GEITHNER,Timothy Geithner to be appointed next Secretary of the Treasury,2,40.0,Nov/07/2008 16:09:06
654322,SEC.TREAS.GEITHNER,Timothy Geithner to be appointed next Secretary of the Treasury,17,40.0,Nov/07/2008 16:16:12
654322,SEC.TREAS.GEITHNER,Timothy Geithner to be appointed next Secretary of the Treasury,3,38.1,Nov/07/2008 16:53:45
654322,SEC.TREAS.GEITHNER,Timothy Geithner to be appointed next Secretary of the Treasury,1,38.0,Nov/07/2008 16:53:45
654322,SEC.TREAS.GEITHNER,Timothy Geithner to be appointed next Secretary of the Treasury,15,40.0,Nov/07/2008 17:05:50
654322,SEC.TREAS.GEITHNER,Timothy Geithner to be appointed next Secretary of the Treasury,1,37.5,Nov/07/2008 17:08:49
654322,SEC.TREAS.GEITHNER,Timothy Geithner to be appointed next Secretary of the Treasury,10,39.0,Nov/07/2008 17:09:43
654322,SEC.TREAS.GEITHNER,Timothy Geithner to be appointed next Secretary of the Treasury,85,40.0,Nov/07/2008 17:11:33
654322,SEC.TREAS.GEITHNER,Timothy Geithner to be appointed next Secretary of the Treasury,1,50.0,Nov/07/2008 18:31:00
654322,SEC.TREAS.GEITHNER,Timothy Geithner to be appointed next Secretary of the Treasury,4,49.9,Nov/07/2008 19:20:56
654322,SEC.TREAS.GEITHNER,Timothy Geithner to be appointed next Secretary of the Treasury,1,49.9,Nov/07/2008 19:21:28
654322,SEC.TREAS.GEITHNER,Timothy Geithner to be appointed next Secretary of the Treasury,6,50.0,Nov/07/2008 21:14:04
654322,SEC.TREAS.GEITHNER,Timothy Geithner to be appointed next Secretary of the Treasury,1,49.0,Nov/08/2008 05:55:49
654322,SEC.TREAS.GEITHNER,Timothy Geithner to be appointed next Secretary of the Treasury,19,50.0,Nov/08/2008 05:55:49
654322,SEC.TREAS.GEITHNER,Timothy Geithner to be appointed next Secretary of the Treasury,1,50.0,Nov/08/2008 16:05:17
654322,SEC.TREAS.GEITHNER,Timothy Geithner to be appointed next Secretary of the Treasury,1,40.0,Nov/08/2008 16:25:29
654322,SEC.TREAS.GEITHNER,Timothy Geithner to be appointed next Secretary of the Treasury,1,43.4,Nov/08/2008 21:56:20
654322,SEC.TREAS.GEITHNER,Timothy Geithner to be appointed next Secretary of the Treasury,3,43.8,Nov/08/2008 21:56:20
654322,SEC.TREAS.GEITHNER,Timothy Geithner to be appointed next Secretary of the Treasury,1,43.9,Nov/08/2008 21:56:20
654322,SEC.TREAS.GEITHNER,Timothy Geithner to be appointed next Secretary of the Treasury,10,45.0,Nov/08/2008 21:56:20
654322,SEC.TREAS.GEITHNER,Timothy Geithner to be appointed next Secretary of the Treasury,10,41.0,Nov/09/2008 18:33:52
654322,SEC.TREAS.GEITHNER,Timothy Geithner to be appointed next Secretary of the Treasury,1,40.2,Nov/09/2008 20:36:27
654322,SEC.TREAS.GEITHNER,Timothy Geithner to be appointed next Secretary of the Treasury,4,40.1,Nov/09/2008 22:16:48
654322,SEC.TREAS.GEITHNER,Timothy Geithner to be appointed next Secretary of the Treasury,14,40.0,Nov/09/2008 22:16:48
654322,SEC.TREAS.GEITHNER,Timothy Geithner to be appointed next Secretary of the Treasury,5,40.2,Nov/09/2008 22:16:48
654322,SEC.TREAS.GEITHNER,Timothy Geithner to be appointed next Secretary of the Treasury,7,38.5,Nov/09/2008 22:21:54
654322,SEC.TREAS.GEITHNER,Timothy Geithner to be appointed next Secretary of the Treasury,2,41.5,Nov/09/2008 22:27:38
654322,SEC.TREAS.GEITHNER,Timothy Geithner to be appointed next Secretary of the Treasury,1,43.0,Nov/09/2008 23:41:31
654322,SEC.TREAS.GEITHNER,Timothy Geithner to be appointed next Secretary of the Treasury,3,41.9,Nov/09/2008 23:41:31
654322,SEC.TREAS.GEITHNER,Timothy Geithner to be appointed next Secretary of the Treasury,8,41.5,Nov/09/2008 23:41:31
654322,SEC.TREAS.GEITHNER,Timothy Geithner to be appointed next Secretary of the Treasury,2,40.0,Nov/10/2008 02:32:46
654322,SEC.TREAS.GEITHNER,Timothy Geithner to be appointed next Secretary of the Treasury,20,42.0,Nov/10/2008 14:25:03
654322,SEC.TREAS.GEITHNER,Timothy Geithner to be appointed next Secretary of the Treasury,20,43.0,Nov/10/2008 17:41:07
654322,SEC.TREAS.GEITHNER,Timothy Geithner to be appointed next Secretary of the Treasury,8,43.6,Nov/10/2008 17:41:36
654322,SEC.TREAS.GEITHNER,Timothy Geithner to be appointed next Secretary of the Treasury,10,45.0,Nov/10/2008 17:51:21
654322,SEC.TREAS.GEITHNER,Timothy Geithner to be appointed next Secretary of the Treasury,4,44.9,Nov/10/2008 17:51:21
654322,SEC.TREAS.GEITHNER,Timothy Geithner to be appointed next Secretary of the Treasury,15,45.0,Nov/10/2008 18:51:22
654322,SEC.TREAS.GEITHNER,Timothy Geithner to be appointed next Secretary of the Treasury,5,45.0,Nov/10/2008 18:51:50
654322,SEC.TREAS.GEITHNER,Timothy Geithner to be appointed next Secretary of the Treasury,2,44.9,Nov/10/2008 19:46:20
654322,SEC.TREAS.GEITHNER,Timothy Geithner to be appointed next Secretary of the Treasury,1,44.9,Nov/10/2008 19:46:41
654322,SEC.TREAS.GEITHNER,Timothy Geithner to be appointed next Secretary of the Treasury,3,44.9,Nov/10/2008 19:48:15
654322,SEC.TREAS.GEITHNER,Timothy Geithner to be appointed next Secretary of the Treasury,1,43.0,Nov/10/2008 21:11:27
654322,SEC.TREAS.GEITHNER,Timothy Geithner to be appointed next Secretary of the Treasury,1,42.0,Nov/10/2008 21:12:26
654322,SEC.TREAS.GEITHNER,Timothy Geithner to be appointed next Secretary of the Treasury,10,41.1,Nov/10/2008 21:12:26
654322,SEC.TREAS.GEITHNER,Timothy Geithner to be appointed next Secretary of the Treasury,10,41.0,Nov/10/2008 21:12:26
654322,SEC.TREAS.GEITHNER,Timothy Geithner to be appointed next Secretary of the Treasury,1,40.0,Nov/10/2008 22:36:27
654322,SEC.TREAS.GEITHNER,Timothy Geithner to be appointed next Secretary of the Treasury,5,40.0,Nov/11/2008 02:57:05
654322,SEC.TREAS.GEITHNER,Timothy Geithner to be appointed next Secretary of the Treasury,1,43.0,Nov/11/2008 06:19:29
654322,SEC.TREAS.GEITHNER,Timothy Geithner to be appointed next Secretary of the Treasury,4,44.4,Nov/11/2008 06:19:29
654322,SEC.TREAS.GEITHNER,Timothy Geithner to be appointed next Secretary of the Treasury,25,44.5,Nov/11/2008 06:19:29
654322,SEC.TREAS.GEITHNER,Timothy Geithner to be appointed next Secretary of the Treasury,2,40.1,Nov/11/2008 09:09:00
654322,SEC.TREAS.GEITHNER,Timothy Geithner to be appointed next Secretary of the Treasury,5,50.0,Nov/11/2008 16:05:59
654322,SEC.TREAS.GEITHNER,Timothy Geithner to be appointed next Secretary of the Treasury,10,45.0,Nov/11/2008 17:13:04
654322,SEC.TREAS.GEITHNER,Timothy Geithner to be appointed next Secretary of the Treasury,2,45.0,Nov/11/2008 17:32:34
654322,SEC.TREAS.GEITHNER,Timothy Geithner to be appointed next Secretary of the Treasury,2,45.0,Nov/11/2008 17:35:53
654322,SEC.TREAS.GEITHNER,Timothy Geithner to be appointed next Secretary of the Treasury,2,45.0,Nov/11/2008 17:37:18
654322,SEC.TREAS.GEITHNER,Timothy Geithner to be appointed next Secretary of the Treasury,4,45.0,Nov/11/2008 17:39:47
654322,SEC.TREAS.GEITHNER,Timothy Geithner to be appointed next Secretary of the Treasury,1,40.3,Nov/11/2008 22:58:37
654322,SEC.TREAS.GEITHNER,Timothy Geithner to be appointed next Secretary of the Treasury,2,40.3,Nov/12/2008 04:55:03
654322,SEC.TREAS.GEITHNER,Timothy Geithner to be appointed next Secretary of the Treasury,2,40.3,Nov/12/2008 04:55:42
654322,SEC.TREAS.GEITHNER,Timothy Geithner to be appointed next Secretary of the Treasury,10,43.9,Nov/12/2008 15:42:04
654322,SEC.TREAS.GEITHNER,Timothy Geithner to be appointed next Secretary of the Treasury,1,44.0,Nov/12/2008 16:16:36
654322,SEC.TREAS.GEITHNER,Timothy Geithner to be appointed next Secretary of the Treasury,1,43.9,Nov/12/2008 16:16:36
654322,SEC.TREAS.GEITHNER,Timothy Geithner to be appointed next Secretary of the Treasury,1,44.0,Nov/12/2008 16:16:36
654322,SEC.TREAS.GEITHNER,Timothy Geithner to be appointed next Secretary of the Treasury,10,44.1,Nov/12/2008 16:17:13
654322,SEC.TREAS.GEITHNER,Timothy Geithner to be appointed next Secretary of the Treasury,10,44.2,Nov/12/2008 16:19:14
654322,SEC.TREAS.GEITHNER,Timothy Geithner to be appointed next Secretary of the Treasury,5,44.2,Nov/12/2008 16:19:48
654322,SEC.TREAS.GEITHNER,Timothy Geithner to be appointed next Secretary of the Treasury,2,43.1,Nov/12/2008 16:21:39
654322,SEC.TREAS.GEITHNER,Timothy Geithner to be appointed next Secretary of the Treasury,10,43.0,Nov/12/2008 16:23:15
654322,SEC.TREAS.GEITHNER,Timothy Geithner to be appointed next Secretary of the Treasury,1,44.0,Nov/12/2008 16:37:43
654322,SEC.TREAS.GEITHNER,Timothy Geithner to be appointed next Secretary of the Treasury,2,43.7,Nov/12/2008 19:11:58
654322,SEC.TREAS.GEITHNER,Timothy Geithner to be appointed next Secretary of the Treasury,4,41.3,Nov/12/2008 19:53:51
654322,SEC.TREAS.GEITHNER,Timothy Geithner to be appointed next Secretary of the Treasury,10,41.2,Nov/13/2008 00:21:34
654322,SEC.TREAS.GEITHNER,Timothy Geithner to be appointed next Secretary of the Treasury,87,41.0,Nov/13/2008 00:21:34
654322,SEC.TREAS.GEITHNER,Timothy Geithner to be appointed next Secretary of the Treasury,10,40.4,Nov/13/2008 00:21:34
654322,SEC.TREAS.GEITHNER,Timothy Geithner to be appointed next Secretary of the Treasury,1,41.3,Nov/13/2008 00:21:34
654322,SEC.TREAS.GEITHNER,Timothy Geithner to be appointed next Secretary of the Treasury,5,40.0,Nov/13/2008 00:21:34
654322,SEC.TREAS.GEITHNER,Timothy Geithner to be appointed next Secretary of the Treasury,87,40.0,Nov/13/2008 01:18:33
654322,SEC.TREAS.GEITHNER,Timothy Geithner to be appointed next Secretary of the Treasury,10,40.0,Nov/13/2008 04:10:39
654322,SEC.TREAS.GEITHNER,Timothy Geithner to be appointed next Secretary of the Treasury,5,40.0,Nov/13/2008 04:15:47
654322,SEC.TREAS.GEITHNER,Timothy Geithner to be appointed next Secretary of the Treasury,1,38.0,Nov/13/2008 04:23:14
654322,SEC.TREAS.GEITHNER,Timothy Geithner to be appointed next Secretary of the Treasury,2,43.3,Nov/13/2008 21:15:08
654322,SEC.TREAS.GEITHNER,Timothy Geithner to be appointed next Secretary of the Treasury,3,43.4,Nov/13/2008 21:15:08
654322,SEC.TREAS.GEITHNER,Timothy Geithner to be appointed next Secretary of the Treasury,1,43.5,Nov/13/2008 21:15:08
654322,SEC.TREAS.GEITHNER,Timothy Geithner to be appointed next Secretary of the Treasury,1,45.0,Nov/13/2008 21:15:08
654322,SEC.TREAS.GEITHNER,Timothy Geithner to be appointed next Secretary of the Treasury,1,47.0,Nov/13/2008 21:15:08
654322,SEC.TREAS.GEITHNER,Timothy Geithner to be appointed next Secretary of the Treasury,30,49.0,Nov/13/2008 21:16:18
654322,SEC.TREAS.GEITHNER,Timothy Geithner to be appointed next Secretary of the Treasury,2,50.0,Nov/13/2008 21:18:37
654322,SEC.TREAS.GEITHNER,Timothy Geithner to be appointed next Secretary of the Treasury,20,50.0,Nov/13/2008 21:18:37
654322,SEC.TREAS.GEITHNER,Timothy Geithner to be appointed next Secretary of the Treasury,1,44.9,Nov/13/2008 22:09:44
654322,SEC.TREAS.GEITHNER,Timothy Geithner to be appointed next Secretary of the Treasury,10,45.0,Nov/13/2008 22:09:44
654322,SEC.TREAS.GEITHNER,Timothy Geithner to be appointed next Secretary of the Treasury,1,49.9,Nov/13/2008 22:09:44
654322,SEC.TREAS.GEITHNER,Timothy Geithner to be appointed next Secretary of the Treasury,11,50.0,Nov/13/2008 22:09:44
654322,SEC.TREAS.GEITHNER,Timothy Geithner to be appointed next Secretary of the Treasury,2,45.0,Nov/13/2008 22:14:46
654322,SEC.TREAS.GEITHNER,Timothy Geithner to be appointed next Secretary of the Treasury,2,39.0,Nov/13/2008 22:15:03
654322,SEC.TREAS.GEITHNER,Timothy Geithner to be appointed next Secretary of the Treasury,1,36.1,Nov/13/2008 22:15:09
654322,SEC.TREAS.GEITHNER,Timothy Geithner to be appointed next Secretary of the Treasury,1,38.0,Nov/13/2008 22:19:34
654322,SEC.TREAS.GEITHNER,Timothy Geithner to be appointed next Secretary of the Treasury,1,37.6,Nov/13/2008 22:20:15
654322,SEC.TREAS.GEITHNER,Timothy Geithner to be appointed next Secretary of the Treasury,2,46.8,Nov/13/2008 23:20:59
654322,SEC.TREAS.GEITHNER,Timothy Geithner to be appointed next Secretary of the Treasury,1,46.9,Nov/13/2008 23:21:20
654322,SEC.TREAS.GEITHNER,Timothy Geithner to be appointed next Secretary of the Treasury,1,47.9,Nov/13/2008 23:21:58
654322,SEC.TREAS.GEITHNER,Timothy Geithner to be appointed next Secretary of the Treasury,10,45.0,Nov/14/2008 00:12:39
654322,SEC.TREAS.GEITHNER,Timothy Geithner to be appointed next Secretary of the Treasury,3,45.1,Nov/14/2008 00:12:39
654322,SEC.TREAS.GEITHNER,Timothy Geithner to be appointed next Secretary of the Treasury,20,40.0,Nov/14/2008 01:56:01
654322,SEC.TREAS.GEITHNER,Timothy Geithner to be appointed next Secretary of the Treasury,4,42.4,Nov/14/2008 07:55:17
654322,SEC.TREAS.GEITHNER,Timothy Geithner to be appointed next Secretary of the Treasury,3,49.8,Nov/14/2008 12:24:42
654322,SEC.TREAS.GEITHNER,Timothy Geithner to be appointed next Secretary of the Treasury,5,48.0,Nov/14/2008 20:11:04
654322,SEC.TREAS.GEITHNER,Timothy Geithner to be appointed next Secretary of the Treasury,4,48.1,Nov/14/2008 20:11:04
654322,SEC.TREAS.GEITHNER,Timothy Geithner to be appointed next Secretary of the Treasury,8,45.0,Nov/14/2008 20:11:28
654322,SEC.TREAS.GEITHNER,Timothy Geithner to be appointed next Secretary of the Treasury,1,46.0,Nov/14/2008 20:11:28
654322,SEC.TREAS.GEITHNER,Timothy Geithner to be appointed next Secretary of the Treasury,20,42.5,Nov/15/2008 04:16:26
654322,SEC.TREAS.GEITHNER,Timothy Geithner to be appointed next Secretary of the Treasury,2,42.5,Nov/15/2008 05:27:21
654322,SEC.TREAS.GEITHNER,Timothy Geithner to be appointed next Secretary of the Treasury,3,42.5,Nov/15/2008 05:48:05
654322,SEC.TREAS.GEITHNER,Timothy Geithner to be appointed next Secretary of the Treasury,1,52.0,Nov/15/2008 22:40:22
654322,SEC.TREAS.GEITHNER,Timothy Geithner to be appointed next Secretary of the Treasury,1,52.0,Nov/15/2008 22:40:22
654322,SEC.TREAS.GEITHNER,Timothy Geithner to be appointed next Secretary of the Treasury,1,51.9,Nov/15/2008 22:40:22
654322,SEC.TREAS.GEITHNER,Timothy Geithner to be appointed next Secretary of the Treasury,2,53.7,Nov/16/2008 00:56:04
654322,SEC.TREAS.GEITHNER,Timothy Geithner to be appointed next Secretary of the Treasury,1,53.0,Nov/16/2008 01:06:05
654322,SEC.TREAS.GEITHNER,Timothy Geithner to be appointed next Secretary of the Treasury,10,50.0,Nov/16/2008 04:00:17
654322,SEC.TREAS.GEITHNER,Timothy Geithner to be appointed next Secretary of the Treasury,1,46.0,Nov/16/2008 04:00:49
654322,SEC.TREAS.GEITHNER,Timothy Geithner to be appointed next Secretary of the Treasury,2,45.3,Nov/16/2008 04:00:49
654322,SEC.TREAS.GEITHNER,Timothy Geithner to be appointed next Secretary of the Treasury,2,45.2,Nov/16/2008 04:00:49
654322,SEC.TREAS.GEITHNER,Timothy Geithner to be appointed next Secretary of the Treasury,2,45.2,Nov/16/2008 04:00:49
654322,SEC.TREAS.GEITHNER,Timothy Geithner to be appointed next Secretary of the Treasury,1,44.2,Nov/16/2008 07:15:45
654322,SEC.TREAS.GEITHNER,Timothy Geithner to be appointed next Secretary of the Treasury,1,44.2,Nov/16/2008 07:45:46
654322,SEC.TREAS.GEITHNER,Timothy Geithner to be appointed next Secretary of the Treasury,1,49.7,Nov/16/2008 07:57:42
654322,SEC.TREAS.GEITHNER,Timothy Geithner to be appointed next Secretary of the Treasury,1,49.8,Nov/16/2008 07:57:50
654322,SEC.TREAS.GEITHNER,Timothy Geithner to be appointed next Secretary of the Treasury,4,53.8,Nov/16/2008 07:58:00
654322,SEC.TREAS.GEITHNER,Timothy Geithner to be appointed next Secretary of the Treasury,5,54.2,Nov/16/2008 07:58:11
654322,SEC.TREAS.GEITHNER,Timothy Geithner to be appointed next Secretary of the Treasury,2,57.5,Nov/16/2008 07:58:21
654322,SEC.TREAS.GEITHNER,Timothy Geithner to be appointed next Secretary of the Treasury,5,60.0,Nov/16/2008 07:58:30
654322,SEC.TREAS.GEITHNER,Timothy Geithner to be appointed next Secretary of the Treasury,3,65.0,Nov/16/2008 07:58:41
654322,SEC.TREAS.GEITHNER,Timothy Geithner to be appointed next Secretary of the Treasury,100,75.0,Nov/16/2008 07:58:58
654322,SEC.TREAS.GEITHNER,Timothy Geithner to be appointed next Secretary of the Treasury,2,75.0,Nov/16/2008 07:58:58
654322,SEC.TREAS.GEITHNER,Timothy Geithner to be appointed next Secretary of the Treasury,4,51.1,Nov/16/2008 22:12:55
654322,SEC.TREAS.GEITHNER,Timothy Geithner to be appointed next Secretary of the Treasury,1,51.4,Nov/16/2008 23:59:46
654322,SEC.TREAS.GEITHNER,Timothy Geithner to be appointed next Secretary of the Treasury,2,51.4,Nov/17/2008 01:39:11
654322,SEC.TREAS.GEITHNER,Timothy Geithner to be appointed next Secretary of the Treasury,32,55.0,Nov/17/2008 03:20:08
654322,SEC.TREAS.GEITHNER,Timothy Geithner to be appointed next Secretary of the Treasury,20,52.0,Nov/17/2008 03:21:25
654322,SEC.TREAS.GEITHNER,Timothy Geithner to be appointed next Secretary of the Treasury,1,52.1,Nov/17/2008 06:40:52
654322,SEC.TREAS.GEITHNER,Timothy Geithner to be appointed next Secretary of the Treasury,5,55.0,Nov/17/2008 13:31:26
654322,SEC.TREAS.GEITHNER,Timothy Geithner to be appointed next Secretary of the Treasury,4,54.0,Nov/17/2008 13:34:59
654322,SEC.TREAS.GEITHNER,Timothy Geithner to be appointed next Secretary of the Treasury,6,54.0,Nov/17/2008 14:42:49
654322,SEC.TREAS.GEITHNER,Timothy Geithner to be appointed next Secretary of the Treasury,4,52.1,Nov/17/2008 14:45:55
654322,SEC.TREAS.GEITHNER,Timothy Geithner to be appointed next Secretary of the Treasury,2,52.3,Nov/17/2008 15:23:42
654322,SEC.TREAS.GEITHNER,Timothy Geithner to be appointed next Secretary of the Treasury,1,52.4,Nov/17/2008 17:58:32
654322,SEC.TREAS.GEITHNER,Timothy Geithner to be appointed next Secretary of the Treasury,3,52.4,Nov/17/2008 18:13:15
654322,SEC.TREAS.GEITHNER,Timothy Geithner to be appointed next Secretary of the Treasury,5,52.5,Nov/17/2008 18:13:15
654322,SEC.TREAS.GEITHNER,Timothy Geithner to be appointed next Secretary of the Treasury,7,52.4,Nov/17/2008 18:29:05
654322,SEC.TREAS.GEITHNER,Timothy Geithner to be appointed next Secretary of the Treasury,2,52.4,Nov/17/2008 20:19:46
654322,SEC.TREAS.GEITHNER,Timothy Geithner to be appointed next Secretary of the Treasury,3,52.4,Nov/17/2008 22:49:34
654322,SEC.TREAS.GEITHNER,Timothy Geithner to be appointed next Secretary of the Treasury,17,54.9,Nov/18/2008 00:53:46
654322,SEC.TREAS.GEITHNER,Timothy Geithner to be appointed next Secretary of the Treasury,6,55.0,Nov/18/2008 00:53:54
654322,SEC.TREAS.GEITHNER,Timothy Geithner to be appointed next Secretary of the Treasury,10,57.0,Nov/18/2008 04:32:32
654322,SEC.TREAS.GEITHNER,Timothy Geithner to be appointed next Secretary of the Treasury,8,56.9,Nov/18/2008 04:32:32
654322,SEC.TREAS.GEITHNER,Timothy Geithner to be appointed next Secretary of the Treasury,10,54.1,Nov/18/2008 13:40:41
654322,SEC.TREAS.GEITHNER,Timothy Geithner to be appointed next Secretary of the Treasury,1,54.1,Nov/18/2008 16:18:04
654322,SEC.TREAS.GEITHNER,Timothy Geithner to be appointed next Secretary of the Treasury,1,54.2,Nov/18/2008 18:24:18
654322,SEC.TREAS.GEITHNER,Timothy Geithner to be appointed next Secretary of the Treasury,1,54.2,Nov/18/2008 18:39:05
654322,SEC.TREAS.GEITHNER,Timothy Geithner to be appointed next Secretary of the Treasury,1,54.1,Nov/18/2008 18:39:05
654322,SEC.TREAS.GEITHNER,Timothy Geithner to be appointed next Secretary of the Treasury,1,58.9,Nov/18/2008 18:42:23
654322,SEC.TREAS.GEITHNER,Timothy Geithner to be appointed next Secretary of the Treasury,4,58.9,Nov/18/2008 18:54:41
654322,SEC.TREAS.GEITHNER,Timothy Geithner to be appointed next Secretary of the Treasury,2,54.4,Nov/18/2008 19:57:37
654322,SEC.TREAS.GEITHNER,Timothy Geithner to be appointed next Secretary of the Treasury,1,54.4,Nov/18/2008 20:18:42
654322,SEC.TREAS.GEITHNER,Timothy Geithner to be appointed next Secretary of the Treasury,1,54.3,Nov/18/2008 20:19:58
654322,SEC.TREAS.GEITHNER,Timothy Geithner to be appointed next Secretary of the Treasury,9,54.1,Nov/18/2008 20:37:25
654322,SEC.TREAS.GEITHNER,Timothy Geithner to be appointed next Secretary of the Treasury,9,54.0,Nov/18/2008 20:37:25
654322,SEC.TREAS.GEITHNER,Timothy Geithner to be appointed next Secretary of the Treasury,1,54.0,Nov/18/2008 21:47:06
654322,SEC.TREAS.GEITHNER,Timothy Geithner to be appointed next Secretary of the Treasury,1,56.9,Nov/18/2008 23:35:52
654322,SEC.TREAS.GEITHNER,Timothy Geithner to be appointed next Secretary of the Treasury,1,56.9,Nov/18/2008 23:35:52
654322,SEC.TREAS.GEITHNER,Timothy Geithner to be appointed next Secretary of the Treasury,1,56.9,Nov/18/2008 23:35:52
654322,SEC.TREAS.GEITHNER,Timothy Geithner to be appointed next Secretary of the Treasury,2,54.1,Nov/19/2008 00:13:04
654322,SEC.TREAS.GEITHNER,Timothy Geithner to be appointed next Secretary of the Treasury,12,54.0,Nov/19/2008 00:13:04
654322,SEC.TREAS.GEITHNER,Timothy Geithner to be appointed next Secretary of the Treasury,25,54.0,Nov/19/2008 00:28:19
654322,SEC.TREAS.GEITHNER,Timothy Geithner to be appointed next Secretary of the Treasury,1,52.3,Nov/19/2008 00:29:34
654322,SEC.TREAS.GEITHNER,Timothy Geithner to be appointed next Secretary of the Treasury,10,54.1,Nov/19/2008 02:49:44
654322,SEC.TREAS.GEITHNER,Timothy Geithner to be appointed next Secretary of the Treasury,3,57.9,Nov/19/2008 03:41:16
654322,SEC.TREAS.GEITHNER,Timothy Geithner to be appointed next Secretary of the Treasury,2,57.0,Nov/19/2008 03:41:16
654322,SEC.TREAS.GEITHNER,Timothy Geithner to be appointed next Secretary of the Treasury,1,55.6,Nov/19/2008 06:24:04
654322,SEC.TREAS.GEITHNER,Timothy Geithner to be appointed next Secretary of the Treasury,2,55.6,Nov/19/2008 13:42:31
654322,SEC.TREAS.GEITHNER,Timothy Geithner to be appointed next Secretary of the Treasury,1,57.0,Nov/19/2008 15:10:40
654322,SEC.TREAS.GEITHNER,Timothy Geithner to be appointed next Secretary of the Treasury,2,57.9,Nov/19/2008 15:10:40
654322,SEC.TREAS.GEITHNER,Timothy Geithner to be appointed next Secretary of the Treasury,1,57.9,Nov/19/2008 20:15:48
654322,SEC.TREAS.GEITHNER,Timothy Geithner to be appointed next Secretary of the Treasury,2,56.0,Nov/19/2008 20:41:13
654322,SEC.TREAS.GEITHNER,Timothy Geithner to be appointed next Secretary of the Treasury,5,55.2,Nov/19/2008 20:41:26
654322,SEC.TREAS.GEITHNER,Timothy Geithner to be appointed next Secretary of the Treasury,2,52.9,Nov/19/2008 22:54:24
654322,SEC.TREAS.GEITHNER,Timothy Geithner to be appointed next Secretary of the Treasury,17,52.9,Nov/20/2008 01:42:41
654322,SEC.TREAS.GEITHNER,Timothy Geithner to be appointed next Secretary of the Treasury,3,52.8,Nov/20/2008 01:42:41
654322,SEC.TREAS.GEITHNER,Timothy Geithner to be appointed next Secretary of the Treasury,2,53.0,Nov/20/2008 02:59:33
654322,SEC.TREAS.GEITHNER,Timothy Geithner to be appointed next Secretary of the Treasury,2,58.7,Nov/20/2008 03:17:06
654322,SEC.TREAS.GEITHNER,Timothy Geithner to be appointed next Secretary of the Treasury,5,58.6,Nov/20/2008 03:17:06
654322,SEC.TREAS.GEITHNER,Timothy Geithner to be appointed next Secretary of the Treasury,3,58.5,Nov/20/2008 03:17:06
654322,SEC.TREAS.GEITHNER,Timothy Geithner to be appointed next Secretary of the Treasury,1,58.8,Nov/20/2008 04:18:26
654322,SEC.TREAS.GEITHNER,Timothy Geithner to be appointed next Secretary of the Treasury,3,59.9,Nov/20/2008 04:18:35
654322,SEC.TREAS.GEITHNER,Timothy Geithner to be appointed next Secretary of the Treasury,5,60.0,Nov/20/2008 04:18:51
654322,SEC.TREAS.GEITHNER,Timothy Geithner to be appointed next Secretary of the Treasury,1,60.0,Nov/20/2008 09:56:18
654322,SEC.TREAS.GEITHNER,Timothy Geithner to be appointed next Secretary of the Treasury,9,60.5,Nov/21/2008 00:48:38
654322,SEC.TREAS.GEITHNER,Timothy Geithner to be appointed next Secretary of the Treasury,10,60.5,Nov/21/2008 00:49:57
654322,SEC.TREAS.GEITHNER,Timothy Geithner to be appointed next Secretary of the Treasury,20,63.9,Nov/21/2008 01:40:23
654322,SEC.TREAS.GEITHNER,Timothy Geithner to be appointed next Secretary of the Treasury,20,65.0,Nov/21/2008 01:40:23
654322,SEC.TREAS.GEITHNER,Timothy Geithner to be appointed next Secretary of the Treasury,2,66.0,Nov/21/2008 03:45:18
654322,SEC.TREAS.GEITHNER,Timothy Geithner to be appointed next Secretary of the Treasury,3,67.0,Nov/21/2008 17:24:11
654322,SEC.TREAS.GEITHNER,Timothy Geithner to be appointed next Secretary of the Treasury,1,67.9,Nov/21/2008 17:24:24
654322,SEC.TREAS.GEITHNER,Timothy Geithner to be appointed next Secretary of the Treasury,1,68.9,Nov/21/2008 17:24:49
654322,SEC.TREAS.GEITHNER,Timothy Geithner to be appointed next Secretary of the Treasury,98,90.0,Nov/21/2008 19:59:27
654322,SEC.TREAS.GEITHNER,Timothy Geithner to be appointed next Secretary of the Treasury,2,78.5,Nov/21/2008 19:59:27
654322,SEC.TREAS.GEITHNER,Timothy Geithner to be appointed next Secretary of the Treasury,2,90.0,Nov/21/2008 19:59:42
654322,SEC.TREAS.GEITHNER,Timothy Geithner to be appointed next Secretary of the Treasury,160,97.0,Nov/21/2008 19:59:53
654322,SEC.TREAS.GEITHNER,Timothy Geithner to be appointed next Secretary of the Treasury,50,97.0,Nov/21/2008 20:05:48
654322,SEC.TREAS.GEITHNER,Timothy Geithner to be appointed next Secretary of the Treasury,25,97.0,Nov/21/2008 20:08:30
654322,SEC.TREAS.GEITHNER,Timothy Geithner to be appointed next Secretary of the Treasury,10,96.0,Nov/21/2008 20:13:17
654322,SEC.TREAS.GEITHNER,Timothy Geithner to be appointed next Secretary of the Treasury,8,96.0,Nov/21/2008 20:25:41
654322,SEC.TREAS.GEITHNER,Timothy Geithner to be appointed next Secretary of the Treasury,2,96.1,Nov/21/2008 20:25:41
654322,SEC.TREAS.GEITHNER,Timothy Geithner to be appointed next Secretary of the Treasury,20,96.9,Nov/21/2008 20:26:47
654322,SEC.TREAS.GEITHNER,Timothy Geithner to be appointed next Secretary of the Treasury,2,96.9,Nov/21/2008 20:27:00
654322,SEC.TREAS.GEITHNER,Timothy Geithner to be appointed next Secretary of the Treasury,15,96.8,Nov/21/2008 20:28:23
654322,SEC.TREAS.GEITHNER,Timothy Geithner to be appointed next Secretary of the Treasury,5,96.9,Nov/21/2008 20:28:55
654322,SEC.TREAS.GEITHNER,Timothy Geithner to be appointed next Secretary of the Treasury,10,96.9,Nov/21/2008 20:29:10
654322,SEC.TREAS.GEITHNER,Timothy Geithner to be appointed next Secretary of the Treasury,10,96.9,Nov/21/2008 20:29:20
654322,SEC.TREAS.GEITHNER,Timothy Geithner to be appointed next Secretary of the Treasury,10,96.9,Nov/21/2008 20:29:39
654322,SEC.TREAS.GEITHNER,Timothy Geithner to be appointed next Secretary of the Treasury,9,96.9,Nov/21/2008 20:30:26
654322,SEC.TREAS.GEITHNER,Timothy Geithner to be appointed next Secretary of the Treasury,100,97.0,Nov/21/2008 20:32:25
654322,SEC.TREAS.GEITHNER,Timothy Geithner to be appointed next Secretary of the Treasury,1,97.0,Nov/21/2008 20:33:45
654322,SEC.TREAS.GEITHNER,Timothy Geithner to be appointed next Secretary of the Treasury,5,96.1,Nov/21/2008 20:36:21
654322,SEC.TREAS.GEITHNER,Timothy Geithner to be appointed next Secretary of the Treasury,5,96.0,Nov/21/2008 20:36:21
654322,SEC.TREAS.GEITHNER,Timothy Geithner to be appointed next Secretary of the Treasury,3,97.0,Nov/21/2008 20:43:44
654322,SEC.TREAS.GEITHNER,Timothy Geithner to be appointed next Secretary of the Treasury,5,97.0,Nov/21/2008 20:52:37
654322,SEC.TREAS.GEITHNER,Timothy Geithner to be appointed next Secretary of the Treasury,34,97.0,Nov/21/2008 21:10:43
654322,SEC.TREAS.GEITHNER,Timothy Geithner to be appointed next Secretary of the Treasury,16,97.0,Nov/21/2008 21:10:43
654322,SEC.TREAS.GEITHNER,Timothy Geithner to be appointed next Secretary of the Treasury,20,97.0,Nov/21/2008 21:20:58
654322,SEC.TREAS.GEITHNER,Timothy Geithner to be appointed next Secretary of the Treasury,1,96.0,Nov/21/2008 21:23:48
654322,SEC.TREAS.GEITHNER,Timothy Geithner to be appointed next Secretary of the Treasury,10,97.0,Nov/21/2008 21:33:19
654322,SEC.TREAS.GEITHNER,Timothy Geithner to be appointed next Secretary of the Treasury,3,97.0,Nov/21/2008 22:00:34
654322,SEC.TREAS.GEITHNER,Timothy Geithner to be appointed next Secretary of the Treasury,16,97.0,Nov/21/2008 22:11:14
654322,SEC.TREAS.GEITHNER,Timothy Geithner to be appointed next Secretary of the Treasury,5,97.0,Nov/21/2008 22:30:27
654322,SEC.TREAS.GEITHNER,Timothy Geithner to be appointed next Secretary of the Treasury,5,97.0,Nov/21/2008 22:39:16
654322,SEC.TREAS.GEITHNER,Timothy Geithner to be appointed next Secretary of the Treasury,11,97.0,Nov/21/2008 22:46:27
654322,SEC.TREAS.GEITHNER,Timothy Geithner to be appointed next Secretary of the Treasury,11,97.5,Nov/21/2008 23:49:21
654322,SEC.TREAS.GEITHNER,Timothy Geithner to be appointed next Secretary of the Treasury,3,97.5,Nov/22/2008 00:17:16
654322,SEC.TREAS.GEITHNER,Timothy Geithner to be appointed next Secretary of the Treasury,1,97.4,Nov/22/2008 00:45:20
654322,SEC.TREAS.GEITHNER,Timothy Geithner to be appointed next Secretary of the Treasury,9,97.2,Nov/22/2008 00:47:08
654322,SEC.TREAS.GEITHNER,Timothy Geithner to be appointed next Secretary of the Treasury,1,97.5,Nov/22/2008 00:55:53
654322,SEC.TREAS.GEITHNER,Timothy Geithner to be appointed next Secretary of the Treasury,18,97.2,Nov/22/2008 01:09:28
654322,SEC.TREAS.GEITHNER,Timothy Geithner to be appointed next Secretary of the Treasury,1,97.4,Nov/22/2008 04:27:26
654322,SEC.TREAS.GEITHNER,Timothy Geithner to be appointed next Secretary of the Treasury,117,97.5,Nov/22/2008 04:27:26
654322,SEC.TREAS.GEITHNER,Timothy Geithner to be appointed next Secretary of the Treasury,1,97.1,Nov/22/2008 17:56:52
654322,SEC.TREAS.GEITHNER,Timothy Geithner to be appointed next Secretary of the Treasury,9,97.4,Nov/22/2008 19:44:20
654322,SEC.TREAS.GEITHNER,Timothy Geithner to be appointed next Secretary of the Treasury,1,96.0,Nov/22/2008 21:49:36
654322,SEC.TREAS.GEITHNER,Timothy Geithner to be appointed next Secretary of the Treasury,19,97.1,Nov/22/2008 21:49:36
654322,SEC.TREAS.GEITHNER,Timothy Geithner to be appointed next Secretary of the Treasury,1,97.4,Nov/23/2008 00:23:02
654322,SEC.TREAS.GEITHNER,Timothy Geithner to be appointed next Secretary of the Treasury,3,97.4,Nov/23/2008 15:22:32
654322,SEC.TREAS.GEITHNER,Timothy Geithner to be appointed next Secretary of the Treasury,1,97.3,Nov/23/2008 16:37:10
654322,SEC.TREAS.GEITHNER,Timothy Geithner to be appointed next Secretary of the Treasury,2,97.4,Nov/23/2008 16:37:20
654322,SEC.TREAS.GEITHNER,Timothy Geithner to be appointed next Secretary of the Treasury,5,97.4,Nov/24/2008 03:04:39
654322,SEC.TREAS.GEITHNER,Timothy Geithner to be appointed next Secretary of the Treasury,1,97.4,Nov/24/2008 05:16:30
654322,SEC.TREAS.GEITHNER,Timothy Geithner to be appointed next Secretary of the Treasury,144,97.4,Nov/24/2008 12:24:05
654322,SEC.TREAS.GEITHNER,Timothy Geithner to be appointed next Secretary of the Treasury,53,97.8,Nov/24/2008 12:24:05
654322,SEC.TREAS.GEITHNER,Timothy Geithner to be appointed next Secretary of the Treasury,2,97.8,Nov/24/2008 12:24:05
654322,SEC.TREAS.GEITHNER,Timothy Geithner to be appointed next Secretary of the Treasury,200,97.5,Nov/24/2008 12:24:05
654322,SEC.TREAS.GEITHNER,Timothy Geithner to be appointed next Secretary of the Treasury,1,97.5,Nov/24/2008 12:24:05
654322,SEC.TREAS.GEITHNER,Timothy Geithner to be appointed next Secretary of the Treasury,39,97.8,Nov/24/2008 17:02:49
654322,SEC.TREAS.GEITHNER,Timothy Geithner to be appointed next Secretary of the Treasury,1,97.9,Nov/24/2008 17:34:04
654322,SEC.TREAS.GEITHNER,Timothy Geithner to be appointed next Secretary of the Treasury,8,97.8,Nov/24/2008 17:34:04
654322,SEC.TREAS.GEITHNER,Timothy Geithner to be appointed next Secretary of the Treasury,51,98.0,Nov/24/2008 17:34:04
654322,SEC.TREAS.GEITHNER,Timothy Geithner to be appointed next Secretary of the Treasury,1,98.0,Nov/24/2008 17:34:25
654322,SEC.TREAS.GEITHNER,Timothy Geithner to be appointed next Secretary of the Treasury,10,98.0,Nov/24/2008 17:47:32
654322,SEC.TREAS.GEITHNER,Timothy Geithner to be appointed next Secretary of the Treasury,120,98.0,Nov/24/2008 18:17:31
654322,SEC.TREAS.GEITHNER,Timothy Geithner to be appointed next Secretary of the Treasury,4,98.0,Nov/24/2008 19:44:57
654322,SEC.TREAS.GEITHNER,Timothy Geithner to be appointed next Secretary of the Treasury,29,97.1,Nov/24/2008 20:38:10
654322,SEC.TREAS.GEITHNER,Timothy Geithner to be appointed next Secretary of the Treasury,1,98.0,Nov/24/2008 21:09:02
654322,SEC.TREAS.GEITHNER,Timothy Geithner to be appointed next Secretary of the Treasury,115,98.0,Nov/24/2008 22:11:24
654322,SEC.TREAS.GEITHNER,Timothy Geithner to be appointed next Secretary of the Treasury,10,97.3,Nov/25/2008 06:57:21
654322,SEC.TREAS.GEITHNER,Timothy Geithner to be appointed next Secretary of the Treasury,5,97.2,Nov/25/2008 06:57:46
654322,SEC.TREAS.GEITHNER,Timothy Geithner to be appointed next Secretary of the Treasury,15,97.1,Nov/25/2008 06:58:09
654322,SEC.TREAS.GEITHNER,Timothy Geithner to be appointed next Secretary of the Treasury,76,97.1,Nov/25/2008 20:53:38
654322,SEC.TREAS.GEITHNER,Timothy Geithner to be appointed next Secretary of the Treasury,20,97.0,Nov/25/2008 20:57:08
654322,SEC.TREAS.GEITHNER,Timothy Geithner to be appointed next Secretary of the Treasury,2,97.0,Nov/25/2008 22:06:01
654322,SEC.TREAS.GEITHNER,Timothy Geithner to be appointed next Secretary of the Treasury,9,97.0,Nov/26/2008 02:06:23
654322,SEC.TREAS.GEITHNER,Timothy Geithner to be appointed next Secretary of the Treasury,1,97.0,Nov/26/2008 02:14:20
654322,SEC.TREAS.GEITHNER,Timothy Geithner to be appointed next Secretary of the Treasury,5,97.0,Nov/26/2008 04:06:41
654322,SEC.TREAS.GEITHNER,Timothy Geithner to be appointed next Secretary of the Treasury,7,97.9,Dec/01/2008 03:21:09
654322,SEC.TREAS.GEITHNER,Timothy Geithner to be appointed next Secretary of the Treasury,1,97.5,Dec/01/2008 20:29:06
654322,SEC.TREAS.GEITHNER,Timothy Geithner to be appointed next Secretary of the Treasury,2,97.5,Dec/01/2008 20:29:06
654322,SEC.TREAS.GEITHNER,Timothy Geithner to be appointed next Secretary of the Treasury,16,97.9,Dec/02/2008 21:08:26
654322,SEC.TREAS.GEITHNER,Timothy Geithner to be appointed next Secretary of the Treasury,1,97.2,Dec/03/2008 09:02:00
654322,SEC.TREAS.GEITHNER,Timothy Geithner to be appointed next Secretary of the Treasury,22,97.2,Dec/03/2008 09:02:00
654322,SEC.TREAS.GEITHNER,Timothy Geithner to be appointed next Secretary of the Treasury,9,97.2,Dec/03/2008 22:29:06
654322,SEC.TREAS.GEITHNER,Timothy Geithner to be appointed next Secretary of the Treasury,1,97.2,Dec/05/2008 09:51:44
654322,SEC.TREAS.GEITHNER,Timothy Geithner to be appointed next Secretary of the Treasury,9,96.5,Dec/05/2008 20:39:49
654322,SEC.TREAS.GEITHNER,Timothy Geithner to be appointed next Secretary of the Treasury,1,98.5,Dec/05/2008 20:42:42
654322,SEC.TREAS.GEITHNER,Timothy Geithner to be appointed next Secretary of the Treasury,3,98.3,Dec/07/2008 08:00:14
654322,SEC.TREAS.GEITHNER,Timothy Geithner to be appointed next Secretary of the Treasury,6,98.3,Dec/07/2008 12:43:21
654322,SEC.TREAS.GEITHNER,Timothy Geithner to be appointed next Secretary of the Treasury,8,98.3,Dec/07/2008 16:10:12
654322,SEC.TREAS.GEITHNER,Timothy Geithner to be appointed next Secretary of the Treasury,3,98.3,Dec/08/2008 22:42:01
654322,SEC.TREAS.GEITHNER,Timothy Geithner to be appointed next Secretary of the Treasury,2,98.3,Dec/08/2008 22:42:01
654322,SEC.TREAS.GEITHNER,Timothy Geithner to be appointed next Secretary of the Treasury,5,98.3,Dec/09/2008 01:00:22
654322,SEC.TREAS.GEITHNER,Timothy Geithner to be appointed next Secretary of the Treasury,50,95.0,Dec/09/2008 01:00:22
654322,SEC.TREAS.GEITHNER,Timothy Geithner to be appointed next Secretary of the Treasury,23,95.0,Dec/09/2008 01:00:22
654322,SEC.TREAS.GEITHNER,Timothy Geithner to be appointed next Secretary of the Treasury,50,95.0,Dec/09/2008 01:00:22
654322,SEC.TREAS.GEITHNER,Timothy Geithner to be appointed next Secretary of the Treasury,3,97.5,Dec/09/2008 01:00:22
654322,SEC.TREAS.GEITHNER,Timothy Geithner to be appointed next Secretary of the Treasury,1,98.4,Dec/09/2008 02:13:37
654322,SEC.TREAS.GEITHNER,Timothy Geithner to be appointed next Secretary of the Treasury,6,95.0,Dec/12/2008 17:34:33
654322,SEC.TREAS.GEITHNER,Timothy Geithner to be appointed next Secretary of the Treasury,4,95.0,Dec/12/2008 17:44:30
654322,SEC.TREAS.GEITHNER,Timothy Geithner to be appointed next Secretary of the Treasury,8,95.1,Dec/16/2008 18:05:54
654322,SEC.TREAS.GEITHNER,Timothy Geithner to be appointed next Secretary of the Treasury,2,96.0,Dec/17/2008 17:34:38
654322,SEC.TREAS.GEITHNER,Timothy Geithner to be appointed next Secretary of the Treasury,1,95.2,Dec/17/2008 17:37:03
654322,SEC.TREAS.GEITHNER,Timothy Geithner to be appointed next Secretary of the Treasury,3,95.1,Dec/17/2008 17:37:03
654322,SEC.TREAS.GEITHNER,Timothy Geithner to be appointed next Secretary of the Treasury,3,97.0,Dec/18/2008 11:18:40
654322,SEC.TREAS.GEITHNER,Timothy Geithner to be appointed next Secretary of the Treasury,11,96.5,Dec/24/2008 09:07:39
654322,SEC.TREAS.GEITHNER,Timothy Geithner to be appointed next Secretary of the Treasury,7,97.0,Dec/30/2008 23:06:00
654322,SEC.TREAS.GEITHNER,Timothy Geithner to be appointed next Secretary of the Treasury,20,97.0,Jan/01/2009 07:55:26
654322,SEC.TREAS.GEITHNER,Timothy Geithner to be appointed next Secretary of the Treasury,1,97.1,Jan/06/2009 17:11:10
654322,SEC.TREAS.GEITHNER,Timothy Geithner to be appointed next Secretary of the Treasury,25,97.1,Jan/06/2009 17:11:10
654322,SEC.TREAS.GEITHNER,Timothy Geithner to be appointed next Secretary of the Treasury,10,97.0,Jan/06/2009 17:11:10
654322,SEC.TREAS.GEITHNER,Timothy Geithner to be appointed next Secretary of the Treasury,7,97.5,Jan/06/2009 17:11:10
654322,SEC.TREAS.GEITHNER,Timothy Geithner to be appointed next Secretary of the Treasury,1,97.0,Jan/06/2009 17:11:10
654322,SEC.TREAS.GEITHNER,Timothy Geithner to be appointed next Secretary of the Treasury,50,95.1,Jan/06/2009 17:11:10
654322,SEC.TREAS.GEITHNER,Timothy Geithner to be appointed next Secretary of the Treasury,2,95.0,Jan/06/2009 17:11:10
654322,SEC.TREAS.GEITHNER,Timothy Geithner to be appointed next Secretary of the Treasury,1,95.1,Jan/06/2009 17:11:10
654322,SEC.TREAS.GEITHNER,Timothy Geithner to be appointed next Secretary of the Treasury,25,95.1,Jan/07/2009 00:01:26
654322,SEC.TREAS.GEITHNER,Timothy Geithner to be appointed next Secretary of the Treasury,20,95.1,Jan/07/2009 00:01:26
654322,SEC.TREAS.GEITHNER,Timothy Geithner to be appointed next Secretary of the Treasury,15,95.0,Jan/07/2009 00:01:26
654322,SEC.TREAS.GEITHNER,Timothy Geithner to be appointed next Secretary of the Treasury,2,98.0,Jan/10/2009 10:22:53
654322,SEC.TREAS.GEITHNER,Timothy Geithner to be appointed next Secretary of the Treasury,1,95.0,Jan/13/2009 19:26:52
654322,SEC.TREAS.GEITHNER,Timothy Geithner to be appointed next Secretary of the Treasury,1,96.5,Jan/13/2009 19:26:52
654322,SEC.TREAS.GEITHNER,Timothy Geithner to be appointed next Secretary of the Treasury,8,95.0,Jan/13/2009 19:26:52
654322,SEC.TREAS.GEITHNER,Timothy Geithner to be appointed next Secretary of the Treasury,5,95.0,Jan/13/2009 19:27:44
654322,SEC.TREAS.GEITHNER,Timothy Geithner to be appointed next Secretary of the Treasury,1,95.0,Jan/13/2009 19:31:04
654322,SEC.TREAS.GEITHNER,Timothy Geithner to be appointed next Secretary of the Treasury,6,95.0,Jan/13/2009 19:31:42
654322,SEC.TREAS.GEITHNER,Timothy Geithner to be appointed next Secretary of the Treasury,14,94.1,Jan/13/2009 19:31:55
654322,SEC.TREAS.GEITHNER,Timothy Geithner to be appointed next Secretary of the Treasury,1,94.1,Jan/13/2009 19:32:05
654322,SEC.TREAS.GEITHNER,Timothy Geithner to be appointed next Secretary of the Treasury,28,94.0,Jan/13/2009 19:32:05
654322,SEC.TREAS.GEITHNER,Timothy Geithner to be appointed next Secretary of the Treasury,20,93.1,Jan/13/2009 19:32:14
654322,SEC.TREAS.GEITHNER,Timothy Geithner to be appointed next Secretary of the Treasury,50,93.1,Jan/13/2009 19:32:29
654322,SEC.TREAS.GEITHNER,Timothy Geithner to be appointed next Secretary of the Treasury,10,93.0,Jan/13/2009 19:32:51
654322,SEC.TREAS.GEITHNER,Timothy Geithner to be appointed next Secretary of the Treasury,40,93.0,Jan/13/2009 19:32:59
654322,SEC.TREAS.GEITHNER,Timothy Geithner to be appointed next Secretary of the Treasury,50,92.0,Jan/13/2009 19:33:36
654322,SEC.TREAS.GEITHNER,Timothy Geithner to be appointed next Secretary of the Treasury,5,92.0,Jan/13/2009 19:40:18
654322,SEC.TREAS.GEITHNER,Timothy Geithner to be appointed next Secretary of the Treasury,5,93.0,Jan/13/2009 20:00:33
654322,SEC.TREAS.GEITHNER,Timothy Geithner to be appointed next Secretary of the Treasury,24,92.0,Jan/13/2009 20:00:33
654322,SEC.TREAS.GEITHNER,Timothy Geithner to be appointed next Secretary of the Treasury,40,92.0,Jan/13/2009 20:00:33
654322,SEC.TREAS.GEITHNER,Timothy Geithner to be appointed next Secretary of the Treasury,6,92.0,Jan/13/2009 20:01:12
654322,SEC.TREAS.GEITHNER,Timothy Geithner to be appointed next Secretary of the Treasury,20,92.0,Jan/13/2009 20:07:11
654322,SEC.TREAS.GEITHNER,Timothy Geithner to be appointed next Secretary of the Treasury,20,92.0,Jan/13/2009 20:07:11
654322,SEC.TREAS.GEITHNER,Timothy Geithner to be appointed next Secretary of the Treasury,30,93.5,Jan/13/2009 20:14:01
654322,SEC.TREAS.GEITHNER,Timothy Geithner to be appointed next Secretary of the Treasury,40,93.5,Jan/13/2009 20:17:10
654322,SEC.TREAS.GEITHNER,Timothy Geithner to be appointed next Secretary of the Treasury,14,94.5,Jan/13/2009 20:19:23
654322,SEC.TREAS.GEITHNER,Timothy Geithner to be appointed next Secretary of the Treasury,1,91.0,Jan/13/2009 20:42:03
654322,SEC.TREAS.GEITHNER,Timothy Geithner to be appointed next Secretary of the Treasury,1,91.0,Jan/13/2009 20:42:43
654322,SEC.TREAS.GEITHNER,Timothy Geithner to be appointed next Secretary of the Treasury,3,92.6,Jan/13/2009 21:55:39
654322,SEC.TREAS.GEITHNER,Timothy Geithner to be appointed next Secretary of the Treasury,3,90.1,Jan/13/2009 22:01:08
654322,SEC.TREAS.GEITHNER,Timothy Geithner to be appointed next Secretary of the Treasury,2,90.1,Jan/13/2009 22:02:44
654322,SEC.TREAS.GEITHNER,Timothy Geithner to be appointed next Secretary of the Treasury,10,90.1,Jan/13/2009 22:02:44
654322,SEC.TREAS.GEITHNER,Timothy Geithner to be appointed next Secretary of the Treasury,2,90.0,Jan/13/2009 22:02:51
654322,SEC.TREAS.GEITHNER,Timothy Geithner to be appointed next Secretary of the Treasury,26,90.0,Jan/13/2009 22:21:05
654322,SEC.TREAS.GEITHNER,Timothy Geithner to be appointed next Secretary of the Treasury,2,89.9,Jan/13/2009 22:21:05
654322,SEC.TREAS.GEITHNER,Timothy Geithner to be appointed next Secretary of the Treasury,2,89.9,Jan/13/2009 22:39:55
654322,SEC.TREAS.GEITHNER,Timothy Geithner to be appointed next Secretary of the Treasury,80,90.0,Jan/13/2009 22:39:55
654322,SEC.TREAS.GEITHNER,Timothy Geithner to be appointed next Secretary of the Treasury,7,81.0,Jan/13/2009 22:51:21
654322,SEC.TREAS.GEITHNER,Timothy Geithner to be appointed next Secretary of the Treasury,1,81.0,Jan/13/2009 22:51:21
654322,SEC.TREAS.GEITHNER,Timothy Geithner to be appointed next Secretary of the Treasury,10,83.0,Jan/13/2009 23:37:54
654322,SEC.TREAS.GEITHNER,Timothy Geithner to be appointed next Secretary of the Treasury,10,80.0,Jan/13/2009 23:38:23
654322,SEC.TREAS.GEITHNER,Timothy Geithner to be appointed next Secretary of the Treasury,2,88.9,Jan/14/2009 00:36:01
654322,SEC.TREAS.GEITHNER,Timothy Geithner to be appointed next Secretary of the Treasury,3,89.9,Jan/14/2009 00:38:00
654322,SEC.TREAS.GEITHNER,Timothy Geithner to be appointed next Secretary of the Treasury,100,90.0,Jan/14/2009 00:39:09
654322,SEC.TREAS.GEITHNER,Timothy Geithner to be appointed next Secretary of the Treasury,195,90.0,Jan/14/2009 00:39:09
654322,SEC.TREAS.GEITHNER,Timothy Geithner to be appointed next Secretary of the Treasury,10,85.1,Jan/14/2009 00:41:03
654322,SEC.TREAS.GEITHNER,Timothy Geithner to be appointed next Secretary of the Treasury,10,89.9,Jan/14/2009 01:04:25
654322,SEC.TREAS.GEITHNER,Timothy Geithner to be appointed next Secretary of the Treasury,1,89.9,Jan/14/2009 01:04:25
654322,SEC.TREAS.GEITHNER,Timothy Geithner to be appointed next Secretary of the Treasury,99,90.0,Jan/14/2009 01:04:25
654322,SEC.TREAS.GEITHNER,Timothy Geithner to be appointed next Secretary of the Treasury,24,90.0,Jan/14/2009 01:15:12
654322,SEC.TREAS.GEITHNER,Timothy Geithner to be appointed next Secretary of the Treasury,27,90.0,Jan/14/2009 01:17:44
654322,SEC.TREAS.GEITHNER,Timothy Geithner to be appointed next Secretary of the Treasury,5,90.7,Jan/14/2009 13:54:19
654322,SEC.TREAS.GEITHNER,Timothy Geithner to be appointed next Secretary of the Treasury,5,90.1,Jan/14/2009 13:54:19
654322,SEC.TREAS.GEITHNER,Timothy Geithner to be appointed next Secretary of the Treasury,5,90.1,Jan/14/2009 14:02:14
654322,SEC.TREAS.GEITHNER,Timothy Geithner to be appointed next Secretary of the Treasury,1,88.1,Jan/14/2009 14:02:14
654322,SEC.TREAS.GEITHNER,Timothy Geithner to be appointed next Secretary of the Treasury,7,88.1,Jan/14/2009 14:02:14
654322,SEC.TREAS.GEITHNER,Timothy Geithner to be appointed next Secretary of the Treasury,10,88.0,Jan/14/2009 14:02:14
654322,SEC.TREAS.GEITHNER,Timothy Geithner to be appointed next Secretary of the Treasury,40,86.0,Jan/14/2009 14:02:14
654322,SEC.TREAS.GEITHNER,Timothy Geithner to be appointed next Secretary of the Treasury,10,81.0,Jan/14/2009 14:05:30
654322,SEC.TREAS.GEITHNER,Timothy Geithner to be appointed next Secretary of the Treasury,12,80.0,Jan/14/2009 14:05:30
654322,SEC.TREAS.GEITHNER,Timothy Geithner to be appointed next Secretary of the Treasury,2,89.9,Jan/14/2009 15:10:33
654322,SEC.TREAS.GEITHNER,Timothy Geithner to be appointed next Secretary of the Treasury,1,90.9,Jan/14/2009 15:10:53
654322,SEC.TREAS.GEITHNER,Timothy Geithner to be appointed next Secretary of the Treasury,1,91.3,Jan/14/2009 15:11:07
654322,SEC.TREAS.GEITHNER,Timothy Geithner to be appointed next Secretary of the Treasury,1,91.4,Jan/14/2009 15:11:25
654322,SEC.TREAS.GEITHNER,Timothy Geithner to be appointed next Secretary of the Treasury,50,90.0,Jan/14/2009 16:00:53
654322,SEC.TREAS.GEITHNER,Timothy Geithner to be appointed next Secretary of the Treasury,50,93.0,Jan/14/2009 16:05:51
654322,SEC.TREAS.GEITHNER,Timothy Geithner to be appointed next Secretary of the Treasury,155,92.0,Jan/14/2009 16:05:51
654322,SEC.TREAS.GEITHNER,Timothy Geithner to be appointed next Secretary of the Treasury,1,92.9,Jan/14/2009 17:37:18
654322,SEC.TREAS.GEITHNER,Timothy Geithner to be appointed next Secretary of the Treasury,5,93.0,Jan/14/2009 17:37:34
654322,SEC.TREAS.GEITHNER,Timothy Geithner to be appointed next Secretary of the Treasury,2,94.4,Jan/14/2009 17:38:03
654322,SEC.TREAS.GEITHNER,Timothy Geithner to be appointed next Secretary of the Treasury,3,91.9,Jan/14/2009 19:00:45
654322,SEC.TREAS.GEITHNER,Timothy Geithner to be appointed next Secretary of the Treasury,30,92.0,Jan/14/2009 19:00:45
654322,SEC.TREAS.GEITHNER,Timothy Geithner to be appointed next Secretary of the Treasury,2,94.2,Jan/14/2009 21:45:31
654322,SEC.TREAS.GEITHNER,Timothy Geithner to be appointed next Secretary of the Treasury,10,94.3,Jan/14/2009 21:45:50
654322,SEC.TREAS.GEITHNER,Timothy Geithner to be appointed next Secretary of the Treasury,5,94.4,Jan/14/2009 21:57:27
654322,SEC.TREAS.GEITHNER,Timothy Geithner to be appointed next Secretary of the Treasury,1,93.0,Jan/14/2009 22:08:29
654322,SEC.TREAS.GEITHNER,Timothy Geithner to be appointed next Secretary of the Treasury,2,92.5,Jan/14/2009 22:08:40
654322,SEC.TREAS.GEITHNER,Timothy Geithner to be appointed next Secretary of the Treasury,3,92.0,Jan/14/2009 22:08:40
654322,SEC.TREAS.GEITHNER,Timothy Geithner to be appointed next Secretary of the Treasury,10,94.0,Jan/14/2009 22:23:40
654322,SEC.TREAS.GEITHNER,Timothy Geithner to be appointed next Secretary of the Treasury,15,94.2,Jan/14/2009 22:23:50
654322,SEC.TREAS.GEITHNER,Timothy Geithner to be appointed next Secretary of the Treasury,25,94.5,Jan/14/2009 22:24:07
654322,SEC.TREAS.GEITHNER,Timothy Geithner to be appointed next Secretary of the Treasury,4,94.5,Jan/14/2009 22:24:23
654322,SEC.TREAS.GEITHNER,Timothy Geithner to be appointed next Secretary of the Treasury,1,91.1,Jan/14/2009 23:45:11
654322,SEC.TREAS.GEITHNER,Timothy Geithner to be appointed next Secretary of the Treasury,1,93.0,Jan/15/2009 00:01:17
654322,SEC.TREAS.GEITHNER,Timothy Geithner to be appointed next Secretary of the Treasury,1,93.0,Jan/15/2009 00:08:52
654322,SEC.TREAS.GEITHNER,Timothy Geithner to be appointed next Secretary of the Treasury,1,91.1,Jan/15/2009 00:08:52
654322,SEC.TREAS.GEITHNER,Timothy Geithner to be appointed next Secretary of the Treasury,20,91.0,Jan/15/2009 00:08:52
654322,SEC.TREAS.GEITHNER,Timothy Geithner to be appointed next Secretary of the Treasury,5,94.0,Jan/15/2009 00:19:04
654322,SEC.TREAS.GEITHNER,Timothy Geithner to be appointed next Secretary of the Treasury,4,94.4,Jan/15/2009 00:19:04
654322,SEC.TREAS.GEITHNER,Timothy Geithner to be appointed next Secretary of the Treasury,6,94.5,Jan/15/2009 00:19:04
654322,SEC.TREAS.GEITHNER,Timothy Geithner to be appointed next Secretary of the Treasury,10,92.5,Jan/15/2009 02:28:27
654322,SEC.TREAS.GEITHNER,Timothy Geithner to be appointed next Secretary of the Treasury,6,91.0,Jan/15/2009 02:51:59
654322,SEC.TREAS.GEITHNER,Timothy Geithner to be appointed next Secretary of the Treasury,5,91.0,Jan/15/2009 03:02:22
654322,SEC.TREAS.GEITHNER,Timothy Geithner to be appointed next Secretary of the Treasury,5,91.1,Jan/15/2009 03:02:22
654322,SEC.TREAS.GEITHNER,Timothy Geithner to be appointed next Secretary of the Treasury,12,90.1,Jan/15/2009 03:17:58
654322,SEC.TREAS.GEITHNER,Timothy Geithner to be appointed next Secretary of the Treasury,9,91.0,Jan/15/2009 03:17:58
654322,SEC.TREAS.GEITHNER,Timothy Geithner to be appointed next Secretary of the Treasury,1,90.1,Jan/15/2009 03:55:25
654322,SEC.TREAS.GEITHNER,Timothy Geithner to be appointed next Secretary of the Treasury,1,92.4,Jan/15/2009 04:40:40
654322,SEC.TREAS.GEITHNER,Timothy Geithner to be appointed next Secretary of the Treasury,2,92.9,Jan/15/2009 04:40:40
654322,SEC.TREAS.GEITHNER,Timothy Geithner to be appointed next Secretary of the Treasury,10,93.0,Jan/15/2009 04:40:40
654322,SEC.TREAS.GEITHNER,Timothy Geithner to be appointed next Secretary of the Treasury,8,94.0,Jan/15/2009 04:41:59
654322,SEC.TREAS.GEITHNER,Timothy Geithner to be appointed next Secretary of the Treasury,4,93.9,Jan/15/2009 04:41:59
654322,SEC.TREAS.GEITHNER,Timothy Geithner to be appointed next Secretary of the Treasury,2,93.4,Jan/15/2009 05:07:11
654322,SEC.TREAS.GEITHNER,Timothy Geithner to be appointed next Secretary of the Treasury,3,93.9,Jan/15/2009 05:07:53
654322,SEC.TREAS.GEITHNER,Timothy Geithner to be appointed next Secretary of the Treasury,1,92.5,Jan/15/2009 08:18:04
654322,SEC.TREAS.GEITHNER,Timothy Geithner to be appointed next Secretary of the Treasury,1,93.4,Jan/15/2009 12:55:42
654322,SEC.TREAS.GEITHNER,Timothy Geithner to be appointed next Secretary of the Treasury,1,93.4,Jan/15/2009 12:55:42
654322,SEC.TREAS.GEITHNER,Timothy Geithner to be appointed next Secretary of the Treasury,2,93.9,Jan/15/2009 14:22:23
654322,SEC.TREAS.GEITHNER,Timothy Geithner to be appointed next Secretary of the Treasury,2,93.9,Jan/15/2009 14:22:23
654322,SEC.TREAS.GEITHNER,Timothy Geithner to be appointed next Secretary of the Treasury,36,94.0,Jan/15/2009 14:22:23
654322,SEC.TREAS.GEITHNER,Timothy Geithner to be appointed next Secretary of the Treasury,2,93.9,Jan/15/2009 15:30:30
654322,SEC.TREAS.GEITHNER,Timothy Geithner to be appointed next Secretary of the Treasury,23,94.0,Jan/15/2009 15:30:30
654322,SEC.TREAS.GEITHNER,Timothy Geithner to be appointed next Secretary of the Treasury,10,93.6,Jan/15/2009 16:07:06
654322,SEC.TREAS.GEITHNER,Timothy Geithner to be appointed next Secretary of the Treasury,3,93.4,Jan/15/2009 16:07:06
654322,SEC.TREAS.GEITHNER,Timothy Geithner to be appointed next Secretary of the Treasury,20,93.0,Jan/15/2009 16:54:34
654322,SEC.TREAS.GEITHNER,Timothy Geithner to be appointed next Secretary of the Treasury,5,93.0,Jan/15/2009 17:03:47
654322,SEC.TREAS.GEITHNER,Timothy Geithner to be appointed next Secretary of the Treasury,12,93.0,Jan/15/2009 17:17:46
654322,SEC.TREAS.GEITHNER,Timothy Geithner to be appointed next Secretary of the Treasury,2,93.9,Jan/15/2009 17:17:46
654322,SEC.TREAS.GEITHNER,Timothy Geithner to be appointed next Secretary of the Treasury,2,94.0,Jan/15/2009 17:30:55
654322,SEC.TREAS.GEITHNER,Timothy Geithner to be appointed next Secretary of the Treasury,6,93.9,Jan/15/2009 17:55:57
654322,SEC.TREAS.GEITHNER,Timothy Geithner to be appointed next Secretary of the Treasury,1,92.9,Jan/15/2009 17:59:24
654322,SEC.TREAS.GEITHNER,Timothy Geithner to be appointed next Secretary of the Treasury,5,92.9,Jan/15/2009 17:59:53
654322,SEC.TREAS.GEITHNER,Timothy Geithner to be appointed next Secretary of the Treasury,1,93.5,Jan/15/2009 19:40:48
654322,SEC.TREAS.GEITHNER,Timothy Geithner to be appointed next Secretary of the Treasury,4,93.5,Jan/15/2009 19:45:06
654322,SEC.TREAS.GEITHNER,Timothy Geithner to be appointed next Secretary of the Treasury,7,94.0,Jan/15/2009 19:46:24
654322,SEC.TREAS.GEITHNER,Timothy Geithner to be appointed next Secretary of the Treasury,136,94.0,Jan/15/2009 20:04:39
654322,SEC.TREAS.GEITHNER,Timothy Geithner to be appointed next Secretary of the Treasury,30,93.4,Jan/15/2009 21:31:46
654322,SEC.TREAS.GEITHNER,Timothy Geithner to be appointed next Secretary of the Treasury,10,93.3,Jan/15/2009 21:32:02
654322,SEC.TREAS.GEITHNER,Timothy Geithner to be appointed next Secretary of the Treasury,2,93.2,Jan/15/2009 21:32:33
654322,SEC.TREAS.GEITHNER,Timothy Geithner to be appointed next Secretary of the Treasury,25,93.2,Jan/15/2009 22:36:49
654322,SEC.TREAS.GEITHNER,Timothy Geithner to be appointed next Secretary of the Treasury,40,93.0,Jan/15/2009 22:36:49
654322,SEC.TREAS.GEITHNER,Timothy Geithner to be appointed next Secretary of the Treasury,35,94.5,Jan/15/2009 22:41:03
654322,SEC.TREAS.GEITHNER,Timothy Geithner to be appointed next Secretary of the Treasury,1,92.9,Jan/15/2009 22:43:19
654322,SEC.TREAS.GEITHNER,Timothy Geithner to be appointed next Secretary of the Treasury,3,94.6,Jan/15/2009 22:51:25
654322,SEC.TREAS.GEITHNER,Timothy Geithner to be appointed next Secretary of the Treasury,1,94.7,Jan/15/2009 22:51:25
654322,SEC.TREAS.GEITHNER,Timothy Geithner to be appointed next Secretary of the Treasury,3,94.6,Jan/15/2009 23:26:01
654322,SEC.TREAS.GEITHNER,Timothy Geithner to be appointed next Secretary of the Treasury,7,94.7,Jan/15/2009 23:28:16
654322,SEC.TREAS.GEITHNER,Timothy Geithner to be appointed next Secretary of the Treasury,3,94.8,Jan/16/2009 00:14:01
654322,SEC.TREAS.GEITHNER,Timothy Geithner to be appointed next Secretary of the Treasury,2,94.7,Jan/16/2009 00:14:01
654322,SEC.TREAS.GEITHNER,Timothy Geithner to be appointed next Secretary of the Treasury,4,93.2,Jan/16/2009 00:23:23
654322,SEC.TREAS.GEITHNER,Timothy Geithner to be appointed next Secretary of the Treasury,6,93.1,Jan/16/2009 00:23:23
654322,SEC.TREAS.GEITHNER,Timothy Geithner to be appointed next Secretary of the Treasury,1,93.0,Jan/16/2009 04:12:08
654322,SEC.TREAS.GEITHNER,Timothy Geithner to be appointed next Secretary of the Treasury,4,93.0,Jan/16/2009 05:28:49
654322,SEC.TREAS.GEITHNER,Timothy Geithner to be appointed next Secretary of the Treasury,2,93.5,Jan/16/2009 10:26:16
654322,SEC.TREAS.GEITHNER,Timothy Geithner to be appointed next Secretary of the Treasury,10,93.0,Jan/16/2009 14:24:27
654322,SEC.TREAS.GEITHNER,Timothy Geithner to be appointed next Secretary of the Treasury,1,92.9,Jan/16/2009 17:16:18
654322,SEC.TREAS.GEITHNER,Timothy Geithner to be appointed next Secretary of the Treasury,2,92.9,Jan/16/2009 19:25:03
654322,SEC.TREAS.GEITHNER,Timothy Geithner to be appointed next Secretary of the Treasury,10,92.9,Jan/16/2009 20:04:32
654322,SEC.TREAS.GEITHNER,Timothy Geithner to be appointed next Secretary of the Treasury,10,92.9,Jan/16/2009 20:04:55
654322,SEC.TREAS.GEITHNER,Timothy Geithner to be appointed next Secretary of the Treasury,20,92.9,Jan/16/2009 20:04:55
654322,SEC.TREAS.GEITHNER,Timothy Geithner to be appointed next Secretary of the Treasury,50,92.0,Jan/16/2009 20:07:03
654322,SEC.TREAS.GEITHNER,Timothy Geithner to be appointed next Secretary of the Treasury,2,92.9,Jan/16/2009 22:09:39
654322,SEC.TREAS.GEITHNER,Timothy Geithner to be appointed next Secretary of the Treasury,90,93.0,Jan/16/2009 22:09:39
654322,SEC.TREAS.GEITHNER,Timothy Geithner to be appointed next Secretary of the Treasury,1,93.3,Jan/17/2009 02:13:47
654322,SEC.TREAS.GEITHNER,Timothy Geithner to be appointed next Secretary of the Treasury,2,92.9,Jan/17/2009 02:13:47
654322,SEC.TREAS.GEITHNER,Timothy Geithner to be appointed next Secretary of the Treasury,7,92.3,Jan/17/2009 02:13:47
654322,SEC.TREAS.GEITHNER,Timothy Geithner to be appointed next Secretary of the Treasury,3,93.4,Jan/17/2009 02:28:35
654322,SEC.TREAS.GEITHNER,Timothy Geithner to be appointed next Secretary of the Treasury,2,93.5,Jan/17/2009 02:28:35
654322,SEC.TREAS.GEITHNER,Timothy Geithner to be appointed next Secretary of the Treasury,6,93.5,Jan/17/2009 17:52:46
654322,SEC.TREAS.GEITHNER,Timothy Geithner to be appointed next Secretary of the Treasury,20,94.0,Jan/18/2009 01:07:25
654322,SEC.TREAS.GEITHNER,Timothy Geithner to be appointed next Secretary of the Treasury,38,93.8,Jan/18/2009 14:07:39
654322,SEC.TREAS.GEITHNER,Timothy Geithner to be appointed next Secretary of the Treasury,1,93.8,Jan/18/2009 22:44:08
654322,SEC.TREAS.GEITHNER,Timothy Geithner to be appointed next Secretary of the Treasury,1,93.9,Jan/19/2009 00:25:39
654322,SEC.TREAS.GEITHNER,Timothy Geithner to be appointed next Secretary of the Treasury,20,93.8,Jan/19/2009 03:13:30
654322,SEC.TREAS.GEITHNER,Timothy Geithner to be appointed next Secretary of the Treasury,2,93.9,Jan/19/2009 06:06:49
654322,SEC.TREAS.GEITHNER,Timothy Geithner to be appointed next Secretary of the Treasury,1,93.9,Jan/19/2009 06:06:49
654322,SEC.TREAS.GEITHNER,Timothy Geithner to be appointed next Secretary of the Treasury,9,93.9,Jan/19/2009 06:06:49
654322,SEC.TREAS.GEITHNER,Timothy Geithner to be appointed next Secretary of the Treasury,1,93.9,Jan/19/2009 06:06:49
654322,SEC.TREAS.GEITHNER,Timothy Geithner to be appointed next Secretary of the Treasury,41,93.8,Jan/19/2009 06:37:05
654322,SEC.TREAS.GEITHNER,Timothy Geithner to be appointed next Secretary of the Treasury,7,93.9,Jan/19/2009 06:37:05
654322,SEC.TREAS.GEITHNER,Timothy Geithner to be appointed next Secretary of the Treasury,5,93.8,Jan/19/2009 20:11:47
654322,SEC.TREAS.GEITHNER,Timothy Geithner to be appointed next Secretary of the Treasury,2,93.9,Jan/19/2009 20:29:31
654322,SEC.TREAS.GEITHNER,Timothy Geithner to be appointed next Secretary of the Treasury,3,93.9,Jan/19/2009 20:29:31
654322,SEC.TREAS.GEITHNER,Timothy Geithner to be appointed next Secretary of the Treasury,5,93.7,Jan/19/2009 20:44:09
654322,SEC.TREAS.GEITHNER,Timothy Geithner to be appointed next Secretary of the Treasury,5,93.5,Jan/19/2009 20:44:14
654322,SEC.TREAS.GEITHNER,Timothy Geithner to be appointed next Secretary of the Treasury,15,93.4,Jan/19/2009 20:44:19
654322,SEC.TREAS.GEITHNER,Timothy Geithner to be appointed next Secretary of the Treasury,9,94.0,Jan/20/2009 02:57:29
654322,SEC.TREAS.GEITHNER,Timothy Geithner to be appointed next Secretary of the Treasury,1,93.0,Jan/20/2009 02:57:29
654322,SEC.TREAS.GEITHNER,Timothy Geithner to be appointed next Secretary of the Treasury,5,94.0,Jan/20/2009 15:10:21
654322,SEC.TREAS.GEITHNER,Timothy Geithner to be appointed next Secretary of the Treasury,30,93.9,Jan/20/2009 17:02:58
654322,SEC.TREAS.GEITHNER,Timothy Geithner to be appointed next Secretary of the Treasury,200,93.9,Jan/20/2009 18:46:17
654322,SEC.TREAS.GEITHNER,Timothy Geithner to be appointed next Secretary of the Treasury,60,94.0,Jan/20/2009 20:14:03
654322,SEC.TREAS.GEITHNER,Timothy Geithner to be appointed next Secretary of the Treasury,6,94.0,Jan/20/2009 20:25:41
654322,SEC.TREAS.GEITHNER,Timothy Geithner to be appointed next Secretary of the Treasury,80,94.0,Jan/20/2009 20:25:41
654322,SEC.TREAS.GEITHNER,Timothy Geithner to be appointed next Secretary of the Treasury,25,96.0,Jan/20/2009 20:43:36
654322,SEC.TREAS.GEITHNER,Timothy Geithner to be appointed next Secretary of the Treasury,20,95.0,Jan/20/2009 20:43:36
654322,SEC.TREAS.GEITHNER,Timothy Geithner to be appointed next Secretary of the Treasury,180,96.0,Jan/20/2009 20:43:36
654322,SEC.TREAS.GEITHNER,Timothy Geithner to be appointed next Secretary of the Treasury,60,95.9,Jan/20/2009 20:43:36
654322,SEC.TREAS.GEITHNER,Timothy Geithner to be appointed next Secretary of the Treasury,1,96.0,Jan/20/2009 21:20:11
654322,SEC.TREAS.GEITHNER,Timothy Geithner to be appointed next Secretary of the Treasury,24,95.9,Jan/20/2009 22:13:23
654322,SEC.TREAS.GEITHNER,Timothy Geithner to be appointed next Secretary of the Treasury,19,96.0,Jan/20/2009 22:13:23
654322,SEC.TREAS.GEITHNER,Timothy Geithner to be appointed next Secretary of the Treasury,1,96.0,Jan/20/2009 22:20:21
654322,SEC.TREAS.GEITHNER,Timothy Geithner to be appointed next Secretary of the Treasury,1,96.5,Jan/21/2009 00:10:54
654322,SEC.TREAS.GEITHNER,Timothy Geithner to be appointed next Secretary of the Treasury,28,97.0,Jan/21/2009 00:11:11
654322,SEC.TREAS.GEITHNER,Timothy Geithner to be appointed next Secretary of the Treasury,4,96.9,Jan/21/2009 02:38:57
654322,SEC.TREAS.GEITHNER,Timothy Geithner to be appointed next Secretary of the Treasury,3,97.0,Jan/21/2009 09:09:32
654322,SEC.TREAS.GEITHNER,Timothy Geithner to be appointed next Secretary of the Treasury,10,98.0,Jan/21/2009 19:45:59
654322,SEC.TREAS.GEITHNER,Timothy Geithner to be appointed next Secretary of the Treasury,1,98.0,Jan/21/2009 19:45:59
654322,SEC.TREAS.GEITHNER,Timothy Geithner to be appointed next Secretary of the Treasury,2,98.2,Jan/21/2009 22:34:07
654322,SEC.TREAS.GEITHNER,Timothy Geithner to be appointed next Secretary of the Treasury,2,98.1,Jan/21/2009 22:34:25
654322,SEC.TREAS.GEITHNER,Timothy Geithner to be appointed next Secretary of the Treasury,4,98.1,Jan/21/2009 22:35:53
654322,SEC.TREAS.GEITHNER,Timothy Geithner to be appointed next Secretary of the Treasury,3,98.7,Jan/22/2009 01:43:21
654322,SEC.TREAS.GEITHNER,Timothy Geithner to be appointed next Secretary of the Treasury,19,98.7,Jan/22/2009 01:43:21
654322,SEC.TREAS.GEITHNER,Timothy Geithner to be appointed next Secretary of the Treasury,2,98.0,Jan/22/2009 01:50:30
654322,SEC.TREAS.GEITHNER,Timothy Geithner to be appointed next Secretary of the Treasury,4,98.1,Jan/22/2009 01:50:30
654322,SEC.TREAS.GEITHNER,Timothy Geithner to be appointed next Secretary of the Treasury,3,97.7,Jan/22/2009 01:57:08
654322,SEC.TREAS.GEITHNER,Timothy Geithner to be appointed next Secretary of the Treasury,4,97.5,Jan/22/2009 01:57:12
654322,SEC.TREAS.GEITHNER,Timothy Geithner to be appointed next Secretary of the Treasury,1,94.1,Jan/22/2009 02:24:33
654322,SEC.TREAS.GEITHNER,Timothy Geithner to be appointed next Secretary of the Treasury,50,94.1,Jan/22/2009 02:24:33
654322,SEC.TREAS.GEITHNER,Timothy Geithner to be appointed next Secretary of the Treasury,1,96.0,Jan/22/2009 03:20:44
654322,SEC.TREAS.GEITHNER,Timothy Geithner to be appointed next Secretary of the Treasury,30,96.0,Jan/22/2009 03:41:49
654322,SEC.TREAS.GEITHNER,Timothy Geithner to be appointed next Secretary of the Treasury,70,93.5,Jan/22/2009 05:27:32
654322,SEC.TREAS.GEITHNER,Timothy Geithner to be appointed next Secretary of the Treasury,69,96.0,Jan/22/2009 07:49:56
654322,SEC.TREAS.GEITHNER,Timothy Geithner to be appointed next Secretary of the Treasury,10,97.8,Jan/22/2009 11:59:53
654322,SEC.TREAS.GEITHNER,Timothy Geithner to be appointed next Secretary of the Treasury,10,97.8,Jan/22/2009 12:52:05
654322,SEC.TREAS.GEITHNER,Timothy Geithner to be appointed next Secretary of the Treasury,30,95.0,Jan/22/2009 15:59:04
654322,SEC.TREAS.GEITHNER,Timothy Geithner to be appointed next Secretary of the Treasury,1,95.0,Jan/22/2009 15:59:04
654322,SEC.TREAS.GEITHNER,Timothy Geithner to be appointed next Secretary of the Treasury,19,95.0,Jan/22/2009 16:02:09
654322,SEC.TREAS.GEITHNER,Timothy Geithner to be appointed next Secretary of the Treasury,5,98.2,Jan/22/2009 16:26:04
654322,SEC.TREAS.GEITHNER,Timothy Geithner to be appointed next Secretary of the Treasury,61,98.2,Jan/22/2009 16:28:00
654322,SEC.TREAS.GEITHNER,Timothy Geithner to be appointed next Secretary of the Treasury,2,98.5,Jan/22/2009 16:28:51
654322,SEC.TREAS.GEITHNER,Timothy Geithner to be appointed next Secretary of the Treasury,30,95.0,Jan/22/2009 17:33:22
654322,SEC.TREAS.GEITHNER,Timothy Geithner to be appointed next Secretary of the Treasury,30,95.0,Jan/22/2009 17:33:22
654322,SEC.TREAS.GEITHNER,Timothy Geithner to be appointed next Secretary of the Treasury,2,95.5,Jan/22/2009 17:33:22
654322,SEC.TREAS.GEITHNER,Timothy Geithner to be appointed next Secretary of the Treasury,20,93.0,Jan/22/2009 17:33:39
654322,SEC.TREAS.GEITHNER,Timothy Geithner to be appointed next Secretary of the Treasury,79,92.2,Jan/22/2009 17:33:39
654322,SEC.TREAS.GEITHNER,Timothy Geithner to be appointed next Secretary of the Treasury,1,94.0,Jan/22/2009 17:33:39
654322,SEC.TREAS.GEITHNER,Timothy Geithner to be appointed next Secretary of the Treasury,38,95.0,Jan/22/2009 17:34:00
654322,SEC.TREAS.GEITHNER,Timothy Geithner to be appointed next Secretary of the Treasury,2,96.0,Jan/22/2009 17:37:55
654322,SEC.TREAS.GEITHNER,Timothy Geithner to be appointed next Secretary of the Treasury,7,96.0,Jan/22/2009 17:45:38
654322,SEC.TREAS.GEITHNER,Timothy Geithner to be appointed next Secretary of the Treasury,4,96.0,Jan/22/2009 18:02:31
654322,SEC.TREAS.GEITHNER,Timothy Geithner to be appointed next Secretary of the Treasury,7,96.0,Jan/22/2009 18:06:32
654322,SEC.TREAS.GEITHNER,Timothy Geithner to be appointed next Secretary of the Treasury,20,98.2,Jan/22/2009 19:13:13
654322,SEC.TREAS.GEITHNER,Timothy Geithner to be appointed next Secretary of the Treasury,2,96.4,Jan/22/2009 19:23:52
654322,SEC.TREAS.GEITHNER,Timothy Geithner to be appointed next Secretary of the Treasury,3,96.2,Jan/22/2009 19:23:52
654322,SEC.TREAS.GEITHNER,Timothy Geithner to be appointed next Secretary of the Treasury,4,96.1,Jan/22/2009 19:23:52
654322,SEC.TREAS.GEITHNER,Timothy Geithner to be appointed next Secretary of the Treasury,10,98.2,Jan/22/2009 20:28:43
654322,SEC.TREAS.GEITHNER,Timothy Geithner to be appointed next Secretary of the Treasury,7,98.3,Jan/22/2009 21:38:29
654322,SEC.TREAS.GEITHNER,Timothy Geithner to be appointed next Secretary of the Treasury,12,98.2,Jan/22/2009 21:43:27
654322,SEC.TREAS.GEITHNER,Timothy Geithner to be appointed next Secretary of the Treasury,3,98.2,Jan/22/2009 22:54:50
654322,SEC.TREAS.GEITHNER,Timothy Geithner to be appointed next Secretary of the Treasury,9,98.3,Jan/22/2009 22:55:29
654322,SEC.TREAS.GEITHNER,Timothy Geithner to be appointed next Secretary of the Treasury,1,98.3,Jan/22/2009 23:24:40
654322,SEC.TREAS.GEITHNER,Timothy Geithner to be appointed next Secretary of the Treasury,2,98.3,Jan/22/2009 23:24:40
654322,SEC.TREAS.GEITHNER,Timothy Geithner to be appointed next Secretary of the Treasury,100,98.5,Jan/22/2009 23:24:40
654322,SEC.TREAS.GEITHNER,Timothy Geithner to be appointed next Secretary of the Treasury,1,98.3,Jan/22/2009 23:24:40
654322,SEC.TREAS.GEITHNER,Timothy Geithner to be appointed next Secretary of the Treasury,96,98.6,Jan/22/2009 23:24:40
654322,SEC.TREAS.GEITHNER,Timothy Geithner to be appointed next Secretary of the Treasury,69,98.4,Jan/22/2009 23:24:40
654322,SEC.TREAS.GEITHNER,Timothy Geithner to be appointed next Secretary of the Treasury,18,98.5,Jan/22/2009 23:24:40
654322,SEC.TREAS.GEITHNER,Timothy Geithner to be appointed next Secretary of the Treasury,99,98.7,Jan/22/2009 23:27:11
654322,SEC.TREAS.GEITHNER,Timothy Geithner to be appointed next Secretary of the Treasury,30,97.5,Jan/23/2009 04:39:44
654322,SEC.TREAS.GEITHNER,Timothy Geithner to be appointed next Secretary of the Treasury,120,97.5,Jan/23/2009 14:03:33
654322,SEC.TREAS.GEITHNER,Timothy Geithner to be appointed next Secretary of the Treasury,1,98.7,Jan/23/2009 14:45:43
654322,SEC.TREAS.GEITHNER,Timothy Geithner to be appointed next Secretary of the Treasury,1,98.7,Jan/23/2009 14:45:43
654322,SEC.TREAS.GEITHNER,Timothy Geithner to be appointed next Secretary of the Treasury,120,97.9,Jan/23/2009 15:00:33
654322,SEC.TREAS.GEITHNER,Timothy Geithner to be appointed next Secretary of the Treasury,5,97.9,Jan/23/2009 17:39:12
654322,SEC.TREAS.GEITHNER,Timothy Geithner to be appointed next Secretary of the Treasury,5,98.5,Jan/23/2009 19:23:57
654322,SEC.TREAS.GEITHNER,Timothy Geithner to be appointed next Secretary of the Treasury,1,98.2,Jan/24/2009 04:14:41
654322,SEC.TREAS.GEITHNER,Timothy Geithner to be appointed next Secretary of the Treasury,220,98.5,Jan/24/2009 16:31:30
654322,SEC.TREAS.GEITHNER,Timothy Geithner to be appointed next Secretary of the Treasury,20,98.5,Jan/24/2009 19:11:21
654322,SEC.TREAS.GEITHNER,Timothy Geithner to be appointed next Secretary of the Treasury,1,98.5,Jan/25/2009 01:27:34
654322,SEC.TREAS.GEITHNER,Timothy Geithner to be appointed next Secretary of the Treasury,10,98.4,Jan/25/2009 04:28:42
654322,SEC.TREAS.GEITHNER,Timothy Geithner to be appointed next Secretary of the Treasury,200,98.5,Jan/25/2009 19:22:47
654322,SEC.TREAS.GEITHNER,Timothy Geithner to be appointed next Secretary of the Treasury,41,98.5,Jan/26/2009 09:41:14
654322,SEC.TREAS.GEITHNER,Timothy Geithner to be appointed next Secretary of the Treasury,59,98.5,Jan/26/2009 09:41:14
654322,SEC.TREAS.GEITHNER,Timothy Geithner to be appointed next Secretary of the Treasury,74,98.4,Jan/26/2009 12:54:23
654322,SEC.TREAS.GEITHNER,Timothy Geithner to be appointed next Secretary of the Treasury,2,98.4,Jan/26/2009 14:00:33
654322,SEC.TREAS.GEITHNER,Timothy Geithner to be appointed next Secretary of the Treasury,3,98.4,Jan/26/2009 14:05:15
654322,SEC.TREAS.GEITHNER,Timothy Geithner to be appointed next Secretary of the Treasury,7,98.5,Jan/26/2009 14:08:20
654322,SEC.TREAS.GEITHNER,Timothy Geithner to be appointed next Secretary of the Treasury,57,98.5,Jan/26/2009 17:39:41
654322,SEC.TREAS.GEITHNER,Timothy Geithner to be appointed next Secretary of the Treasury,143,98.4,Jan/26/2009 17:39:41
654322,SEC.TREAS.GEITHNER,Timothy Geithner to be appointed next Secretary of the Treasury,3,98.7,Jan/26/2009 20:29:30
654322,SEC.TREAS.GEITHNER,Timothy Geithner to be appointed next Secretary of the Treasury,22,98.5,Jan/26/2009 20:30:19
654322,SEC.TREAS.GEITHNER,Timothy Geithner to be appointed next Secretary of the Treasury,21,98.5,Jan/26/2009 20:30:19
654322,SEC.TREAS.GEITHNER,Timothy Geithner to be appointed next Secretary of the Treasury,6,98.5,Jan/26/2009 20:30:19
654322,SEC.TREAS.GEITHNER,Timothy Geithner to be appointed next Secretary of the Treasury,38,98.5,Jan/26/2009 21:08:31
654322,SEC.TREAS.GEITHNER,Timothy Geithner to be appointed next Secretary of the Treasury,10,98.9,Jan/26/2009 22:41:14
654322,SEC.TREAS.GEITHNER,Timothy Geithner to be appointed next Secretary of the Treasury,11,99.0,Jan/26/2009 22:41:14
654322,SEC.TREAS.GEITHNER,Timothy Geithner to be appointed next Secretary of the Treasury,4,99.0,Jan/26/2009 23:18:19
654322,SEC.TREAS.GEITHNER,Timothy Geithner to be appointed next Secretary of the Treasury,40,99.0,Jan/26/2009 23:18:19
654322,SEC.TREAS.GEITHNER,Timothy Geithner to be appointed next Secretary of the Treasury,10,99.0,Jan/26/2009 23:18:19
654322,SEC.TREAS.GEITHNER,Timothy Geithner to be appointed next Secretary of the Treasury,39,99.0,Jan/26/2009 23:18:19
654322,SEC.TREAS.GEITHNER,Timothy Geithner to be appointed next Secretary of the Treasury,200,99.1,Jan/26/2009 23:32:18
654322,SEC.TREAS.GEITHNER,Timothy Geithner to be appointed next Secretary of the Treasury,33,99.1,Jan/26/2009 23:32:18
654322,SEC.TREAS.GEITHNER,Timothy Geithner to be appointed next Secretary of the Treasury,5,99.1,Jan/26/2009 23:32:18
654322,SEC.TREAS.GEITHNER,Timothy Geithner to be appointed next Secretary of the Treasury,40,99.1,Jan/26/2009 23:32:18
654322,SEC.TREAS.GEITHNER,Timothy Geithner to be appointed next Secretary of the Treasury,114,99.1,Jan/26/2009 23:32:18
654322,SEC.TREAS.GEITHNER,Timothy Geithner to be appointed next Secretary of the Treasury,12,99.3,Jan/26/2009 23:32:53
654322,SEC.TREAS.GEITHNER,Timothy Geithner to be appointed next Secretary of the Treasury,10,99.4,Jan/26/2009 23:32:53
654322,SEC.TREAS.GEITHNER,Timothy Geithner to be appointed next Secretary of the Treasury,5,99.4,Jan/26/2009 23:42:47
654322,SEC.TREAS.GEITHNER,Timothy Geithner to be appointed next Secretary of the Treasury,2,99.4,Jan/26/2009 23:54:14
654322,SEC.TREAS.GEITHNER,Timothy Geithner to be appointed next Secretary of the Treasury,50,99.4,Jan/27/2009 00:01:17
654322,SEC.TREAS.GEITHNER,Timothy Geithner to be appointed next Secretary of the Treasury,10,99.5,Jan/27/2009 02:22:17
654322,SEC.TREAS.GEITHNER,Timothy Geithner to be appointed next Secretary of the Treasury,10,99.5,Jan/27/2009 02:29:20
654322,SEC.TREAS.GEITHNER,Timothy Geithner to be appointed next Secretary of the Treasury,113,99.4,Jan/27/2009 03:55:17
654322,SEC.TREAS.GEITHNER,Timothy Geithner to be appointed next Secretary of the Treasury,2,99.4,Jan/27/2009 04:23:24
654322,SEC.TREAS.GEITHNER,Timothy Geithner to be appointed next Secretary of the Treasury,196,99.4,Jan/27/2009 04:51:10
654322,SEC.TREAS.GEITHNER,Timothy Geithner to be appointed next Secretary of the Treasury,4,99.4,Jan/27/2009 07:23:21
