market id,market symbol,market name,trade quantity,trade price,date/time [utc]
667573,AIRSTRIKE.IRAN.MAR10,USA and/or Israel to execute an overt Air Strike against Iran by 31 Mar 2010,1,22.0,Feb/19/2009 21:00:07
667573,AIRSTRIKE.IRAN.MAR10,USA and/or Israel to execute an overt Air Strike against Iran by 31 Mar 2010,1,20.0,Feb/23/2009 00:51:58
667573,AIRSTRIKE.IRAN.MAR10,USA and/or Israel to execute an overt Air Strike against Iran by 31 Mar 2010,2,20.0,Feb/23/2009 04:12:56
667573,AIRSTRIKE.IRAN.MAR10,USA and/or Israel to execute an overt Air Strike against Iran by 31 Mar 2010,2,20.0,Apr/04/2009 00:00:07
667573,AIRSTRIKE.IRAN.MAR10,USA and/or Israel to execute an overt Air Strike against Iran by 31 Mar 2010,1,15.2,Apr/12/2009 16:41:05
667573,AIRSTRIKE.IRAN.MAR10,USA and/or Israel to execute an overt Air Strike against Iran by 31 Mar 2010,10,21.9,Apr/18/2009 15:33:26
667573,AIRSTRIKE.IRAN.MAR10,USA and/or Israel to execute an overt Air Strike against Iran by 31 Mar 2010,1,21.9,Apr/18/2009 15:33:26
667573,AIRSTRIKE.IRAN.MAR10,USA and/or Israel to execute an overt Air Strike against Iran by 31 Mar 2010,5,22.0,Apr/18/2009 15:33:26
667573,AIRSTRIKE.IRAN.MAR10,USA and/or Israel to execute an overt Air Strike against Iran by 31 Mar 2010,1,15.3,Apr/25/2009 03:33:27
667573,AIRSTRIKE.IRAN.MAR10,USA and/or Israel to execute an overt Air Strike against Iran by 31 Mar 2010,1,15.2,Apr/25/2009 03:33:36
667573,AIRSTRIKE.IRAN.MAR10,USA and/or Israel to execute an overt Air Strike against Iran by 31 Mar 2010,9,15.1,Apr/29/2009 15:22:18
667573,AIRSTRIKE.IRAN.MAR10,USA and/or Israel to execute an overt Air Strike against Iran by 31 Mar 2010,1,15.3,Apr/29/2009 15:22:18
667573,AIRSTRIKE.IRAN.MAR10,USA and/or Israel to execute an overt Air Strike against Iran by 31 Mar 2010,10,15.3,May/12/2009 22:42:52
667573,AIRSTRIKE.IRAN.MAR10,USA and/or Israel to execute an overt Air Strike against Iran by 31 Mar 2010,3,15.3,May/12/2009 22:42:52
667573,AIRSTRIKE.IRAN.MAR10,USA and/or Israel to execute an overt Air Strike against Iran by 31 Mar 2010,1,15.9,May/14/2009 14:27:47
667573,AIRSTRIKE.IRAN.MAR10,USA and/or Israel to execute an overt Air Strike against Iran by 31 Mar 2010,41,15.1,May/15/2009 01:08:54
667573,AIRSTRIKE.IRAN.MAR10,USA and/or Israel to execute an overt Air Strike against Iran by 31 Mar 2010,2,13.5,May/20/2009 15:27:20
667573,AIRSTRIKE.IRAN.MAR10,USA and/or Israel to execute an overt Air Strike against Iran by 31 Mar 2010,10,16.0,May/26/2009 19:28:58
667573,AIRSTRIKE.IRAN.MAR10,USA and/or Israel to execute an overt Air Strike against Iran by 31 Mar 2010,1,17.0,May/27/2009 20:21:52
667573,AIRSTRIKE.IRAN.MAR10,USA and/or Israel to execute an overt Air Strike against Iran by 31 Mar 2010,1,18.0,May/28/2009 12:09:05
667573,AIRSTRIKE.IRAN.MAR10,USA and/or Israel to execute an overt Air Strike against Iran by 31 Mar 2010,1,19.0,May/28/2009 15:25:33
667573,AIRSTRIKE.IRAN.MAR10,USA and/or Israel to execute an overt Air Strike against Iran by 31 Mar 2010,1,21.0,May/28/2009 17:04:29
667573,AIRSTRIKE.IRAN.MAR10,USA and/or Israel to execute an overt Air Strike against Iran by 31 Mar 2010,1,20.0,May/28/2009 17:04:29
667573,AIRSTRIKE.IRAN.MAR10,USA and/or Israel to execute an overt Air Strike against Iran by 31 Mar 2010,10,22.0,May/28/2009 17:04:29
667573,AIRSTRIKE.IRAN.MAR10,USA and/or Israel to execute an overt Air Strike against Iran by 31 Mar 2010,3,25.4,May/28/2009 20:27:12
667573,AIRSTRIKE.IRAN.MAR10,USA and/or Israel to execute an overt Air Strike against Iran by 31 Mar 2010,1,23.9,May/28/2009 20:27:12
667573,AIRSTRIKE.IRAN.MAR10,USA and/or Israel to execute an overt Air Strike against Iran by 31 Mar 2010,1,24.9,May/28/2009 20:27:12
667573,AIRSTRIKE.IRAN.MAR10,USA and/or Israel to execute an overt Air Strike against Iran by 31 Mar 2010,2,25.3,May/28/2009 20:27:12
667573,AIRSTRIKE.IRAN.MAR10,USA and/or Israel to execute an overt Air Strike against Iran by 31 Mar 2010,1,27.0,May/28/2009 21:04:33
667573,AIRSTRIKE.IRAN.MAR10,USA and/or Israel to execute an overt Air Strike against Iran by 31 Mar 2010,1,26.0,May/28/2009 21:04:33
667573,AIRSTRIKE.IRAN.MAR10,USA and/or Israel to execute an overt Air Strike against Iran by 31 Mar 2010,1,28.0,May/28/2009 21:04:33
667573,AIRSTRIKE.IRAN.MAR10,USA and/or Israel to execute an overt Air Strike against Iran by 31 Mar 2010,1,29.0,May/28/2009 21:04:33
667573,AIRSTRIKE.IRAN.MAR10,USA and/or Israel to execute an overt Air Strike against Iran by 31 Mar 2010,1,30.0,May/28/2009 21:04:33
667573,AIRSTRIKE.IRAN.MAR10,USA and/or Israel to execute an overt Air Strike against Iran by 31 Mar 2010,1,25.0,May/29/2009 16:29:49
667573,AIRSTRIKE.IRAN.MAR10,USA and/or Israel to execute an overt Air Strike against Iran by 31 Mar 2010,1,24.0,Jun/02/2009 20:33:09
667573,AIRSTRIKE.IRAN.MAR10,USA and/or Israel to execute an overt Air Strike against Iran by 31 Mar 2010,1,20.0,Jun/04/2009 20:40:29
667573,AIRSTRIKE.IRAN.MAR10,USA and/or Israel to execute an overt Air Strike against Iran by 31 Mar 2010,1,21.0,Jun/07/2009 19:27:58
667573,AIRSTRIKE.IRAN.MAR10,USA and/or Israel to execute an overt Air Strike against Iran by 31 Mar 2010,1,21.0,Jun/08/2009 19:44:25
667573,AIRSTRIKE.IRAN.MAR10,USA and/or Israel to execute an overt Air Strike against Iran by 31 Mar 2010,1,24.0,Jun/10/2009 17:27:19
667573,AIRSTRIKE.IRAN.MAR10,USA and/or Israel to execute an overt Air Strike against Iran by 31 Mar 2010,1,25.0,Jun/10/2009 17:27:19
667573,AIRSTRIKE.IRAN.MAR10,USA and/or Israel to execute an overt Air Strike against Iran by 31 Mar 2010,1,23.0,Jun/10/2009 17:27:19
667573,AIRSTRIKE.IRAN.MAR10,USA and/or Israel to execute an overt Air Strike against Iran by 31 Mar 2010,1,23.9,Jun/10/2009 17:27:19
667573,AIRSTRIKE.IRAN.MAR10,USA and/or Israel to execute an overt Air Strike against Iran by 31 Mar 2010,1,22.0,Jun/10/2009 17:27:19
667573,AIRSTRIKE.IRAN.MAR10,USA and/or Israel to execute an overt Air Strike against Iran by 31 Mar 2010,1,28.0,Jun/14/2009 14:37:04
667573,AIRSTRIKE.IRAN.MAR10,USA and/or Israel to execute an overt Air Strike against Iran by 31 Mar 2010,1,30.0,Jun/14/2009 14:37:04
667573,AIRSTRIKE.IRAN.MAR10,USA and/or Israel to execute an overt Air Strike against Iran by 31 Mar 2010,1,26.0,Jun/14/2009 14:37:04
667573,AIRSTRIKE.IRAN.MAR10,USA and/or Israel to execute an overt Air Strike against Iran by 31 Mar 2010,1,34.0,Jun/14/2009 14:43:53
667573,AIRSTRIKE.IRAN.MAR10,USA and/or Israel to execute an overt Air Strike against Iran by 31 Mar 2010,1,32.0,Jun/14/2009 14:43:53
667573,AIRSTRIKE.IRAN.MAR10,USA and/or Israel to execute an overt Air Strike against Iran by 31 Mar 2010,1,32.0,Jun/15/2009 17:01:55
667573,AIRSTRIKE.IRAN.MAR10,USA and/or Israel to execute an overt Air Strike against Iran by 31 Mar 2010,3,35.0,Jun/15/2009 17:02:05
667573,AIRSTRIKE.IRAN.MAR10,USA and/or Israel to execute an overt Air Strike against Iran by 31 Mar 2010,1,33.5,Jun/15/2009 17:02:05
667573,AIRSTRIKE.IRAN.MAR10,USA and/or Israel to execute an overt Air Strike against Iran by 31 Mar 2010,10,35.0,Jun/15/2009 17:03:32
667573,AIRSTRIKE.IRAN.MAR10,USA and/or Israel to execute an overt Air Strike against Iran by 31 Mar 2010,10,35.0,Jun/16/2009 18:07:15
667573,AIRSTRIKE.IRAN.MAR10,USA and/or Israel to execute an overt Air Strike against Iran by 31 Mar 2010,1,34.0,Jun/16/2009 18:07:15
667573,AIRSTRIKE.IRAN.MAR10,USA and/or Israel to execute an overt Air Strike against Iran by 31 Mar 2010,1,39.0,Jun/16/2009 18:08:48
667573,AIRSTRIKE.IRAN.MAR10,USA and/or Israel to execute an overt Air Strike against Iran by 31 Mar 2010,3,40.0,Jun/16/2009 18:08:48
667573,AIRSTRIKE.IRAN.MAR10,USA and/or Israel to execute an overt Air Strike against Iran by 31 Mar 2010,1,31.1,Jun/19/2009 16:39:31
667573,AIRSTRIKE.IRAN.MAR10,USA and/or Israel to execute an overt Air Strike against Iran by 31 Mar 2010,1,28.0,Jun/19/2009 20:30:45
667573,AIRSTRIKE.IRAN.MAR10,USA and/or Israel to execute an overt Air Strike against Iran by 31 Mar 2010,2,29.5,Jun/22/2009 22:45:39
667573,AIRSTRIKE.IRAN.MAR10,USA and/or Israel to execute an overt Air Strike against Iran by 31 Mar 2010,6,30.0,Jun/22/2009 22:45:39
667573,AIRSTRIKE.IRAN.MAR10,USA and/or Israel to execute an overt Air Strike against Iran by 31 Mar 2010,1,28.5,Jun/25/2009 01:26:28
667573,AIRSTRIKE.IRAN.MAR10,USA and/or Israel to execute an overt Air Strike against Iran by 31 Mar 2010,1,28.0,Jun/25/2009 17:10:44
667573,AIRSTRIKE.IRAN.MAR10,USA and/or Israel to execute an overt Air Strike against Iran by 31 Mar 2010,2,28.0,Jun/25/2009 18:44:12
667573,AIRSTRIKE.IRAN.MAR10,USA and/or Israel to execute an overt Air Strike against Iran by 31 Mar 2010,1,28.0,Jun/25/2009 18:44:12
667573,AIRSTRIKE.IRAN.MAR10,USA and/or Israel to execute an overt Air Strike against Iran by 31 Mar 2010,4,28.0,Jun/26/2009 18:29:02
667573,AIRSTRIKE.IRAN.MAR10,USA and/or Israel to execute an overt Air Strike against Iran by 31 Mar 2010,1,28.1,Jun/26/2009 18:29:02
667573,AIRSTRIKE.IRAN.MAR10,USA and/or Israel to execute an overt Air Strike against Iran by 31 Mar 2010,1,27.6,Jun/29/2009 17:13:34
667573,AIRSTRIKE.IRAN.MAR10,USA and/or Israel to execute an overt Air Strike against Iran by 31 Mar 2010,2,27.6,Jul/01/2009 15:09:40
667573,AIRSTRIKE.IRAN.MAR10,USA and/or Israel to execute an overt Air Strike against Iran by 31 Mar 2010,2,23.0,Jul/02/2009 15:34:03
667573,AIRSTRIKE.IRAN.MAR10,USA and/or Israel to execute an overt Air Strike against Iran by 31 Mar 2010,2,22.5,Jul/02/2009 15:34:03
667573,AIRSTRIKE.IRAN.MAR10,USA and/or Israel to execute an overt Air Strike against Iran by 31 Mar 2010,1,25.0,Jul/02/2009 15:34:03
667573,AIRSTRIKE.IRAN.MAR10,USA and/or Israel to execute an overt Air Strike against Iran by 31 Mar 2010,3,21.0,Jul/02/2009 15:36:28
667573,AIRSTRIKE.IRAN.MAR10,USA and/or Israel to execute an overt Air Strike against Iran by 31 Mar 2010,20,20.0,Jul/02/2009 15:36:28
667573,AIRSTRIKE.IRAN.MAR10,USA and/or Israel to execute an overt Air Strike against Iran by 31 Mar 2010,1,18.0,Jul/02/2009 21:39:03
667573,AIRSTRIKE.IRAN.MAR10,USA and/or Israel to execute an overt Air Strike against Iran by 31 Mar 2010,5,22.4,Jul/05/2009 19:11:31
667573,AIRSTRIKE.IRAN.MAR10,USA and/or Israel to execute an overt Air Strike against Iran by 31 Mar 2010,40,22.5,Jul/06/2009 16:12:37
667573,AIRSTRIKE.IRAN.MAR10,USA and/or Israel to execute an overt Air Strike against Iran by 31 Mar 2010,5,22.5,Jul/06/2009 20:17:58
667573,AIRSTRIKE.IRAN.MAR10,USA and/or Israel to execute an overt Air Strike against Iran by 31 Mar 2010,1,17.1,Jul/08/2009 20:50:24
667573,AIRSTRIKE.IRAN.MAR10,USA and/or Israel to execute an overt Air Strike against Iran by 31 Mar 2010,1,17.1,Jul/08/2009 20:50:28
667573,AIRSTRIKE.IRAN.MAR10,USA and/or Israel to execute an overt Air Strike against Iran by 31 Mar 2010,2,22.8,Jul/14/2009 16:12:08
667573,AIRSTRIKE.IRAN.MAR10,USA and/or Israel to execute an overt Air Strike against Iran by 31 Mar 2010,2,23.0,Jul/14/2009 16:12:08
667573,AIRSTRIKE.IRAN.MAR10,USA and/or Israel to execute an overt Air Strike against Iran by 31 Mar 2010,8,23.0,Jul/14/2009 16:15:33
667573,AIRSTRIKE.IRAN.MAR10,USA and/or Israel to execute an overt Air Strike against Iran by 31 Mar 2010,2,27.4,Jul/14/2009 16:15:43
667573,AIRSTRIKE.IRAN.MAR10,USA and/or Israel to execute an overt Air Strike against Iran by 31 Mar 2010,10,27.5,Jul/14/2009 20:40:09
667573,AIRSTRIKE.IRAN.MAR10,USA and/or Israel to execute an overt Air Strike against Iran by 31 Mar 2010,2,23.0,Jul/15/2009 15:05:14
667573,AIRSTRIKE.IRAN.MAR10,USA and/or Israel to execute an overt Air Strike against Iran by 31 Mar 2010,2,22.6,Jul/16/2009 14:53:22
667573,AIRSTRIKE.IRAN.MAR10,USA and/or Israel to execute an overt Air Strike against Iran by 31 Mar 2010,2,26.0,Jul/16/2009 23:53:32
667573,AIRSTRIKE.IRAN.MAR10,USA and/or Israel to execute an overt Air Strike against Iran by 31 Mar 2010,2,22.3,Jul/17/2009 02:22:22
667573,AIRSTRIKE.IRAN.MAR10,USA and/or Israel to execute an overt Air Strike against Iran by 31 Mar 2010,2,21.9,Jul/18/2009 19:58:14
667573,AIRSTRIKE.IRAN.MAR10,USA and/or Israel to execute an overt Air Strike against Iran by 31 Mar 2010,2,21.0,Jul/19/2009 10:18:02
667573,AIRSTRIKE.IRAN.MAR10,USA and/or Israel to execute an overt Air Strike against Iran by 31 Mar 2010,3,26.0,Jul/20/2009 21:37:18
667573,AIRSTRIKE.IRAN.MAR10,USA and/or Israel to execute an overt Air Strike against Iran by 31 Mar 2010,2,26.6,Jul/20/2009 21:37:18
667573,AIRSTRIKE.IRAN.MAR10,USA and/or Israel to execute an overt Air Strike against Iran by 31 Mar 2010,1,30.0,Jul/21/2009 16:19:42
667573,AIRSTRIKE.IRAN.MAR10,USA and/or Israel to execute an overt Air Strike against Iran by 31 Mar 2010,1,26.8,Jul/21/2009 16:19:42
667573,AIRSTRIKE.IRAN.MAR10,USA and/or Israel to execute an overt Air Strike against Iran by 31 Mar 2010,3,26.7,Jul/21/2009 16:19:42
667573,AIRSTRIKE.IRAN.MAR10,USA and/or Israel to execute an overt Air Strike against Iran by 31 Mar 2010,1,28.9,Jul/23/2009 16:41:28
667573,AIRSTRIKE.IRAN.MAR10,USA and/or Israel to execute an overt Air Strike against Iran by 31 Mar 2010,1,23.0,Jul/26/2009 17:21:06
667573,AIRSTRIKE.IRAN.MAR10,USA and/or Israel to execute an overt Air Strike against Iran by 31 Mar 2010,1,22.0,Jul/27/2009 17:21:16
667573,AIRSTRIKE.IRAN.MAR10,USA and/or Israel to execute an overt Air Strike against Iran by 31 Mar 2010,1,21.0,Jul/27/2009 17:21:25
667573,AIRSTRIKE.IRAN.MAR10,USA and/or Israel to execute an overt Air Strike against Iran by 31 Mar 2010,3,20.7,Jul/27/2009 17:21:37
667573,AIRSTRIKE.IRAN.MAR10,USA and/or Israel to execute an overt Air Strike against Iran by 31 Mar 2010,1,21.0,Jul/30/2009 22:16:30
667573,AIRSTRIKE.IRAN.MAR10,USA and/or Israel to execute an overt Air Strike against Iran by 31 Mar 2010,1,20.0,Jul/30/2009 22:16:48
667573,AIRSTRIKE.IRAN.MAR10,USA and/or Israel to execute an overt Air Strike against Iran by 31 Mar 2010,1,21.3,Jul/31/2009 15:54:46
667573,AIRSTRIKE.IRAN.MAR10,USA and/or Israel to execute an overt Air Strike against Iran by 31 Mar 2010,1,22.2,Jul/31/2009 15:54:46
667573,AIRSTRIKE.IRAN.MAR10,USA and/or Israel to execute an overt Air Strike against Iran by 31 Mar 2010,3,22.4,Jul/31/2009 15:54:46
667573,AIRSTRIKE.IRAN.MAR10,USA and/or Israel to execute an overt Air Strike against Iran by 31 Mar 2010,2,19.1,Aug/02/2009 16:49:56
667573,AIRSTRIKE.IRAN.MAR10,USA and/or Israel to execute an overt Air Strike against Iran by 31 Mar 2010,3,18.5,Aug/02/2009 16:50:24
667573,AIRSTRIKE.IRAN.MAR10,USA and/or Israel to execute an overt Air Strike against Iran by 31 Mar 2010,1,21.0,Aug/05/2009 20:55:22
667573,AIRSTRIKE.IRAN.MAR10,USA and/or Israel to execute an overt Air Strike against Iran by 31 Mar 2010,1,17.6,Aug/06/2009 21:33:31
667573,AIRSTRIKE.IRAN.MAR10,USA and/or Israel to execute an overt Air Strike against Iran by 31 Mar 2010,1,19.0,Aug/07/2009 20:25:48
667573,AIRSTRIKE.IRAN.MAR10,USA and/or Israel to execute an overt Air Strike against Iran by 31 Mar 2010,1,18.0,Aug/08/2009 00:14:14
667573,AIRSTRIKE.IRAN.MAR10,USA and/or Israel to execute an overt Air Strike against Iran by 31 Mar 2010,2,17.0,Aug/08/2009 00:14:48
667573,AIRSTRIKE.IRAN.MAR10,USA and/or Israel to execute an overt Air Strike against Iran by 31 Mar 2010,3,15.1,Aug/11/2009 23:08:10
667573,AIRSTRIKE.IRAN.MAR10,USA and/or Israel to execute an overt Air Strike against Iran by 31 Mar 2010,3,16.2,Aug/11/2009 23:08:10
667573,AIRSTRIKE.IRAN.MAR10,USA and/or Israel to execute an overt Air Strike against Iran by 31 Mar 2010,3,15.5,Aug/11/2009 23:08:10
667573,AIRSTRIKE.IRAN.MAR10,USA and/or Israel to execute an overt Air Strike against Iran by 31 Mar 2010,3,17.0,Aug/11/2009 23:08:10
667573,AIRSTRIKE.IRAN.MAR10,USA and/or Israel to execute an overt Air Strike against Iran by 31 Mar 2010,3,16.1,Aug/11/2009 23:08:10
667573,AIRSTRIKE.IRAN.MAR10,USA and/or Israel to execute an overt Air Strike against Iran by 31 Mar 2010,4,15.0,Aug/11/2009 23:08:50
667573,AIRSTRIKE.IRAN.MAR10,USA and/or Israel to execute an overt Air Strike against Iran by 31 Mar 2010,1,15.1,Aug/14/2009 23:48:32
667573,AIRSTRIKE.IRAN.MAR10,USA and/or Israel to execute an overt Air Strike against Iran by 31 Mar 2010,2,15.1,Aug/14/2009 23:48:32
667573,AIRSTRIKE.IRAN.MAR10,USA and/or Israel to execute an overt Air Strike against Iran by 31 Mar 2010,2,15.1,Aug/14/2009 23:48:32
667573,AIRSTRIKE.IRAN.MAR10,USA and/or Israel to execute an overt Air Strike against Iran by 31 Mar 2010,3,14.5,Aug/31/2009 01:01:03
667573,AIRSTRIKE.IRAN.MAR10,USA and/or Israel to execute an overt Air Strike against Iran by 31 Mar 2010,4,14.8,Aug/31/2009 01:01:03
667573,AIRSTRIKE.IRAN.MAR10,USA and/or Israel to execute an overt Air Strike against Iran by 31 Mar 2010,3,14.9,Aug/31/2009 01:01:03
667573,AIRSTRIKE.IRAN.MAR10,USA and/or Israel to execute an overt Air Strike against Iran by 31 Mar 2010,5,15.0,Aug/31/2009 01:01:03
667573,AIRSTRIKE.IRAN.MAR10,USA and/or Israel to execute an overt Air Strike against Iran by 31 Mar 2010,3,12.3,Sep/01/2009 20:00:45
667573,AIRSTRIKE.IRAN.MAR10,USA and/or Israel to execute an overt Air Strike against Iran by 31 Mar 2010,1,12.3,Sep/01/2009 20:01:18
667573,AIRSTRIKE.IRAN.MAR10,USA and/or Israel to execute an overt Air Strike against Iran by 31 Mar 2010,1,12.7,Sep/05/2009 02:10:48
667573,AIRSTRIKE.IRAN.MAR10,USA and/or Israel to execute an overt Air Strike against Iran by 31 Mar 2010,3,12.3,Sep/06/2009 16:25:08
667573,AIRSTRIKE.IRAN.MAR10,USA and/or Israel to execute an overt Air Strike against Iran by 31 Mar 2010,3,12.3,Sep/08/2009 11:47:40
667573,AIRSTRIKE.IRAN.MAR10,USA and/or Israel to execute an overt Air Strike against Iran by 31 Mar 2010,8,14.9,Sep/10/2009 16:43:16
667573,AIRSTRIKE.IRAN.MAR10,USA and/or Israel to execute an overt Air Strike against Iran by 31 Mar 2010,1,14.9,Sep/10/2009 16:43:16
667573,AIRSTRIKE.IRAN.MAR10,USA and/or Israel to execute an overt Air Strike against Iran by 31 Mar 2010,3,15.4,Sep/10/2009 16:43:33
667573,AIRSTRIKE.IRAN.MAR10,USA and/or Israel to execute an overt Air Strike against Iran by 31 Mar 2010,25,21.2,Sep/10/2009 16:43:43
667573,AIRSTRIKE.IRAN.MAR10,USA and/or Israel to execute an overt Air Strike against Iran by 31 Mar 2010,5,19.9,Sep/10/2009 16:43:43
667573,AIRSTRIKE.IRAN.MAR10,USA and/or Israel to execute an overt Air Strike against Iran by 31 Mar 2010,3,21.3,Sep/10/2009 16:44:09
667573,AIRSTRIKE.IRAN.MAR10,USA and/or Israel to execute an overt Air Strike against Iran by 31 Mar 2010,1,21.5,Sep/10/2009 16:44:09
667573,AIRSTRIKE.IRAN.MAR10,USA and/or Israel to execute an overt Air Strike against Iran by 31 Mar 2010,3,22.5,Sep/10/2009 16:44:09
667573,AIRSTRIKE.IRAN.MAR10,USA and/or Israel to execute an overt Air Strike against Iran by 31 Mar 2010,2,18.5,Sep/11/2009 03:49:42
667573,AIRSTRIKE.IRAN.MAR10,USA and/or Israel to execute an overt Air Strike against Iran by 31 Mar 2010,1,17.0,Sep/11/2009 19:57:43
667573,AIRSTRIKE.IRAN.MAR10,USA and/or Israel to execute an overt Air Strike against Iran by 31 Mar 2010,1,17.5,Sep/15/2009 15:57:03
667573,AIRSTRIKE.IRAN.MAR10,USA and/or Israel to execute an overt Air Strike against Iran by 31 Mar 2010,1,18.3,Sep/15/2009 15:57:13
667573,AIRSTRIKE.IRAN.MAR10,USA and/or Israel to execute an overt Air Strike against Iran by 31 Mar 2010,10,15.0,Sep/15/2009 18:38:25
667573,AIRSTRIKE.IRAN.MAR10,USA and/or Israel to execute an overt Air Strike against Iran by 31 Mar 2010,1,18.0,Sep/18/2009 17:03:34
667573,AIRSTRIKE.IRAN.MAR10,USA and/or Israel to execute an overt Air Strike against Iran by 31 Mar 2010,1,17.0,Sep/18/2009 17:03:34
667573,AIRSTRIKE.IRAN.MAR10,USA and/or Israel to execute an overt Air Strike against Iran by 31 Mar 2010,1,18.9,Sep/18/2009 17:03:34
667573,AIRSTRIKE.IRAN.MAR10,USA and/or Israel to execute an overt Air Strike against Iran by 31 Mar 2010,2,19.0,Sep/18/2009 17:03:34
667573,AIRSTRIKE.IRAN.MAR10,USA and/or Israel to execute an overt Air Strike against Iran by 31 Mar 2010,1,22.0,Sep/18/2009 17:03:53
667573,AIRSTRIKE.IRAN.MAR10,USA and/or Israel to execute an overt Air Strike against Iran by 31 Mar 2010,1,21.0,Sep/18/2009 17:03:53
667573,AIRSTRIKE.IRAN.MAR10,USA and/or Israel to execute an overt Air Strike against Iran by 31 Mar 2010,1,20.0,Sep/18/2009 17:03:53
667573,AIRSTRIKE.IRAN.MAR10,USA and/or Israel to execute an overt Air Strike against Iran by 31 Mar 2010,1,19.0,Sep/18/2009 17:03:53
667573,AIRSTRIKE.IRAN.MAR10,USA and/or Israel to execute an overt Air Strike against Iran by 31 Mar 2010,1,19.0,Sep/18/2009 17:03:53
667573,AIRSTRIKE.IRAN.MAR10,USA and/or Israel to execute an overt Air Strike against Iran by 31 Mar 2010,3,15.5,Sep/20/2009 17:58:40
667573,AIRSTRIKE.IRAN.MAR10,USA and/or Israel to execute an overt Air Strike against Iran by 31 Mar 2010,4,15.7,Sep/20/2009 17:58:40
667573,AIRSTRIKE.IRAN.MAR10,USA and/or Israel to execute an overt Air Strike against Iran by 31 Mar 2010,1,15.8,Sep/20/2009 17:58:40
667573,AIRSTRIKE.IRAN.MAR10,USA and/or Israel to execute an overt Air Strike against Iran by 31 Mar 2010,10,19.5,Sep/22/2009 16:03:16
667573,AIRSTRIKE.IRAN.MAR10,USA and/or Israel to execute an overt Air Strike against Iran by 31 Mar 2010,1,15.5,Sep/22/2009 20:25:44
667573,AIRSTRIKE.IRAN.MAR10,USA and/or Israel to execute an overt Air Strike against Iran by 31 Mar 2010,9,15.5,Sep/22/2009 20:26:01
667573,AIRSTRIKE.IRAN.MAR10,USA and/or Israel to execute an overt Air Strike against Iran by 31 Mar 2010,3,15.4,Sep/22/2009 21:03:20
667573,AIRSTRIKE.IRAN.MAR10,USA and/or Israel to execute an overt Air Strike against Iran by 31 Mar 2010,3,20.1,Sep/23/2009 16:09:40
667573,AIRSTRIKE.IRAN.MAR10,USA and/or Israel to execute an overt Air Strike against Iran by 31 Mar 2010,1,21.9,Sep/23/2009 16:09:50
667573,AIRSTRIKE.IRAN.MAR10,USA and/or Israel to execute an overt Air Strike against Iran by 31 Mar 2010,1,21.8,Sep/23/2009 16:09:50
667573,AIRSTRIKE.IRAN.MAR10,USA and/or Israel to execute an overt Air Strike against Iran by 31 Mar 2010,5,21.9,Sep/23/2009 20:22:09
667573,AIRSTRIKE.IRAN.MAR10,USA and/or Israel to execute an overt Air Strike against Iran by 31 Mar 2010,1,21.9,Sep/24/2009 00:35:02
667573,AIRSTRIKE.IRAN.MAR10,USA and/or Israel to execute an overt Air Strike against Iran by 31 Mar 2010,1,21.2,Sep/25/2009 02:04:02
667573,AIRSTRIKE.IRAN.MAR10,USA and/or Israel to execute an overt Air Strike against Iran by 31 Mar 2010,1,21.3,Sep/25/2009 02:04:02
667573,AIRSTRIKE.IRAN.MAR10,USA and/or Israel to execute an overt Air Strike against Iran by 31 Mar 2010,2,21.3,Sep/25/2009 02:04:23
667573,AIRSTRIKE.IRAN.MAR10,USA and/or Israel to execute an overt Air Strike against Iran by 31 Mar 2010,1,19.1,Sep/25/2009 14:46:05
667573,AIRSTRIKE.IRAN.MAR10,USA and/or Israel to execute an overt Air Strike against Iran by 31 Mar 2010,1,18.0,Sep/27/2009 04:24:48
667573,AIRSTRIKE.IRAN.MAR10,USA and/or Israel to execute an overt Air Strike against Iran by 31 Mar 2010,4,18.9,Sep/27/2009 04:25:06
667573,AIRSTRIKE.IRAN.MAR10,USA and/or Israel to execute an overt Air Strike against Iran by 31 Mar 2010,6,18.9,Sep/27/2009 04:28:46
667573,AIRSTRIKE.IRAN.MAR10,USA and/or Israel to execute an overt Air Strike against Iran by 31 Mar 2010,1,19.0,Sep/27/2009 04:28:57
667573,AIRSTRIKE.IRAN.MAR10,USA and/or Israel to execute an overt Air Strike against Iran by 31 Mar 2010,2,19.0,Sep/27/2009 04:28:57
667573,AIRSTRIKE.IRAN.MAR10,USA and/or Israel to execute an overt Air Strike against Iran by 31 Mar 2010,1,19.5,Sep/27/2009 04:29:38
667573,AIRSTRIKE.IRAN.MAR10,USA and/or Israel to execute an overt Air Strike against Iran by 31 Mar 2010,1,19.5,Sep/28/2009 01:13:23
667573,AIRSTRIKE.IRAN.MAR10,USA and/or Israel to execute an overt Air Strike against Iran by 31 Mar 2010,2,19.5,Sep/28/2009 01:13:23
667573,AIRSTRIKE.IRAN.MAR10,USA and/or Israel to execute an overt Air Strike against Iran by 31 Mar 2010,1,20.0,Sep/28/2009 19:49:05
667573,AIRSTRIKE.IRAN.MAR10,USA and/or Israel to execute an overt Air Strike against Iran by 31 Mar 2010,10,19.0,Sep/28/2009 19:49:05
667573,AIRSTRIKE.IRAN.MAR10,USA and/or Israel to execute an overt Air Strike against Iran by 31 Mar 2010,2,20.5,Sep/28/2009 19:49:53
667573,AIRSTRIKE.IRAN.MAR10,USA and/or Israel to execute an overt Air Strike against Iran by 31 Mar 2010,1,21.0,Sep/28/2009 19:49:53
667573,AIRSTRIKE.IRAN.MAR10,USA and/or Israel to execute an overt Air Strike against Iran by 31 Mar 2010,1,22.0,Sep/28/2009 19:49:53
667573,AIRSTRIKE.IRAN.MAR10,USA and/or Israel to execute an overt Air Strike against Iran by 31 Mar 2010,2,22.9,Sep/28/2009 19:49:53
667573,AIRSTRIKE.IRAN.MAR10,USA and/or Israel to execute an overt Air Strike against Iran by 31 Mar 2010,2,22.2,Sep/28/2009 19:49:53
667573,AIRSTRIKE.IRAN.MAR10,USA and/or Israel to execute an overt Air Strike against Iran by 31 Mar 2010,2,22.5,Sep/28/2009 19:49:53
667573,AIRSTRIKE.IRAN.MAR10,USA and/or Israel to execute an overt Air Strike against Iran by 31 Mar 2010,3,23.8,Sep/29/2009 16:37:47
667573,AIRSTRIKE.IRAN.MAR10,USA and/or Israel to execute an overt Air Strike against Iran by 31 Mar 2010,1,24.0,Sep/29/2009 16:37:47
667573,AIRSTRIKE.IRAN.MAR10,USA and/or Israel to execute an overt Air Strike against Iran by 31 Mar 2010,1,25.0,Sep/29/2009 16:37:47
667573,AIRSTRIKE.IRAN.MAR10,USA and/or Israel to execute an overt Air Strike against Iran by 31 Mar 2010,3,18.9,Sep/30/2009 18:51:47
667573,AIRSTRIKE.IRAN.MAR10,USA and/or Israel to execute an overt Air Strike against Iran by 31 Mar 2010,20,16.2,Oct/02/2009 14:55:59
667573,AIRSTRIKE.IRAN.MAR10,USA and/or Israel to execute an overt Air Strike against Iran by 31 Mar 2010,10,16.0,Oct/02/2009 14:55:59
667573,AIRSTRIKE.IRAN.MAR10,USA and/or Israel to execute an overt Air Strike against Iran by 31 Mar 2010,1,16.0,Oct/03/2009 00:00:38
667573,AIRSTRIKE.IRAN.MAR10,USA and/or Israel to execute an overt Air Strike against Iran by 31 Mar 2010,1,18.0,Oct/03/2009 18:52:17
667573,AIRSTRIKE.IRAN.MAR10,USA and/or Israel to execute an overt Air Strike against Iran by 31 Mar 2010,1,17.0,Oct/03/2009 18:52:17
667573,AIRSTRIKE.IRAN.MAR10,USA and/or Israel to execute an overt Air Strike against Iran by 31 Mar 2010,3,15.5,Oct/06/2009 14:27:07
667573,AIRSTRIKE.IRAN.MAR10,USA and/or Israel to execute an overt Air Strike against Iran by 31 Mar 2010,20,15.4,Oct/06/2009 14:27:07
667573,AIRSTRIKE.IRAN.MAR10,USA and/or Israel to execute an overt Air Strike against Iran by 31 Mar 2010,7,15.2,Oct/06/2009 14:27:07
667573,AIRSTRIKE.IRAN.MAR10,USA and/or Israel to execute an overt Air Strike against Iran by 31 Mar 2010,1,16.0,Oct/07/2009 19:09:22
667573,AIRSTRIKE.IRAN.MAR10,USA and/or Israel to execute an overt Air Strike against Iran by 31 Mar 2010,9,16.0,Oct/08/2009 15:58:11
667573,AIRSTRIKE.IRAN.MAR10,USA and/or Israel to execute an overt Air Strike against Iran by 31 Mar 2010,3,14.7,Oct/09/2009 17:34:13
667573,AIRSTRIKE.IRAN.MAR10,USA and/or Israel to execute an overt Air Strike against Iran by 31 Mar 2010,3,15.0,Oct/09/2009 17:34:13
667573,AIRSTRIKE.IRAN.MAR10,USA and/or Israel to execute an overt Air Strike against Iran by 31 Mar 2010,10,14.7,Oct/10/2009 03:12:44
667573,AIRSTRIKE.IRAN.MAR10,USA and/or Israel to execute an overt Air Strike against Iran by 31 Mar 2010,4,14.7,Oct/10/2009 03:41:27
667573,AIRSTRIKE.IRAN.MAR10,USA and/or Israel to execute an overt Air Strike against Iran by 31 Mar 2010,5,15.1,Oct/12/2009 20:06:36
667573,AIRSTRIKE.IRAN.MAR10,USA and/or Israel to execute an overt Air Strike against Iran by 31 Mar 2010,5,15.0,Oct/12/2009 20:06:48
667573,AIRSTRIKE.IRAN.MAR10,USA and/or Israel to execute an overt Air Strike against Iran by 31 Mar 2010,20,14.0,Oct/12/2009 20:06:56
667573,AIRSTRIKE.IRAN.MAR10,USA and/or Israel to execute an overt Air Strike against Iran by 31 Mar 2010,25,14.1,Oct/14/2009 16:40:08
667573,AIRSTRIKE.IRAN.MAR10,USA and/or Israel to execute an overt Air Strike against Iran by 31 Mar 2010,3,13.6,Oct/14/2009 16:40:08
667573,AIRSTRIKE.IRAN.MAR10,USA and/or Israel to execute an overt Air Strike against Iran by 31 Mar 2010,2,14.0,Oct/14/2009 16:40:08
667573,AIRSTRIKE.IRAN.MAR10,USA and/or Israel to execute an overt Air Strike against Iran by 31 Mar 2010,25,13.5,Oct/14/2009 16:40:08
667573,AIRSTRIKE.IRAN.MAR10,USA and/or Israel to execute an overt Air Strike against Iran by 31 Mar 2010,1,10.7,Oct/14/2009 20:27:39
667573,AIRSTRIKE.IRAN.MAR10,USA and/or Israel to execute an overt Air Strike against Iran by 31 Mar 2010,1,13.5,Oct/16/2009 19:09:45
667573,AIRSTRIKE.IRAN.MAR10,USA and/or Israel to execute an overt Air Strike against Iran by 31 Mar 2010,25,12.0,Oct/17/2009 00:21:39
667573,AIRSTRIKE.IRAN.MAR10,USA and/or Israel to execute an overt Air Strike against Iran by 31 Mar 2010,10,13.5,Oct/19/2009 20:59:19
667573,AIRSTRIKE.IRAN.MAR10,USA and/or Israel to execute an overt Air Strike against Iran by 31 Mar 2010,4,13.5,Oct/20/2009 21:50:15
667573,AIRSTRIKE.IRAN.MAR10,USA and/or Israel to execute an overt Air Strike against Iran by 31 Mar 2010,1,16.8,Oct/20/2009 21:50:15
667573,AIRSTRIKE.IRAN.MAR10,USA and/or Israel to execute an overt Air Strike against Iran by 31 Mar 2010,1,16.7,Oct/23/2009 16:42:31
667573,AIRSTRIKE.IRAN.MAR10,USA and/or Israel to execute an overt Air Strike against Iran by 31 Mar 2010,4,16.7,Oct/25/2009 19:28:03
667573,AIRSTRIKE.IRAN.MAR10,USA and/or Israel to execute an overt Air Strike against Iran by 31 Mar 2010,3,16.8,Oct/25/2009 19:28:21
667573,AIRSTRIKE.IRAN.MAR10,USA and/or Israel to execute an overt Air Strike against Iran by 31 Mar 2010,12,13.3,Oct/29/2009 15:40:45
667573,AIRSTRIKE.IRAN.MAR10,USA and/or Israel to execute an overt Air Strike against Iran by 31 Mar 2010,25,14.0,Oct/29/2009 15:40:45
667573,AIRSTRIKE.IRAN.MAR10,USA and/or Israel to execute an overt Air Strike against Iran by 31 Mar 2010,25,13.2,Oct/29/2009 15:40:45
667573,AIRSTRIKE.IRAN.MAR10,USA and/or Israel to execute an overt Air Strike against Iran by 31 Mar 2010,5,13.5,Oct/29/2009 15:40:45
667573,AIRSTRIKE.IRAN.MAR10,USA and/or Israel to execute an overt Air Strike against Iran by 31 Mar 2010,25,13.0,Oct/29/2009 15:40:45
667573,AIRSTRIKE.IRAN.MAR10,USA and/or Israel to execute an overt Air Strike against Iran by 31 Mar 2010,1,17.9,Oct/29/2009 20:36:41
667573,AIRSTRIKE.IRAN.MAR10,USA and/or Israel to execute an overt Air Strike against Iran by 31 Mar 2010,3,16.8,Oct/29/2009 20:36:41
667573,AIRSTRIKE.IRAN.MAR10,USA and/or Israel to execute an overt Air Strike against Iran by 31 Mar 2010,8,13.0,Oct/29/2009 20:36:41
667573,AIRSTRIKE.IRAN.MAR10,USA and/or Israel to execute an overt Air Strike against Iran by 31 Mar 2010,3,16.9,Oct/29/2009 20:36:41
667573,AIRSTRIKE.IRAN.MAR10,USA and/or Israel to execute an overt Air Strike against Iran by 31 Mar 2010,2,12.5,Oct/31/2009 20:27:00
667573,AIRSTRIKE.IRAN.MAR10,USA and/or Israel to execute an overt Air Strike against Iran by 31 Mar 2010,2,12.9,Nov/03/2009 19:28:09
667573,AIRSTRIKE.IRAN.MAR10,USA and/or Israel to execute an overt Air Strike against Iran by 31 Mar 2010,1,12.9,Nov/08/2009 04:12:03
667573,AIRSTRIKE.IRAN.MAR10,USA and/or Israel to execute an overt Air Strike against Iran by 31 Mar 2010,2,12.9,Nov/09/2009 17:36:40
667573,AIRSTRIKE.IRAN.MAR10,USA and/or Israel to execute an overt Air Strike against Iran by 31 Mar 2010,3,13.0,Nov/09/2009 17:36:40
667573,AIRSTRIKE.IRAN.MAR10,USA and/or Israel to execute an overt Air Strike against Iran by 31 Mar 2010,1,12.4,Nov/10/2009 18:03:37
667573,AIRSTRIKE.IRAN.MAR10,USA and/or Israel to execute an overt Air Strike against Iran by 31 Mar 2010,2,12.4,Nov/10/2009 22:45:12
667573,AIRSTRIKE.IRAN.MAR10,USA and/or Israel to execute an overt Air Strike against Iran by 31 Mar 2010,2,12.9,Nov/10/2009 22:45:39
667573,AIRSTRIKE.IRAN.MAR10,USA and/or Israel to execute an overt Air Strike against Iran by 31 Mar 2010,2,12.9,Nov/11/2009 19:35:47
667573,AIRSTRIKE.IRAN.MAR10,USA and/or Israel to execute an overt Air Strike against Iran by 31 Mar 2010,22,12.4,Nov/13/2009 03:07:28
667573,AIRSTRIKE.IRAN.MAR10,USA and/or Israel to execute an overt Air Strike against Iran by 31 Mar 2010,2,12.2,Nov/13/2009 16:22:45
667573,AIRSTRIKE.IRAN.MAR10,USA and/or Israel to execute an overt Air Strike against Iran by 31 Mar 2010,23,12.2,Nov/13/2009 19:25:17
667573,AIRSTRIKE.IRAN.MAR10,USA and/or Israel to execute an overt Air Strike against Iran by 31 Mar 2010,1,12.4,Nov/15/2009 18:54:17
667573,AIRSTRIKE.IRAN.MAR10,USA and/or Israel to execute an overt Air Strike against Iran by 31 Mar 2010,2,12.5,Nov/16/2009 16:19:57
667573,AIRSTRIKE.IRAN.MAR10,USA and/or Israel to execute an overt Air Strike against Iran by 31 Mar 2010,1,11.4,Nov/19/2009 17:30:52
667573,AIRSTRIKE.IRAN.MAR10,USA and/or Israel to execute an overt Air Strike against Iran by 31 Mar 2010,5,12.0,Nov/19/2009 19:15:24
667573,AIRSTRIKE.IRAN.MAR10,USA and/or Israel to execute an overt Air Strike against Iran by 31 Mar 2010,2,13.0,Nov/19/2009 19:28:45
667573,AIRSTRIKE.IRAN.MAR10,USA and/or Israel to execute an overt Air Strike against Iran by 31 Mar 2010,2,13.4,Nov/24/2009 00:19:22
667573,AIRSTRIKE.IRAN.MAR10,USA and/or Israel to execute an overt Air Strike against Iran by 31 Mar 2010,2,13.5,Nov/24/2009 00:19:36
667573,AIRSTRIKE.IRAN.MAR10,USA and/or Israel to execute an overt Air Strike against Iran by 31 Mar 2010,3,13.6,Nov/24/2009 00:19:53
667573,AIRSTRIKE.IRAN.MAR10,USA and/or Israel to execute an overt Air Strike against Iran by 31 Mar 2010,2,13.6,Nov/24/2009 10:49:55
667573,AIRSTRIKE.IRAN.MAR10,USA and/or Israel to execute an overt Air Strike against Iran by 31 Mar 2010,2,12.1,Nov/26/2009 04:11:41
667573,AIRSTRIKE.IRAN.MAR10,USA and/or Israel to execute an overt Air Strike against Iran by 31 Mar 2010,1,12.1,Nov/26/2009 04:11:41
667573,AIRSTRIKE.IRAN.MAR10,USA and/or Israel to execute an overt Air Strike against Iran by 31 Mar 2010,3,15.0,Nov/29/2009 16:09:04
667573,AIRSTRIKE.IRAN.MAR10,USA and/or Israel to execute an overt Air Strike against Iran by 31 Mar 2010,3,14.9,Nov/29/2009 16:09:04
667573,AIRSTRIKE.IRAN.MAR10,USA and/or Israel to execute an overt Air Strike against Iran by 31 Mar 2010,3,13.7,Nov/29/2009 16:09:04
667573,AIRSTRIKE.IRAN.MAR10,USA and/or Israel to execute an overt Air Strike against Iran by 31 Mar 2010,2,16.0,Nov/29/2009 16:18:51
667573,AIRSTRIKE.IRAN.MAR10,USA and/or Israel to execute an overt Air Strike against Iran by 31 Mar 2010,2,17.0,Nov/29/2009 16:34:07
667573,AIRSTRIKE.IRAN.MAR10,USA and/or Israel to execute an overt Air Strike against Iran by 31 Mar 2010,1,14.0,Nov/30/2009 19:30:46
667573,AIRSTRIKE.IRAN.MAR10,USA and/or Israel to execute an overt Air Strike against Iran by 31 Mar 2010,1,14.5,Nov/30/2009 19:31:23
667573,AIRSTRIKE.IRAN.MAR10,USA and/or Israel to execute an overt Air Strike against Iran by 31 Mar 2010,22,12.0,Nov/30/2009 21:36:54
667573,AIRSTRIKE.IRAN.MAR10,USA and/or Israel to execute an overt Air Strike against Iran by 31 Mar 2010,25,13.0,Nov/30/2009 21:36:54
667573,AIRSTRIKE.IRAN.MAR10,USA and/or Israel to execute an overt Air Strike against Iran by 31 Mar 2010,3,12.3,Nov/30/2009 21:36:54
667573,AIRSTRIKE.IRAN.MAR10,USA and/or Israel to execute an overt Air Strike against Iran by 31 Mar 2010,5,12.4,Nov/30/2009 21:36:54
667573,AIRSTRIKE.IRAN.MAR10,USA and/or Israel to execute an overt Air Strike against Iran by 31 Mar 2010,20,12.5,Nov/30/2009 21:36:54
667573,AIRSTRIKE.IRAN.MAR10,USA and/or Israel to execute an overt Air Strike against Iran by 31 Mar 2010,3,12.0,Nov/30/2009 21:37:37
667573,AIRSTRIKE.IRAN.MAR10,USA and/or Israel to execute an overt Air Strike against Iran by 31 Mar 2010,5,11.1,Dec/02/2009 20:50:54
667573,AIRSTRIKE.IRAN.MAR10,USA and/or Israel to execute an overt Air Strike against Iran by 31 Mar 2010,3,11.8,Dec/02/2009 20:50:54
667573,AIRSTRIKE.IRAN.MAR10,USA and/or Israel to execute an overt Air Strike against Iran by 31 Mar 2010,3,11.4,Dec/02/2009 20:50:54
667573,AIRSTRIKE.IRAN.MAR10,USA and/or Israel to execute an overt Air Strike against Iran by 31 Mar 2010,1,11.2,Dec/02/2009 20:50:54
667573,AIRSTRIKE.IRAN.MAR10,USA and/or Israel to execute an overt Air Strike against Iran by 31 Mar 2010,5,11.0,Dec/02/2009 20:50:54
667573,AIRSTRIKE.IRAN.MAR10,USA and/or Israel to execute an overt Air Strike against Iran by 31 Mar 2010,5,10.6,Dec/04/2009 14:38:33
667573,AIRSTRIKE.IRAN.MAR10,USA and/or Israel to execute an overt Air Strike against Iran by 31 Mar 2010,2,10.2,Dec/04/2009 15:07:01
667573,AIRSTRIKE.IRAN.MAR10,USA and/or Israel to execute an overt Air Strike against Iran by 31 Mar 2010,25,10.1,Dec/04/2009 20:36:20
667573,AIRSTRIKE.IRAN.MAR10,USA and/or Israel to execute an overt Air Strike against Iran by 31 Mar 2010,25,10.0,Dec/04/2009 20:36:20
667573,AIRSTRIKE.IRAN.MAR10,USA and/or Israel to execute an overt Air Strike against Iran by 31 Mar 2010,2,9.1,Dec/07/2009 12:43:02
667573,AIRSTRIKE.IRAN.MAR10,USA and/or Israel to execute an overt Air Strike against Iran by 31 Mar 2010,8,9.0,Dec/07/2009 12:43:02
667573,AIRSTRIKE.IRAN.MAR10,USA and/or Israel to execute an overt Air Strike against Iran by 31 Mar 2010,1,9.1,Dec/08/2009 15:47:43
667573,AIRSTRIKE.IRAN.MAR10,USA and/or Israel to execute an overt Air Strike against Iran by 31 Mar 2010,2,9.0,Dec/08/2009 15:47:43
667573,AIRSTRIKE.IRAN.MAR10,USA and/or Israel to execute an overt Air Strike against Iran by 31 Mar 2010,5,8.8,Dec/11/2009 23:45:14
667573,AIRSTRIKE.IRAN.MAR10,USA and/or Israel to execute an overt Air Strike against Iran by 31 Mar 2010,2,9.0,Dec/12/2009 00:33:41
667573,AIRSTRIKE.IRAN.MAR10,USA and/or Israel to execute an overt Air Strike against Iran by 31 Mar 2010,1,9.0,Dec/17/2009 20:13:04
667573,AIRSTRIKE.IRAN.MAR10,USA and/or Israel to execute an overt Air Strike against Iran by 31 Mar 2010,1,9.0,Dec/18/2009 12:38:47
667573,AIRSTRIKE.IRAN.MAR10,USA and/or Israel to execute an overt Air Strike against Iran by 31 Mar 2010,2,8.6,Dec/19/2009 12:02:07
667573,AIRSTRIKE.IRAN.MAR10,USA and/or Israel to execute an overt Air Strike against Iran by 31 Mar 2010,10,8.5,Dec/29/2009 05:51:19
667573,AIRSTRIKE.IRAN.MAR10,USA and/or Israel to execute an overt Air Strike against Iran by 31 Mar 2010,2,8.7,Dec/30/2009 04:42:58
667573,AIRSTRIKE.IRAN.MAR10,USA and/or Israel to execute an overt Air Strike against Iran by 31 Mar 2010,1,8.0,Dec/30/2009 17:11:02
667573,AIRSTRIKE.IRAN.MAR10,USA and/or Israel to execute an overt Air Strike against Iran by 31 Mar 2010,13,9.0,Dec/31/2009 01:24:05
667573,AIRSTRIKE.IRAN.MAR10,USA and/or Israel to execute an overt Air Strike against Iran by 31 Mar 2010,2,8.8,Dec/31/2009 01:24:05
667573,AIRSTRIKE.IRAN.MAR10,USA and/or Israel to execute an overt Air Strike against Iran by 31 Mar 2010,1,9.0,Dec/31/2009 02:55:55
667573,AIRSTRIKE.IRAN.MAR10,USA and/or Israel to execute an overt Air Strike against Iran by 31 Mar 2010,2,9.0,Dec/31/2009 02:59:25
667573,AIRSTRIKE.IRAN.MAR10,USA and/or Israel to execute an overt Air Strike against Iran by 31 Mar 2010,2,9.0,Dec/31/2009 05:17:25
667573,AIRSTRIKE.IRAN.MAR10,USA and/or Israel to execute an overt Air Strike against Iran by 31 Mar 2010,5,7.1,Jan/03/2010 18:26:25
667573,AIRSTRIKE.IRAN.MAR10,USA and/or Israel to execute an overt Air Strike against Iran by 31 Mar 2010,3,6.5,Jan/03/2010 18:26:25
667573,AIRSTRIKE.IRAN.MAR10,USA and/or Israel to execute an overt Air Strike against Iran by 31 Mar 2010,5,7.2,Jan/03/2010 18:26:25
667573,AIRSTRIKE.IRAN.MAR10,USA and/or Israel to execute an overt Air Strike against Iran by 31 Mar 2010,5,5.2,Jan/06/2010 04:04:15
667573,AIRSTRIKE.IRAN.MAR10,USA and/or Israel to execute an overt Air Strike against Iran by 31 Mar 2010,2,4.1,Jan/07/2010 17:34:06
667573,AIRSTRIKE.IRAN.MAR10,USA and/or Israel to execute an overt Air Strike against Iran by 31 Mar 2010,5,4.2,Jan/09/2010 02:58:54
667573,AIRSTRIKE.IRAN.MAR10,USA and/or Israel to execute an overt Air Strike against Iran by 31 Mar 2010,10,5.0,Jan/09/2010 19:11:39
667573,AIRSTRIKE.IRAN.MAR10,USA and/or Israel to execute an overt Air Strike against Iran by 31 Mar 2010,5,5.3,Jan/10/2010 00:49:04
667573,AIRSTRIKE.IRAN.MAR10,USA and/or Israel to execute an overt Air Strike against Iran by 31 Mar 2010,5,6.0,Jan/10/2010 00:49:04
667573,AIRSTRIKE.IRAN.MAR10,USA and/or Israel to execute an overt Air Strike against Iran by 31 Mar 2010,3,5.9,Jan/10/2010 00:49:04
667573,AIRSTRIKE.IRAN.MAR10,USA and/or Israel to execute an overt Air Strike against Iran by 31 Mar 2010,3,5.2,Jan/10/2010 00:49:04
667573,AIRSTRIKE.IRAN.MAR10,USA and/or Israel to execute an overt Air Strike against Iran by 31 Mar 2010,3,6.0,Jan/10/2010 01:48:08
667573,AIRSTRIKE.IRAN.MAR10,USA and/or Israel to execute an overt Air Strike against Iran by 31 Mar 2010,4,6.0,Jan/10/2010 05:23:50
667573,AIRSTRIKE.IRAN.MAR10,USA and/or Israel to execute an overt Air Strike against Iran by 31 Mar 2010,2,6.2,Jan/13/2010 17:46:44
667573,AIRSTRIKE.IRAN.MAR10,USA and/or Israel to execute an overt Air Strike against Iran by 31 Mar 2010,3,6.3,Jan/13/2010 22:33:04
667573,AIRSTRIKE.IRAN.MAR10,USA and/or Israel to execute an overt Air Strike against Iran by 31 Mar 2010,4,6.7,Jan/13/2010 22:33:31
667573,AIRSTRIKE.IRAN.MAR10,USA and/or Israel to execute an overt Air Strike against Iran by 31 Mar 2010,3,6.8,Jan/13/2010 22:33:43
667573,AIRSTRIKE.IRAN.MAR10,USA and/or Israel to execute an overt Air Strike against Iran by 31 Mar 2010,4,6.2,Jan/14/2010 15:55:34
667573,AIRSTRIKE.IRAN.MAR10,USA and/or Israel to execute an overt Air Strike against Iran by 31 Mar 2010,4,7.2,Jan/15/2010 09:49:31
667573,AIRSTRIKE.IRAN.MAR10,USA and/or Israel to execute an overt Air Strike against Iran by 31 Mar 2010,5,7.4,Jan/15/2010 09:49:31
667573,AIRSTRIKE.IRAN.MAR10,USA and/or Israel to execute an overt Air Strike against Iran by 31 Mar 2010,2,6.9,Jan/15/2010 09:49:31
667573,AIRSTRIKE.IRAN.MAR10,USA and/or Israel to execute an overt Air Strike against Iran by 31 Mar 2010,2,7.9,Jan/15/2010 09:49:31
667573,AIRSTRIKE.IRAN.MAR10,USA and/or Israel to execute an overt Air Strike against Iran by 31 Mar 2010,3,8.0,Jan/15/2010 09:49:31
667573,AIRSTRIKE.IRAN.MAR10,USA and/or Israel to execute an overt Air Strike against Iran by 31 Mar 2010,4,7.8,Jan/15/2010 09:49:31
667573,AIRSTRIKE.IRAN.MAR10,USA and/or Israel to execute an overt Air Strike against Iran by 31 Mar 2010,1,8.0,Jan/15/2010 12:27:21
667573,AIRSTRIKE.IRAN.MAR10,USA and/or Israel to execute an overt Air Strike against Iran by 31 Mar 2010,19,8.0,Jan/15/2010 13:41:58
667573,AIRSTRIKE.IRAN.MAR10,USA and/or Israel to execute an overt Air Strike against Iran by 31 Mar 2010,5,8.5,Jan/15/2010 17:04:45
667573,AIRSTRIKE.IRAN.MAR10,USA and/or Israel to execute an overt Air Strike against Iran by 31 Mar 2010,5,9.0,Jan/15/2010 17:04:45
667573,AIRSTRIKE.IRAN.MAR10,USA and/or Israel to execute an overt Air Strike against Iran by 31 Mar 2010,3,9.9,Jan/15/2010 17:04:45
667573,AIRSTRIKE.IRAN.MAR10,USA and/or Israel to execute an overt Air Strike against Iran by 31 Mar 2010,3,9.5,Jan/15/2010 17:04:45
667573,AIRSTRIKE.IRAN.MAR10,USA and/or Israel to execute an overt Air Strike against Iran by 31 Mar 2010,3,9.0,Jan/15/2010 17:04:45
667573,AIRSTRIKE.IRAN.MAR10,USA and/or Israel to execute an overt Air Strike against Iran by 31 Mar 2010,4,8.6,Jan/15/2010 17:04:45
667573,AIRSTRIKE.IRAN.MAR10,USA and/or Israel to execute an overt Air Strike against Iran by 31 Mar 2010,2,10.0,Jan/15/2010 17:41:50
667573,AIRSTRIKE.IRAN.MAR10,USA and/or Israel to execute an overt Air Strike against Iran by 31 Mar 2010,2,8.0,Jan/15/2010 17:49:13
667573,AIRSTRIKE.IRAN.MAR10,USA and/or Israel to execute an overt Air Strike against Iran by 31 Mar 2010,3,9.0,Jan/15/2010 18:05:49
667573,AIRSTRIKE.IRAN.MAR10,USA and/or Israel to execute an overt Air Strike against Iran by 31 Mar 2010,10,10.0,Jan/15/2010 19:15:25
667573,AIRSTRIKE.IRAN.MAR10,USA and/or Israel to execute an overt Air Strike against Iran by 31 Mar 2010,3,9.9,Jan/15/2010 19:15:25
667573,AIRSTRIKE.IRAN.MAR10,USA and/or Israel to execute an overt Air Strike against Iran by 31 Mar 2010,5,9.9,Jan/15/2010 19:15:25
667573,AIRSTRIKE.IRAN.MAR10,USA and/or Israel to execute an overt Air Strike against Iran by 31 Mar 2010,3,10.4,Jan/15/2010 19:25:30
667573,AIRSTRIKE.IRAN.MAR10,USA and/or Israel to execute an overt Air Strike against Iran by 31 Mar 2010,3,10.9,Jan/15/2010 19:30:24
667573,AIRSTRIKE.IRAN.MAR10,USA and/or Israel to execute an overt Air Strike against Iran by 31 Mar 2010,3,11.4,Jan/15/2010 19:31:38
667573,AIRSTRIKE.IRAN.MAR10,USA and/or Israel to execute an overt Air Strike against Iran by 31 Mar 2010,3,11.9,Jan/15/2010 19:32:01
667573,AIRSTRIKE.IRAN.MAR10,USA and/or Israel to execute an overt Air Strike against Iran by 31 Mar 2010,5,12.0,Jan/15/2010 19:32:14
667573,AIRSTRIKE.IRAN.MAR10,USA and/or Israel to execute an overt Air Strike against Iran by 31 Mar 2010,5,10.0,Jan/15/2010 19:49:44
667573,AIRSTRIKE.IRAN.MAR10,USA and/or Israel to execute an overt Air Strike against Iran by 31 Mar 2010,3,10.8,Jan/15/2010 19:54:58
667573,AIRSTRIKE.IRAN.MAR10,USA and/or Israel to execute an overt Air Strike against Iran by 31 Mar 2010,2,12.0,Jan/15/2010 19:54:58
667573,AIRSTRIKE.IRAN.MAR10,USA and/or Israel to execute an overt Air Strike against Iran by 31 Mar 2010,1,11.0,Jan/15/2010 19:54:58
667573,AIRSTRIKE.IRAN.MAR10,USA and/or Israel to execute an overt Air Strike against Iran by 31 Mar 2010,5,10.0,Jan/15/2010 19:59:58
667573,AIRSTRIKE.IRAN.MAR10,USA and/or Israel to execute an overt Air Strike against Iran by 31 Mar 2010,30,10.5,Jan/15/2010 19:59:58
667573,AIRSTRIKE.IRAN.MAR10,USA and/or Israel to execute an overt Air Strike against Iran by 31 Mar 2010,58,10.0,Jan/15/2010 20:03:04
667573,AIRSTRIKE.IRAN.MAR10,USA and/or Israel to execute an overt Air Strike against Iran by 31 Mar 2010,4,10.0,Jan/15/2010 20:03:30
667573,AIRSTRIKE.IRAN.MAR10,USA and/or Israel to execute an overt Air Strike against Iran by 31 Mar 2010,3,7.0,Jan/16/2010 02:54:29
667573,AIRSTRIKE.IRAN.MAR10,USA and/or Israel to execute an overt Air Strike against Iran by 31 Mar 2010,5,7.3,Jan/18/2010 18:26:11
667573,AIRSTRIKE.IRAN.MAR10,USA and/or Israel to execute an overt Air Strike against Iran by 31 Mar 2010,2,7.0,Jan/18/2010 21:01:16
667573,AIRSTRIKE.IRAN.MAR10,USA and/or Israel to execute an overt Air Strike against Iran by 31 Mar 2010,3,7.0,Jan/18/2010 21:01:16
667573,AIRSTRIKE.IRAN.MAR10,USA and/or Israel to execute an overt Air Strike against Iran by 31 Mar 2010,1,5.6,Jan/18/2010 21:01:23
667573,AIRSTRIKE.IRAN.MAR10,USA and/or Israel to execute an overt Air Strike against Iran by 31 Mar 2010,1,7.1,Jan/18/2010 23:19:53
667573,AIRSTRIKE.IRAN.MAR10,USA and/or Israel to execute an overt Air Strike against Iran by 31 Mar 2010,5,6.8,Jan/19/2010 04:23:57
667573,AIRSTRIKE.IRAN.MAR10,USA and/or Israel to execute an overt Air Strike against Iran by 31 Mar 2010,2,6.8,Jan/19/2010 23:55:20
667573,AIRSTRIKE.IRAN.MAR10,USA and/or Israel to execute an overt Air Strike against Iran by 31 Mar 2010,5,5.7,Jan/20/2010 18:28:15
667573,AIRSTRIKE.IRAN.MAR10,USA and/or Israel to execute an overt Air Strike against Iran by 31 Mar 2010,5,5.0,Jan/20/2010 18:28:15
667573,AIRSTRIKE.IRAN.MAR10,USA and/or Israel to execute an overt Air Strike against Iran by 31 Mar 2010,90,5.0,Jan/20/2010 21:02:33
667573,AIRSTRIKE.IRAN.MAR10,USA and/or Israel to execute an overt Air Strike against Iran by 31 Mar 2010,4,4.5,Jan/21/2010 13:39:45
667573,AIRSTRIKE.IRAN.MAR10,USA and/or Israel to execute an overt Air Strike against Iran by 31 Mar 2010,2,4.1,Jan/21/2010 21:10:19
667573,AIRSTRIKE.IRAN.MAR10,USA and/or Israel to execute an overt Air Strike against Iran by 31 Mar 2010,1,4.1,Jan/21/2010 21:10:19
667573,AIRSTRIKE.IRAN.MAR10,USA and/or Israel to execute an overt Air Strike against Iran by 31 Mar 2010,2,4.1,Jan/21/2010 21:10:19
667573,AIRSTRIKE.IRAN.MAR10,USA and/or Israel to execute an overt Air Strike against Iran by 31 Mar 2010,1,4.5,Jan/21/2010 21:10:19
667573,AIRSTRIKE.IRAN.MAR10,USA and/or Israel to execute an overt Air Strike against Iran by 31 Mar 2010,40,4.0,Jan/21/2010 21:10:19
667573,AIRSTRIKE.IRAN.MAR10,USA and/or Israel to execute an overt Air Strike against Iran by 31 Mar 2010,17,3.0,Jan/21/2010 21:10:19
667573,AIRSTRIKE.IRAN.MAR10,USA and/or Israel to execute an overt Air Strike against Iran by 31 Mar 2010,2,3.0,Jan/21/2010 21:11:19
667573,AIRSTRIKE.IRAN.MAR10,USA and/or Israel to execute an overt Air Strike against Iran by 31 Mar 2010,2,3.4,Jan/22/2010 04:18:42
667573,AIRSTRIKE.IRAN.MAR10,USA and/or Israel to execute an overt Air Strike against Iran by 31 Mar 2010,1,3.4,Jan/22/2010 21:46:34
667573,AIRSTRIKE.IRAN.MAR10,USA and/or Israel to execute an overt Air Strike against Iran by 31 Mar 2010,5,4.9,Jan/24/2010 18:00:50
667573,AIRSTRIKE.IRAN.MAR10,USA and/or Israel to execute an overt Air Strike against Iran by 31 Mar 2010,1,5.5,Jan/24/2010 18:45:31
667573,AIRSTRIKE.IRAN.MAR10,USA and/or Israel to execute an overt Air Strike against Iran by 31 Mar 2010,5,5.5,Jan/25/2010 10:11:22
667573,AIRSTRIKE.IRAN.MAR10,USA and/or Israel to execute an overt Air Strike against Iran by 31 Mar 2010,5,5.9,Jan/25/2010 10:11:22
667573,AIRSTRIKE.IRAN.MAR10,USA and/or Israel to execute an overt Air Strike against Iran by 31 Mar 2010,2,5.8,Jan/25/2010 22:19:46
667573,AIRSTRIKE.IRAN.MAR10,USA and/or Israel to execute an overt Air Strike against Iran by 31 Mar 2010,5,5.9,Jan/25/2010 22:19:46
667573,AIRSTRIKE.IRAN.MAR10,USA and/or Israel to execute an overt Air Strike against Iran by 31 Mar 2010,5,6.9,Jan/25/2010 22:19:46
667573,AIRSTRIKE.IRAN.MAR10,USA and/or Israel to execute an overt Air Strike against Iran by 31 Mar 2010,5,6.4,Jan/25/2010 22:19:46
667573,AIRSTRIKE.IRAN.MAR10,USA and/or Israel to execute an overt Air Strike against Iran by 31 Mar 2010,3,6.8,Jan/25/2010 22:19:46
667573,AIRSTRIKE.IRAN.MAR10,USA and/or Israel to execute an overt Air Strike against Iran by 31 Mar 2010,5,5.5,Jan/27/2010 07:18:48
667573,AIRSTRIKE.IRAN.MAR10,USA and/or Israel to execute an overt Air Strike against Iran by 31 Mar 2010,5,5.9,Jan/27/2010 07:18:48
667573,AIRSTRIKE.IRAN.MAR10,USA and/or Israel to execute an overt Air Strike against Iran by 31 Mar 2010,5,6.4,Jan/27/2010 07:18:48
667573,AIRSTRIKE.IRAN.MAR10,USA and/or Israel to execute an overt Air Strike against Iran by 31 Mar 2010,2,6.8,Jan/27/2010 07:18:48
667573,AIRSTRIKE.IRAN.MAR10,USA and/or Israel to execute an overt Air Strike against Iran by 31 Mar 2010,5,7.4,Jan/27/2010 07:18:48
667573,AIRSTRIKE.IRAN.MAR10,USA and/or Israel to execute an overt Air Strike against Iran by 31 Mar 2010,5,6.9,Jan/27/2010 07:18:48
667573,AIRSTRIKE.IRAN.MAR10,USA and/or Israel to execute an overt Air Strike against Iran by 31 Mar 2010,5,7.0,Jan/27/2010 07:18:48
667573,AIRSTRIKE.IRAN.MAR10,USA and/or Israel to execute an overt Air Strike against Iran by 31 Mar 2010,2,6.1,Jan/28/2010 15:45:20
667573,AIRSTRIKE.IRAN.MAR10,USA and/or Israel to execute an overt Air Strike against Iran by 31 Mar 2010,3,6.2,Jan/29/2010 11:28:38
667573,AIRSTRIKE.IRAN.MAR10,USA and/or Israel to execute an overt Air Strike against Iran by 31 Mar 2010,10,6.3,Jan/29/2010 11:28:38
667573,AIRSTRIKE.IRAN.MAR10,USA and/or Israel to execute an overt Air Strike against Iran by 31 Mar 2010,4,6.4,Jan/29/2010 11:28:38
667573,AIRSTRIKE.IRAN.MAR10,USA and/or Israel to execute an overt Air Strike against Iran by 31 Mar 2010,2,7.0,Jan/29/2010 11:31:48
667573,AIRSTRIKE.IRAN.MAR10,USA and/or Israel to execute an overt Air Strike against Iran by 31 Mar 2010,5,7.0,Jan/29/2010 11:31:48
667573,AIRSTRIKE.IRAN.MAR10,USA and/or Israel to execute an overt Air Strike against Iran by 31 Mar 2010,5,6.9,Jan/29/2010 11:31:48
667573,AIRSTRIKE.IRAN.MAR10,USA and/or Israel to execute an overt Air Strike against Iran by 31 Mar 2010,1,6.0,Jan/29/2010 20:08:57
667573,AIRSTRIKE.IRAN.MAR10,USA and/or Israel to execute an overt Air Strike against Iran by 31 Mar 2010,1,6.9,Jan/31/2010 02:21:03
667573,AIRSTRIKE.IRAN.MAR10,USA and/or Israel to execute an overt Air Strike against Iran by 31 Mar 2010,3,8.8,Jan/31/2010 02:21:03
667573,AIRSTRIKE.IRAN.MAR10,USA and/or Israel to execute an overt Air Strike against Iran by 31 Mar 2010,3,8.5,Jan/31/2010 02:21:03
667573,AIRSTRIKE.IRAN.MAR10,USA and/or Israel to execute an overt Air Strike against Iran by 31 Mar 2010,3,8.2,Jan/31/2010 02:21:03
667573,AIRSTRIKE.IRAN.MAR10,USA and/or Israel to execute an overt Air Strike against Iran by 31 Mar 2010,3,7.9,Jan/31/2010 02:21:03
667573,AIRSTRIKE.IRAN.MAR10,USA and/or Israel to execute an overt Air Strike against Iran by 31 Mar 2010,3,7.6,Jan/31/2010 02:21:03
667573,AIRSTRIKE.IRAN.MAR10,USA and/or Israel to execute an overt Air Strike against Iran by 31 Mar 2010,3,7.2,Jan/31/2010 02:21:03
667573,AIRSTRIKE.IRAN.MAR10,USA and/or Israel to execute an overt Air Strike against Iran by 31 Mar 2010,3,6.9,Jan/31/2010 02:21:03
667573,AIRSTRIKE.IRAN.MAR10,USA and/or Israel to execute an overt Air Strike against Iran by 31 Mar 2010,5,7.3,Jan/31/2010 02:21:03
667573,AIRSTRIKE.IRAN.MAR10,USA and/or Israel to execute an overt Air Strike against Iran by 31 Mar 2010,3,6.1,Jan/31/2010 20:13:47
667573,AIRSTRIKE.IRAN.MAR10,USA and/or Israel to execute an overt Air Strike against Iran by 31 Mar 2010,1,6.0,Jan/31/2010 20:14:02
667573,AIRSTRIKE.IRAN.MAR10,USA and/or Israel to execute an overt Air Strike against Iran by 31 Mar 2010,2,6.1,Jan/31/2010 22:31:56
667573,AIRSTRIKE.IRAN.MAR10,USA and/or Israel to execute an overt Air Strike against Iran by 31 Mar 2010,24,6.0,Jan/31/2010 22:31:56
667573,AIRSTRIKE.IRAN.MAR10,USA and/or Israel to execute an overt Air Strike against Iran by 31 Mar 2010,1,4.8,Feb/01/2010 00:59:10
667573,AIRSTRIKE.IRAN.MAR10,USA and/or Israel to execute an overt Air Strike against Iran by 31 Mar 2010,5,5.0,Feb/01/2010 21:25:26
667573,AIRSTRIKE.IRAN.MAR10,USA and/or Israel to execute an overt Air Strike against Iran by 31 Mar 2010,2,5.0,Feb/02/2010 16:58:02
667573,AIRSTRIKE.IRAN.MAR10,USA and/or Israel to execute an overt Air Strike against Iran by 31 Mar 2010,2,4.8,Feb/02/2010 18:53:22
667573,AIRSTRIKE.IRAN.MAR10,USA and/or Israel to execute an overt Air Strike against Iran by 31 Mar 2010,3,5.0,Feb/02/2010 18:53:22
667573,AIRSTRIKE.IRAN.MAR10,USA and/or Israel to execute an overt Air Strike against Iran by 31 Mar 2010,2,5.3,Feb/03/2010 00:05:27
667573,AIRSTRIKE.IRAN.MAR10,USA and/or Israel to execute an overt Air Strike against Iran by 31 Mar 2010,2,5.9,Feb/03/2010 00:05:53
667573,AIRSTRIKE.IRAN.MAR10,USA and/or Israel to execute an overt Air Strike against Iran by 31 Mar 2010,2,5.4,Feb/03/2010 00:05:53
667573,AIRSTRIKE.IRAN.MAR10,USA and/or Israel to execute an overt Air Strike against Iran by 31 Mar 2010,4,5.0,Feb/03/2010 23:34:35
667573,AIRSTRIKE.IRAN.MAR10,USA and/or Israel to execute an overt Air Strike against Iran by 31 Mar 2010,5,4.8,Feb/05/2010 20:19:38
667573,AIRSTRIKE.IRAN.MAR10,USA and/or Israel to execute an overt Air Strike against Iran by 31 Mar 2010,13,4.9,Feb/07/2010 14:10:42
667573,AIRSTRIKE.IRAN.MAR10,USA and/or Israel to execute an overt Air Strike against Iran by 31 Mar 2010,5,4.8,Feb/07/2010 22:54:56
667573,AIRSTRIKE.IRAN.MAR10,USA and/or Israel to execute an overt Air Strike against Iran by 31 Mar 2010,3,4.8,Feb/07/2010 22:56:15
667573,AIRSTRIKE.IRAN.MAR10,USA and/or Israel to execute an overt Air Strike against Iran by 31 Mar 2010,10,4.8,Feb/07/2010 22:58:06
667573,AIRSTRIKE.IRAN.MAR10,USA and/or Israel to execute an overt Air Strike against Iran by 31 Mar 2010,22,4.8,Feb/07/2010 23:03:18
667573,AIRSTRIKE.IRAN.MAR10,USA and/or Israel to execute an overt Air Strike against Iran by 31 Mar 2010,10,4.8,Feb/07/2010 23:06:51
667573,AIRSTRIKE.IRAN.MAR10,USA and/or Israel to execute an overt Air Strike against Iran by 31 Mar 2010,2,4.9,Feb/08/2010 13:20:22
667573,AIRSTRIKE.IRAN.MAR10,USA and/or Israel to execute an overt Air Strike against Iran by 31 Mar 2010,5,5.0,Feb/08/2010 13:20:22
667573,AIRSTRIKE.IRAN.MAR10,USA and/or Israel to execute an overt Air Strike against Iran by 31 Mar 2010,4,5.0,Feb/09/2010 04:34:31
667573,AIRSTRIKE.IRAN.MAR10,USA and/or Israel to execute an overt Air Strike against Iran by 31 Mar 2010,1,5.5,Feb/09/2010 04:35:39
667573,AIRSTRIKE.IRAN.MAR10,USA and/or Israel to execute an overt Air Strike against Iran by 31 Mar 2010,3,4.9,Feb/09/2010 19:09:46
667573,AIRSTRIKE.IRAN.MAR10,USA and/or Israel to execute an overt Air Strike against Iran by 31 Mar 2010,4,4.9,Feb/09/2010 21:57:09
667573,AIRSTRIKE.IRAN.MAR10,USA and/or Israel to execute an overt Air Strike against Iran by 31 Mar 2010,2,5.0,Feb/09/2010 21:59:12
667573,AIRSTRIKE.IRAN.MAR10,USA and/or Israel to execute an overt Air Strike against Iran by 31 Mar 2010,1,4.9,Feb/09/2010 22:00:11
667573,AIRSTRIKE.IRAN.MAR10,USA and/or Israel to execute an overt Air Strike against Iran by 31 Mar 2010,1,4.9,Feb/10/2010 16:35:47
667573,AIRSTRIKE.IRAN.MAR10,USA and/or Israel to execute an overt Air Strike against Iran by 31 Mar 2010,8,5.0,Feb/10/2010 20:37:52
667573,AIRSTRIKE.IRAN.MAR10,USA and/or Israel to execute an overt Air Strike against Iran by 31 Mar 2010,1,5.3,Feb/10/2010 21:21:57
667573,AIRSTRIKE.IRAN.MAR10,USA and/or Israel to execute an overt Air Strike against Iran by 31 Mar 2010,10,5.5,Feb/10/2010 21:22:14
667573,AIRSTRIKE.IRAN.MAR10,USA and/or Israel to execute an overt Air Strike against Iran by 31 Mar 2010,1,5.6,Feb/10/2010 21:22:23
667573,AIRSTRIKE.IRAN.MAR10,USA and/or Israel to execute an overt Air Strike against Iran by 31 Mar 2010,5,5.7,Feb/10/2010 21:22:38
667573,AIRSTRIKE.IRAN.MAR10,USA and/or Israel to execute an overt Air Strike against Iran by 31 Mar 2010,1,5.9,Feb/10/2010 21:22:55
667573,AIRSTRIKE.IRAN.MAR10,USA and/or Israel to execute an overt Air Strike against Iran by 31 Mar 2010,12,5.9,Feb/10/2010 21:23:04
667573,AIRSTRIKE.IRAN.MAR10,USA and/or Israel to execute an overt Air Strike against Iran by 31 Mar 2010,13,6.0,Feb/10/2010 21:23:04
667573,AIRSTRIKE.IRAN.MAR10,USA and/or Israel to execute an overt Air Strike against Iran by 31 Mar 2010,12,6.0,Feb/10/2010 21:23:50
667573,AIRSTRIKE.IRAN.MAR10,USA and/or Israel to execute an overt Air Strike against Iran by 31 Mar 2010,2,6.0,Feb/11/2010 00:01:20
667573,AIRSTRIKE.IRAN.MAR10,USA and/or Israel to execute an overt Air Strike against Iran by 31 Mar 2010,5,6.5,Feb/11/2010 01:24:21
667573,AIRSTRIKE.IRAN.MAR10,USA and/or Israel to execute an overt Air Strike against Iran by 31 Mar 2010,3,6.0,Feb/11/2010 05:17:25
667573,AIRSTRIKE.IRAN.MAR10,USA and/or Israel to execute an overt Air Strike against Iran by 31 Mar 2010,1,6.8,Feb/11/2010 05:59:04
667573,AIRSTRIKE.IRAN.MAR10,USA and/or Israel to execute an overt Air Strike against Iran by 31 Mar 2010,1,6.4,Feb/11/2010 05:59:04
667573,AIRSTRIKE.IRAN.MAR10,USA and/or Israel to execute an overt Air Strike against Iran by 31 Mar 2010,1,6.2,Feb/11/2010 05:59:04
667573,AIRSTRIKE.IRAN.MAR10,USA and/or Israel to execute an overt Air Strike against Iran by 31 Mar 2010,1,6.6,Feb/11/2010 05:59:04
667573,AIRSTRIKE.IRAN.MAR10,USA and/or Israel to execute an overt Air Strike against Iran by 31 Mar 2010,5,4.3,Feb/11/2010 16:20:23
667573,AIRSTRIKE.IRAN.MAR10,USA and/or Israel to execute an overt Air Strike against Iran by 31 Mar 2010,1,4.1,Feb/11/2010 16:29:34
667573,AIRSTRIKE.IRAN.MAR10,USA and/or Israel to execute an overt Air Strike against Iran by 31 Mar 2010,4,2.8,Feb/11/2010 16:29:44
667573,AIRSTRIKE.IRAN.MAR10,USA and/or Israel to execute an overt Air Strike against Iran by 31 Mar 2010,4,2.8,Feb/11/2010 16:31:08
667573,AIRSTRIKE.IRAN.MAR10,USA and/or Israel to execute an overt Air Strike against Iran by 31 Mar 2010,4,5.0,Feb/15/2010 01:00:04
667573,AIRSTRIKE.IRAN.MAR10,USA and/or Israel to execute an overt Air Strike against Iran by 31 Mar 2010,5,3.5,Feb/15/2010 01:00:47
667573,AIRSTRIKE.IRAN.MAR10,USA and/or Israel to execute an overt Air Strike against Iran by 31 Mar 2010,5,3.7,Feb/19/2010 02:37:39
667573,AIRSTRIKE.IRAN.MAR10,USA and/or Israel to execute an overt Air Strike against Iran by 31 Mar 2010,5,3.1,Feb/19/2010 05:58:55
667573,AIRSTRIKE.IRAN.MAR10,USA and/or Israel to execute an overt Air Strike against Iran by 31 Mar 2010,4,5.0,Feb/20/2010 20:35:35
667573,AIRSTRIKE.IRAN.MAR10,USA and/or Israel to execute an overt Air Strike against Iran by 31 Mar 2010,5,5.0,Feb/20/2010 20:35:35
667573,AIRSTRIKE.IRAN.MAR10,USA and/or Israel to execute an overt Air Strike against Iran by 31 Mar 2010,2,4.9,Feb/20/2010 20:35:35
667573,AIRSTRIKE.IRAN.MAR10,USA and/or Israel to execute an overt Air Strike against Iran by 31 Mar 2010,3,4.9,Feb/21/2010 21:15:22
667573,AIRSTRIKE.IRAN.MAR10,USA and/or Israel to execute an overt Air Strike against Iran by 31 Mar 2010,3,4.9,Feb/21/2010 21:15:22
667573,AIRSTRIKE.IRAN.MAR10,USA and/or Israel to execute an overt Air Strike against Iran by 31 Mar 2010,1,3.1,Feb/23/2010 14:22:48
667573,AIRSTRIKE.IRAN.MAR10,USA and/or Israel to execute an overt Air Strike against Iran by 31 Mar 2010,5,5.0,Feb/24/2010 19:55:53
667573,AIRSTRIKE.IRAN.MAR10,USA and/or Israel to execute an overt Air Strike against Iran by 31 Mar 2010,5,3.0,Feb/26/2010 02:47:58
667573,AIRSTRIKE.IRAN.MAR10,USA and/or Israel to execute an overt Air Strike against Iran by 31 Mar 2010,46,2.0,Feb/26/2010 02:48:52
667573,AIRSTRIKE.IRAN.MAR10,USA and/or Israel to execute an overt Air Strike against Iran by 31 Mar 2010,1,2.9,Feb/26/2010 22:18:41
667573,AIRSTRIKE.IRAN.MAR10,USA and/or Israel to execute an overt Air Strike against Iran by 31 Mar 2010,1,2.8,Feb/26/2010 22:19:59
667573,AIRSTRIKE.IRAN.MAR10,USA and/or Israel to execute an overt Air Strike against Iran by 31 Mar 2010,1,2.7,Feb/26/2010 22:21:12
667573,AIRSTRIKE.IRAN.MAR10,USA and/or Israel to execute an overt Air Strike against Iran by 31 Mar 2010,1,2.6,Feb/26/2010 22:23:11
667573,AIRSTRIKE.IRAN.MAR10,USA and/or Israel to execute an overt Air Strike against Iran by 31 Mar 2010,1,3.3,Feb/27/2010 17:09:39
667573,AIRSTRIKE.IRAN.MAR10,USA and/or Israel to execute an overt Air Strike against Iran by 31 Mar 2010,1,3.4,Feb/27/2010 17:13:33
667573,AIRSTRIKE.IRAN.MAR10,USA and/or Israel to execute an overt Air Strike against Iran by 31 Mar 2010,5,2.3,Mar/05/2010 14:30:31
667573,AIRSTRIKE.IRAN.MAR10,USA and/or Israel to execute an overt Air Strike against Iran by 31 Mar 2010,3,3.0,Mar/09/2010 18:07:07
667573,AIRSTRIKE.IRAN.MAR10,USA and/or Israel to execute an overt Air Strike against Iran by 31 Mar 2010,4,2.9,Mar/13/2010 02:06:45
667573,AIRSTRIKE.IRAN.MAR10,USA and/or Israel to execute an overt Air Strike against Iran by 31 Mar 2010,2,2.8,Mar/13/2010 02:06:45
667573,AIRSTRIKE.IRAN.MAR10,USA and/or Israel to execute an overt Air Strike against Iran by 31 Mar 2010,5,2.8,Mar/13/2010 02:06:45
667573,AIRSTRIKE.IRAN.MAR10,USA and/or Israel to execute an overt Air Strike against Iran by 31 Mar 2010,10,1.7,Mar/16/2010 06:58:52
667573,AIRSTRIKE.IRAN.MAR10,USA and/or Israel to execute an overt Air Strike against Iran by 31 Mar 2010,6,2.9,Mar/19/2010 00:48:00
667573,AIRSTRIKE.IRAN.MAR10,USA and/or Israel to execute an overt Air Strike against Iran by 31 Mar 2010,5,2.8,Mar/19/2010 00:48:00
667573,AIRSTRIKE.IRAN.MAR10,USA and/or Israel to execute an overt Air Strike against Iran by 31 Mar 2010,5,2.7,Mar/19/2010 00:48:00
667573,AIRSTRIKE.IRAN.MAR10,USA and/or Israel to execute an overt Air Strike against Iran by 31 Mar 2010,5,3.5,Mar/19/2010 08:06:18
667573,AIRSTRIKE.IRAN.MAR10,USA and/or Israel to execute an overt Air Strike against Iran by 31 Mar 2010,11,2.0,Mar/19/2010 21:43:35
667573,AIRSTRIKE.IRAN.MAR10,USA and/or Israel to execute an overt Air Strike against Iran by 31 Mar 2010,5,1.5,Mar/22/2010 19:56:56
667573,AIRSTRIKE.IRAN.MAR10,USA and/or Israel to execute an overt Air Strike against Iran by 31 Mar 2010,3,1.7,Mar/27/2010 09:18:08
667573,AIRSTRIKE.IRAN.MAR10,USA and/or Israel to execute an overt Air Strike against Iran by 31 Mar 2010,2,1.7,Mar/27/2010 13:55:51
667573,AIRSTRIKE.IRAN.MAR10,USA and/or Israel to execute an overt Air Strike against Iran by 31 Mar 2010,5,2.2,Mar/28/2010 04:54:50
667573,AIRSTRIKE.IRAN.MAR10,USA and/or Israel to execute an overt Air Strike against Iran by 31 Mar 2010,5,2.1,Mar/28/2010 10:51:09
667573,AIRSTRIKE.IRAN.MAR10,USA and/or Israel to execute an overt Air Strike against Iran by 31 Mar 2010,5,2.0,Mar/28/2010 10:51:43
667573,AIRSTRIKE.IRAN.MAR10,USA and/or Israel to execute an overt Air Strike against Iran by 31 Mar 2010,5,1.9,Mar/28/2010 14:15:07
667573,AIRSTRIKE.IRAN.MAR10,USA and/or Israel to execute an overt Air Strike against Iran by 31 Mar 2010,5,1.8,Mar/28/2010 14:26:52
667573,AIRSTRIKE.IRAN.MAR10,USA and/or Israel to execute an overt Air Strike against Iran by 31 Mar 2010,5,1.7,Mar/28/2010 14:45:59
667573,AIRSTRIKE.IRAN.MAR10,USA and/or Israel to execute an overt Air Strike against Iran by 31 Mar 2010,1,1.6,Mar/30/2010 13:12:13
667573,AIRSTRIKE.IRAN.MAR10,USA and/or Israel to execute an overt Air Strike against Iran by 31 Mar 2010,2,1.5,Mar/30/2010 13:12:13
667573,AIRSTRIKE.IRAN.MAR10,USA and/or Israel to execute an overt Air Strike against Iran by 31 Mar 2010,3,1.4,Mar/30/2010 13:12:13
