market id,market symbol,market name,trade quantity,trade price,date/time [utc]
281177,SUPREME.LUTTIG,J Michael Luttig to be Next Nominee to the Supreme Court,2,10.0,Sep/07/2005 00:42:37
281177,SUPREME.LUTTIG,J Michael Luttig to be Next Nominee to the Supreme Court,3,10.0,Sep/07/2005 01:09:53
281177,SUPREME.LUTTIG,J Michael Luttig to be Next Nominee to the Supreme Court,5,10.1,Sep/07/2005 03:19:15
281177,SUPREME.LUTTIG,J Michael Luttig to be Next Nominee to the Supreme Court,2,8.0,Sep/07/2005 14:29:40
281177,SUPREME.LUTTIG,J Michael Luttig to be Next Nominee to the Supreme Court,1,11.0,Sep/07/2005 20:24:43
281177,SUPREME.LUTTIG,J Michael Luttig to be Next Nominee to the Supreme Court,2,11.0,Sep/07/2005 20:29:02
281177,SUPREME.LUTTIG,J Michael Luttig to be Next Nominee to the Supreme Court,2,11.0,Sep/07/2005 20:30:55
281177,SUPREME.LUTTIG,J Michael Luttig to be Next Nominee to the Supreme Court,1,12.5,Sep/07/2005 21:46:16
281177,SUPREME.LUTTIG,J Michael Luttig to be Next Nominee to the Supreme Court,1,12.5,Sep/07/2005 22:06:44
281177,SUPREME.LUTTIG,J Michael Luttig to be Next Nominee to the Supreme Court,1,14.7,Sep/07/2005 22:49:27
281177,SUPREME.LUTTIG,J Michael Luttig to be Next Nominee to the Supreme Court,2,15.0,Sep/07/2005 23:59:24
281177,SUPREME.LUTTIG,J Michael Luttig to be Next Nominee to the Supreme Court,5,14.5,Sep/07/2005 23:59:24
281177,SUPREME.LUTTIG,J Michael Luttig to be Next Nominee to the Supreme Court,10,13.4,Sep/08/2005 03:12:40
281177,SUPREME.LUTTIG,J Michael Luttig to be Next Nominee to the Supreme Court,1,12.5,Sep/08/2005 14:06:47
281177,SUPREME.LUTTIG,J Michael Luttig to be Next Nominee to the Supreme Court,2,13.0,Sep/09/2005 17:30:07
281177,SUPREME.LUTTIG,J Michael Luttig to be Next Nominee to the Supreme Court,10,14.3,Sep/09/2005 17:30:07
281177,SUPREME.LUTTIG,J Michael Luttig to be Next Nominee to the Supreme Court,1,14.3,Sep/09/2005 17:30:07
281177,SUPREME.LUTTIG,J Michael Luttig to be Next Nominee to the Supreme Court,27,14.4,Sep/09/2005 17:30:07
281177,SUPREME.LUTTIG,J Michael Luttig to be Next Nominee to the Supreme Court,3,12.5,Sep/10/2005 04:02:45
281177,SUPREME.LUTTIG,J Michael Luttig to be Next Nominee to the Supreme Court,1,12.5,Sep/10/2005 04:07:57
281177,SUPREME.LUTTIG,J Michael Luttig to be Next Nominee to the Supreme Court,10,8.1,Sep/10/2005 23:13:12
281177,SUPREME.LUTTIG,J Michael Luttig to be Next Nominee to the Supreme Court,15,9.0,Sep/10/2005 23:13:12
281177,SUPREME.LUTTIG,J Michael Luttig to be Next Nominee to the Supreme Court,3,13.0,Sep/11/2005 15:37:39
281177,SUPREME.LUTTIG,J Michael Luttig to be Next Nominee to the Supreme Court,10,13.1,Sep/11/2005 15:37:48
281177,SUPREME.LUTTIG,J Michael Luttig to be Next Nominee to the Supreme Court,3,13.4,Sep/11/2005 15:37:59
281177,SUPREME.LUTTIG,J Michael Luttig to be Next Nominee to the Supreme Court,100,15.0,Sep/11/2005 15:38:13
281177,SUPREME.LUTTIG,J Michael Luttig to be Next Nominee to the Supreme Court,1,9.0,Sep/12/2005 03:03:32
281177,SUPREME.LUTTIG,J Michael Luttig to be Next Nominee to the Supreme Court,1,9.9,Sep/12/2005 04:23:55
281177,SUPREME.LUTTIG,J Michael Luttig to be Next Nominee to the Supreme Court,4,9.9,Sep/12/2005 04:23:55
281177,SUPREME.LUTTIG,J Michael Luttig to be Next Nominee to the Supreme Court,25,10.0,Sep/12/2005 04:23:55
281177,SUPREME.LUTTIG,J Michael Luttig to be Next Nominee to the Supreme Court,7,9.1,Sep/12/2005 16:10:54
281177,SUPREME.LUTTIG,J Michael Luttig to be Next Nominee to the Supreme Court,14,9.0,Sep/12/2005 16:51:00
281177,SUPREME.LUTTIG,J Michael Luttig to be Next Nominee to the Supreme Court,1,8.0,Sep/12/2005 17:15:20
281177,SUPREME.LUTTIG,J Michael Luttig to be Next Nominee to the Supreme Court,4,8.0,Sep/12/2005 17:16:07
281177,SUPREME.LUTTIG,J Michael Luttig to be Next Nominee to the Supreme Court,5,8.0,Sep/12/2005 17:17:06
281177,SUPREME.LUTTIG,J Michael Luttig to be Next Nominee to the Supreme Court,10,9.8,Sep/12/2005 18:17:48
281177,SUPREME.LUTTIG,J Michael Luttig to be Next Nominee to the Supreme Court,5,9.9,Sep/12/2005 18:17:48
281177,SUPREME.LUTTIG,J Michael Luttig to be Next Nominee to the Supreme Court,5,11.0,Sep/13/2005 16:47:23
281177,SUPREME.LUTTIG,J Michael Luttig to be Next Nominee to the Supreme Court,85,10.0,Sep/13/2005 16:51:19
281177,SUPREME.LUTTIG,J Michael Luttig to be Next Nominee to the Supreme Court,2,12.4,Sep/13/2005 22:18:38
281177,SUPREME.LUTTIG,J Michael Luttig to be Next Nominee to the Supreme Court,4,12.4,Sep/13/2005 22:18:38
281177,SUPREME.LUTTIG,J Michael Luttig to be Next Nominee to the Supreme Court,3,11.6,Sep/15/2005 19:43:08
281177,SUPREME.LUTTIG,J Michael Luttig to be Next Nominee to the Supreme Court,2,11.6,Sep/15/2005 19:43:08
281177,SUPREME.LUTTIG,J Michael Luttig to be Next Nominee to the Supreme Court,6,11.6,Sep/15/2005 19:43:08
281177,SUPREME.LUTTIG,J Michael Luttig to be Next Nominee to the Supreme Court,10,11.8,Sep/15/2005 19:43:08
281177,SUPREME.LUTTIG,J Michael Luttig to be Next Nominee to the Supreme Court,1,12.0,Sep/16/2005 00:17:23
281177,SUPREME.LUTTIG,J Michael Luttig to be Next Nominee to the Supreme Court,2,10.0,Sep/16/2005 00:17:42
281177,SUPREME.LUTTIG,J Michael Luttig to be Next Nominee to the Supreme Court,10,9.0,Sep/17/2005 01:11:39
281177,SUPREME.LUTTIG,J Michael Luttig to be Next Nominee to the Supreme Court,1,11.0,Sep/18/2005 02:35:18
281177,SUPREME.LUTTIG,J Michael Luttig to be Next Nominee to the Supreme Court,1,11.0,Sep/18/2005 02:35:18
281177,SUPREME.LUTTIG,J Michael Luttig to be Next Nominee to the Supreme Court,6,12.1,Sep/18/2005 02:35:18
281177,SUPREME.LUTTIG,J Michael Luttig to be Next Nominee to the Supreme Court,1,12.6,Sep/18/2005 02:35:18
281177,SUPREME.LUTTIG,J Michael Luttig to be Next Nominee to the Supreme Court,2,12.6,Sep/18/2005 02:35:18
281177,SUPREME.LUTTIG,J Michael Luttig to be Next Nominee to the Supreme Court,2,12.7,Sep/18/2005 02:35:18
281177,SUPREME.LUTTIG,J Michael Luttig to be Next Nominee to the Supreme Court,7,12.8,Sep/18/2005 02:35:18
281177,SUPREME.LUTTIG,J Michael Luttig to be Next Nominee to the Supreme Court,20,11.5,Sep/18/2005 14:12:02
281177,SUPREME.LUTTIG,J Michael Luttig to be Next Nominee to the Supreme Court,10,9.0,Sep/18/2005 18:53:14
281177,SUPREME.LUTTIG,J Michael Luttig to be Next Nominee to the Supreme Court,1,9.5,Sep/18/2005 18:53:14
281177,SUPREME.LUTTIG,J Michael Luttig to be Next Nominee to the Supreme Court,15,8.0,Sep/18/2005 18:53:14
281177,SUPREME.LUTTIG,J Michael Luttig to be Next Nominee to the Supreme Court,5,8.6,Sep/20/2005 02:42:36
281177,SUPREME.LUTTIG,J Michael Luttig to be Next Nominee to the Supreme Court,10,8.6,Sep/20/2005 02:43:30
281177,SUPREME.LUTTIG,J Michael Luttig to be Next Nominee to the Supreme Court,5,10.5,Sep/20/2005 11:55:41
281177,SUPREME.LUTTIG,J Michael Luttig to be Next Nominee to the Supreme Court,12,10.9,Sep/20/2005 16:35:15
281177,SUPREME.LUTTIG,J Michael Luttig to be Next Nominee to the Supreme Court,2,10.8,Sep/20/2005 16:35:15
281177,SUPREME.LUTTIG,J Michael Luttig to be Next Nominee to the Supreme Court,1,11.0,Sep/20/2005 16:35:15
281177,SUPREME.LUTTIG,J Michael Luttig to be Next Nominee to the Supreme Court,2,12.6,Sep/20/2005 18:58:13
281177,SUPREME.LUTTIG,J Michael Luttig to be Next Nominee to the Supreme Court,1,12.5,Sep/20/2005 18:58:13
281177,SUPREME.LUTTIG,J Michael Luttig to be Next Nominee to the Supreme Court,1,12.6,Sep/20/2005 18:58:13
281177,SUPREME.LUTTIG,J Michael Luttig to be Next Nominee to the Supreme Court,10,13.0,Sep/20/2005 18:58:13
281177,SUPREME.LUTTIG,J Michael Luttig to be Next Nominee to the Supreme Court,2,10.5,Sep/21/2005 03:07:24
281177,SUPREME.LUTTIG,J Michael Luttig to be Next Nominee to the Supreme Court,1,10.3,Sep/21/2005 03:07:24
281177,SUPREME.LUTTIG,J Michael Luttig to be Next Nominee to the Supreme Court,7,10.2,Sep/21/2005 03:07:24
281177,SUPREME.LUTTIG,J Michael Luttig to be Next Nominee to the Supreme Court,9,10.2,Sep/21/2005 03:49:02
281177,SUPREME.LUTTIG,J Michael Luttig to be Next Nominee to the Supreme Court,1,10.0,Sep/21/2005 03:49:02
281177,SUPREME.LUTTIG,J Michael Luttig to be Next Nominee to the Supreme Court,20,10.1,Sep/21/2005 03:49:02
281177,SUPREME.LUTTIG,J Michael Luttig to be Next Nominee to the Supreme Court,1,11.0,Sep/21/2005 19:52:55
281177,SUPREME.LUTTIG,J Michael Luttig to be Next Nominee to the Supreme Court,2,11.0,Sep/21/2005 19:53:21
281177,SUPREME.LUTTIG,J Michael Luttig to be Next Nominee to the Supreme Court,1,11.0,Sep/21/2005 19:53:50
281177,SUPREME.LUTTIG,J Michael Luttig to be Next Nominee to the Supreme Court,1,11.0,Sep/21/2005 19:54:23
281177,SUPREME.LUTTIG,J Michael Luttig to be Next Nominee to the Supreme Court,5,9.1,Sep/22/2005 03:01:11
281177,SUPREME.LUTTIG,J Michael Luttig to be Next Nominee to the Supreme Court,1,10.0,Sep/22/2005 05:15:43
281177,SUPREME.LUTTIG,J Michael Luttig to be Next Nominee to the Supreme Court,1,13.3,Sep/22/2005 15:24:10
281177,SUPREME.LUTTIG,J Michael Luttig to be Next Nominee to the Supreme Court,2,13.3,Sep/22/2005 15:24:10
281177,SUPREME.LUTTIG,J Michael Luttig to be Next Nominee to the Supreme Court,1,13.3,Sep/22/2005 15:24:10
281177,SUPREME.LUTTIG,J Michael Luttig to be Next Nominee to the Supreme Court,1,13.4,Sep/22/2005 15:25:30
281177,SUPREME.LUTTIG,J Michael Luttig to be Next Nominee to the Supreme Court,4,13.3,Sep/22/2005 16:01:27
281177,SUPREME.LUTTIG,J Michael Luttig to be Next Nominee to the Supreme Court,8,13.4,Sep/22/2005 16:01:27
281177,SUPREME.LUTTIG,J Michael Luttig to be Next Nominee to the Supreme Court,4,10.0,Sep/22/2005 18:28:50
281177,SUPREME.LUTTIG,J Michael Luttig to be Next Nominee to the Supreme Court,1,10.0,Sep/22/2005 18:28:50
281177,SUPREME.LUTTIG,J Michael Luttig to be Next Nominee to the Supreme Court,9,8.1,Sep/22/2005 22:59:55
281177,SUPREME.LUTTIG,J Michael Luttig to be Next Nominee to the Supreme Court,20,8.0,Sep/22/2005 23:00:10
281177,SUPREME.LUTTIG,J Michael Luttig to be Next Nominee to the Supreme Court,1,7.0,Sep/22/2005 23:00:26
281177,SUPREME.LUTTIG,J Michael Luttig to be Next Nominee to the Supreme Court,1,12.1,Sep/23/2005 15:09:07
281177,SUPREME.LUTTIG,J Michael Luttig to be Next Nominee to the Supreme Court,1,12.1,Sep/23/2005 15:09:07
281177,SUPREME.LUTTIG,J Michael Luttig to be Next Nominee to the Supreme Court,4,9.9,Sep/26/2005 14:31:06
281177,SUPREME.LUTTIG,J Michael Luttig to be Next Nominee to the Supreme Court,6,10.0,Sep/26/2005 14:31:06
281177,SUPREME.LUTTIG,J Michael Luttig to be Next Nominee to the Supreme Court,4,10.0,Sep/26/2005 14:32:26
281177,SUPREME.LUTTIG,J Michael Luttig to be Next Nominee to the Supreme Court,5,10.1,Sep/26/2005 14:32:26
281177,SUPREME.LUTTIG,J Michael Luttig to be Next Nominee to the Supreme Court,1,10.4,Sep/26/2005 14:32:26
281177,SUPREME.LUTTIG,J Michael Luttig to be Next Nominee to the Supreme Court,1,10.3,Sep/26/2005 14:32:26
281177,SUPREME.LUTTIG,J Michael Luttig to be Next Nominee to the Supreme Court,5,10.3,Sep/26/2005 14:32:26
281177,SUPREME.LUTTIG,J Michael Luttig to be Next Nominee to the Supreme Court,1,7.1,Sep/26/2005 18:47:09
281177,SUPREME.LUTTIG,J Michael Luttig to be Next Nominee to the Supreme Court,9,7.0,Sep/26/2005 18:47:23
281177,SUPREME.LUTTIG,J Michael Luttig to be Next Nominee to the Supreme Court,10,6.0,Sep/26/2005 18:48:54
281177,SUPREME.LUTTIG,J Michael Luttig to be Next Nominee to the Supreme Court,10,5.1,Sep/26/2005 20:57:50
281177,SUPREME.LUTTIG,J Michael Luttig to be Next Nominee to the Supreme Court,100,5.0,Sep/26/2005 20:57:50
281177,SUPREME.LUTTIG,J Michael Luttig to be Next Nominee to the Supreme Court,5,5.6,Sep/26/2005 20:57:50
281177,SUPREME.LUTTIG,J Michael Luttig to be Next Nominee to the Supreme Court,5,9.4,Sep/27/2005 22:34:43
281177,SUPREME.LUTTIG,J Michael Luttig to be Next Nominee to the Supreme Court,1,9.6,Sep/27/2005 22:34:43
281177,SUPREME.LUTTIG,J Michael Luttig to be Next Nominee to the Supreme Court,5,9.6,Sep/27/2005 22:34:43
281177,SUPREME.LUTTIG,J Michael Luttig to be Next Nominee to the Supreme Court,1,9.7,Sep/27/2005 22:34:43
281177,SUPREME.LUTTIG,J Michael Luttig to be Next Nominee to the Supreme Court,1,9.7,Sep/27/2005 22:34:43
281177,SUPREME.LUTTIG,J Michael Luttig to be Next Nominee to the Supreme Court,21,9.8,Sep/27/2005 22:34:43
281177,SUPREME.LUTTIG,J Michael Luttig to be Next Nominee to the Supreme Court,5,6.7,Sep/27/2005 22:42:53
281177,SUPREME.LUTTIG,J Michael Luttig to be Next Nominee to the Supreme Court,5,6.3,Sep/27/2005 22:43:39
281177,SUPREME.LUTTIG,J Michael Luttig to be Next Nominee to the Supreme Court,2,6.0,Sep/27/2005 22:43:55
281177,SUPREME.LUTTIG,J Michael Luttig to be Next Nominee to the Supreme Court,1,6.0,Sep/28/2005 00:07:27
281177,SUPREME.LUTTIG,J Michael Luttig to be Next Nominee to the Supreme Court,5,7.0,Sep/28/2005 01:01:09
281177,SUPREME.LUTTIG,J Michael Luttig to be Next Nominee to the Supreme Court,1,7.8,Sep/28/2005 01:49:18
281177,SUPREME.LUTTIG,J Michael Luttig to be Next Nominee to the Supreme Court,1,7.8,Sep/28/2005 01:49:18
281177,SUPREME.LUTTIG,J Michael Luttig to be Next Nominee to the Supreme Court,1,7.1,Sep/28/2005 04:47:39
281177,SUPREME.LUTTIG,J Michael Luttig to be Next Nominee to the Supreme Court,1,7.1,Sep/28/2005 04:47:39
281177,SUPREME.LUTTIG,J Michael Luttig to be Next Nominee to the Supreme Court,2,7.0,Sep/28/2005 04:48:14
281177,SUPREME.LUTTIG,J Michael Luttig to be Next Nominee to the Supreme Court,1,7.5,Sep/28/2005 05:26:12
281177,SUPREME.LUTTIG,J Michael Luttig to be Next Nominee to the Supreme Court,5,7.5,Sep/28/2005 05:26:12
281177,SUPREME.LUTTIG,J Michael Luttig to be Next Nominee to the Supreme Court,3,7.7,Sep/28/2005 05:26:32
281177,SUPREME.LUTTIG,J Michael Luttig to be Next Nominee to the Supreme Court,1,6.3,Sep/28/2005 11:03:10
281177,SUPREME.LUTTIG,J Michael Luttig to be Next Nominee to the Supreme Court,10,5.6,Sep/28/2005 11:03:10
281177,SUPREME.LUTTIG,J Michael Luttig to be Next Nominee to the Supreme Court,3,6.3,Sep/28/2005 11:03:10
281177,SUPREME.LUTTIG,J Michael Luttig to be Next Nominee to the Supreme Court,5,6.1,Sep/28/2005 11:03:10
281177,SUPREME.LUTTIG,J Michael Luttig to be Next Nominee to the Supreme Court,5,5.8,Sep/28/2005 11:03:10
281177,SUPREME.LUTTIG,J Michael Luttig to be Next Nominee to the Supreme Court,5,7.2,Sep/28/2005 15:25:45
281177,SUPREME.LUTTIG,J Michael Luttig to be Next Nominee to the Supreme Court,10,7.4,Sep/28/2005 15:25:45
281177,SUPREME.LUTTIG,J Michael Luttig to be Next Nominee to the Supreme Court,5,5.5,Sep/28/2005 18:52:22
281177,SUPREME.LUTTIG,J Michael Luttig to be Next Nominee to the Supreme Court,10,5.6,Sep/28/2005 18:52:22
281177,SUPREME.LUTTIG,J Michael Luttig to be Next Nominee to the Supreme Court,30,6.0,Sep/28/2005 21:42:25
281177,SUPREME.LUTTIG,J Michael Luttig to be Next Nominee to the Supreme Court,1,5.5,Sep/28/2005 22:41:04
281177,SUPREME.LUTTIG,J Michael Luttig to be Next Nominee to the Supreme Court,4,4.8,Sep/29/2005 03:27:33
281177,SUPREME.LUTTIG,J Michael Luttig to be Next Nominee to the Supreme Court,10,4.9,Sep/29/2005 03:27:41
281177,SUPREME.LUTTIG,J Michael Luttig to be Next Nominee to the Supreme Court,10,3.2,Sep/29/2005 04:04:53
281177,SUPREME.LUTTIG,J Michael Luttig to be Next Nominee to the Supreme Court,1,5.4,Sep/29/2005 04:46:44
281177,SUPREME.LUTTIG,J Michael Luttig to be Next Nominee to the Supreme Court,1,5.4,Sep/29/2005 04:46:44
281177,SUPREME.LUTTIG,J Michael Luttig to be Next Nominee to the Supreme Court,13,5.5,Sep/29/2005 04:46:44
281177,SUPREME.LUTTIG,J Michael Luttig to be Next Nominee to the Supreme Court,6,5.5,Sep/29/2005 05:57:39
281177,SUPREME.LUTTIG,J Michael Luttig to be Next Nominee to the Supreme Court,2,5.5,Sep/29/2005 05:57:39
281177,SUPREME.LUTTIG,J Michael Luttig to be Next Nominee to the Supreme Court,1,5.5,Sep/29/2005 13:51:35
281177,SUPREME.LUTTIG,J Michael Luttig to be Next Nominee to the Supreme Court,2,5.5,Sep/29/2005 13:51:35
281177,SUPREME.LUTTIG,J Michael Luttig to be Next Nominee to the Supreme Court,100,5.0,Sep/29/2005 15:57:51
281177,SUPREME.LUTTIG,J Michael Luttig to be Next Nominee to the Supreme Court,1,5.8,Sep/29/2005 17:54:31
281177,SUPREME.LUTTIG,J Michael Luttig to be Next Nominee to the Supreme Court,9,5.9,Sep/29/2005 17:54:31
281177,SUPREME.LUTTIG,J Michael Luttig to be Next Nominee to the Supreme Court,5,5.9,Sep/29/2005 17:54:31
281177,SUPREME.LUTTIG,J Michael Luttig to be Next Nominee to the Supreme Court,2,5.0,Sep/29/2005 20:06:23
281177,SUPREME.LUTTIG,J Michael Luttig to be Next Nominee to the Supreme Court,3,5.0,Sep/29/2005 20:14:54
281177,SUPREME.LUTTIG,J Michael Luttig to be Next Nominee to the Supreme Court,5,5.0,Sep/29/2005 22:49:05
281177,SUPREME.LUTTIG,J Michael Luttig to be Next Nominee to the Supreme Court,10,3.0,Sep/29/2005 23:24:55
281177,SUPREME.LUTTIG,J Michael Luttig to be Next Nominee to the Supreme Court,5,3.1,Sep/29/2005 23:24:55
281177,SUPREME.LUTTIG,J Michael Luttig to be Next Nominee to the Supreme Court,1,5.2,Sep/29/2005 23:55:24
281177,SUPREME.LUTTIG,J Michael Luttig to be Next Nominee to the Supreme Court,20,5.3,Sep/29/2005 23:55:24
281177,SUPREME.LUTTIG,J Michael Luttig to be Next Nominee to the Supreme Court,1,5.6,Sep/29/2005 23:55:24
281177,SUPREME.LUTTIG,J Michael Luttig to be Next Nominee to the Supreme Court,5,5.7,Sep/29/2005 23:55:24
281177,SUPREME.LUTTIG,J Michael Luttig to be Next Nominee to the Supreme Court,10,5.7,Sep/29/2005 23:55:24
281177,SUPREME.LUTTIG,J Michael Luttig to be Next Nominee to the Supreme Court,9,5.7,Sep/29/2005 23:55:24
281177,SUPREME.LUTTIG,J Michael Luttig to be Next Nominee to the Supreme Court,1,6.0,Sep/30/2005 22:30:27
281177,SUPREME.LUTTIG,J Michael Luttig to be Next Nominee to the Supreme Court,1,6.0,Sep/30/2005 22:30:27
281177,SUPREME.LUTTIG,J Michael Luttig to be Next Nominee to the Supreme Court,3,6.1,Sep/30/2005 22:30:27
281177,SUPREME.LUTTIG,J Michael Luttig to be Next Nominee to the Supreme Court,1,5.8,Oct/01/2005 11:54:32
281177,SUPREME.LUTTIG,J Michael Luttig to be Next Nominee to the Supreme Court,1,5.7,Oct/01/2005 13:35:49
281177,SUPREME.LUTTIG,J Michael Luttig to be Next Nominee to the Supreme Court,4,5.7,Oct/01/2005 13:35:56
281177,SUPREME.LUTTIG,J Michael Luttig to be Next Nominee to the Supreme Court,10,4.1,Oct/01/2005 13:35:56
281177,SUPREME.LUTTIG,J Michael Luttig to be Next Nominee to the Supreme Court,1,4.6,Oct/01/2005 22:00:42
281177,SUPREME.LUTTIG,J Michael Luttig to be Next Nominee to the Supreme Court,1,4.6,Oct/02/2005 01:50:21
281177,SUPREME.LUTTIG,J Michael Luttig to be Next Nominee to the Supreme Court,5,4.6,Oct/02/2005 01:50:21
281177,SUPREME.LUTTIG,J Michael Luttig to be Next Nominee to the Supreme Court,18,6.2,Oct/02/2005 01:59:53
281177,SUPREME.LUTTIG,J Michael Luttig to be Next Nominee to the Supreme Court,1,6.1,Oct/02/2005 01:59:53
281177,SUPREME.LUTTIG,J Michael Luttig to be Next Nominee to the Supreme Court,1,6.1,Oct/02/2005 01:59:53
281177,SUPREME.LUTTIG,J Michael Luttig to be Next Nominee to the Supreme Court,2,6.1,Oct/02/2005 03:01:48
281177,SUPREME.LUTTIG,J Michael Luttig to be Next Nominee to the Supreme Court,1,5.9,Oct/02/2005 08:31:10
281177,SUPREME.LUTTIG,J Michael Luttig to be Next Nominee to the Supreme Court,24,6.2,Oct/02/2005 13:18:20
281177,SUPREME.LUTTIG,J Michael Luttig to be Next Nominee to the Supreme Court,1,6.1,Oct/02/2005 13:18:20
281177,SUPREME.LUTTIG,J Michael Luttig to be Next Nominee to the Supreme Court,1,4.8,Oct/02/2005 16:02:42
281177,SUPREME.LUTTIG,J Michael Luttig to be Next Nominee to the Supreme Court,19,4.9,Oct/02/2005 16:02:42
281177,SUPREME.LUTTIG,J Michael Luttig to be Next Nominee to the Supreme Court,1,4.9,Oct/02/2005 16:10:15
281177,SUPREME.LUTTIG,J Michael Luttig to be Next Nominee to the Supreme Court,5,5.0,Oct/02/2005 16:10:28
281177,SUPREME.LUTTIG,J Michael Luttig to be Next Nominee to the Supreme Court,5,6.2,Oct/02/2005 16:41:09
281177,SUPREME.LUTTIG,J Michael Luttig to be Next Nominee to the Supreme Court,4,6.3,Oct/02/2005 16:53:13
281177,SUPREME.LUTTIG,J Michael Luttig to be Next Nominee to the Supreme Court,7,9.7,Oct/02/2005 17:05:37
281177,SUPREME.LUTTIG,J Michael Luttig to be Next Nominee to the Supreme Court,2,8.1,Oct/02/2005 18:35:32
281177,SUPREME.LUTTIG,J Michael Luttig to be Next Nominee to the Supreme Court,1,9.8,Oct/02/2005 20:07:17
281177,SUPREME.LUTTIG,J Michael Luttig to be Next Nominee to the Supreme Court,1,9.8,Oct/02/2005 20:07:17
281177,SUPREME.LUTTIG,J Michael Luttig to be Next Nominee to the Supreme Court,20,9.9,Oct/02/2005 20:07:17
281177,SUPREME.LUTTIG,J Michael Luttig to be Next Nominee to the Supreme Court,5,9.9,Oct/02/2005 20:07:17
281177,SUPREME.LUTTIG,J Michael Luttig to be Next Nominee to the Supreme Court,5,10.0,Oct/02/2005 20:07:17
281177,SUPREME.LUTTIG,J Michael Luttig to be Next Nominee to the Supreme Court,10,10.0,Oct/02/2005 20:07:59
281177,SUPREME.LUTTIG,J Michael Luttig to be Next Nominee to the Supreme Court,7,10.9,Oct/02/2005 22:17:23
281177,SUPREME.LUTTIG,J Michael Luttig to be Next Nominee to the Supreme Court,4,10.3,Oct/02/2005 22:17:23
281177,SUPREME.LUTTIG,J Michael Luttig to be Next Nominee to the Supreme Court,7,10.4,Oct/02/2005 22:17:23
281177,SUPREME.LUTTIG,J Michael Luttig to be Next Nominee to the Supreme Court,100,11.0,Oct/02/2005 22:17:23
281177,SUPREME.LUTTIG,J Michael Luttig to be Next Nominee to the Supreme Court,1,10.3,Oct/02/2005 22:17:23
281177,SUPREME.LUTTIG,J Michael Luttig to be Next Nominee to the Supreme Court,1,10.3,Oct/02/2005 22:17:23
281177,SUPREME.LUTTIG,J Michael Luttig to be Next Nominee to the Supreme Court,30,16.7,Oct/02/2005 22:47:08
281177,SUPREME.LUTTIG,J Michael Luttig to be Next Nominee to the Supreme Court,10,13.9,Oct/02/2005 22:47:08
281177,SUPREME.LUTTIG,J Michael Luttig to be Next Nominee to the Supreme Court,2,14.8,Oct/02/2005 22:47:08
281177,SUPREME.LUTTIG,J Michael Luttig to be Next Nominee to the Supreme Court,20,15.0,Oct/02/2005 22:48:26
281177,SUPREME.LUTTIG,J Michael Luttig to be Next Nominee to the Supreme Court,3,15.0,Oct/02/2005 23:42:16
281177,SUPREME.LUTTIG,J Michael Luttig to be Next Nominee to the Supreme Court,2,15.0,Oct/02/2005 23:42:16
281177,SUPREME.LUTTIG,J Michael Luttig to be Next Nominee to the Supreme Court,1,18.4,Oct/02/2005 23:43:52
281177,SUPREME.LUTTIG,J Michael Luttig to be Next Nominee to the Supreme Court,2,15.0,Oct/02/2005 23:48:04
281177,SUPREME.LUTTIG,J Michael Luttig to be Next Nominee to the Supreme Court,2,16.9,Oct/02/2005 23:54:37
281177,SUPREME.LUTTIG,J Michael Luttig to be Next Nominee to the Supreme Court,1,15.1,Oct/02/2005 23:58:00
281177,SUPREME.LUTTIG,J Michael Luttig to be Next Nominee to the Supreme Court,5,15.9,Oct/02/2005 23:58:00
281177,SUPREME.LUTTIG,J Michael Luttig to be Next Nominee to the Supreme Court,1,15.2,Oct/02/2005 23:58:00
281177,SUPREME.LUTTIG,J Michael Luttig to be Next Nominee to the Supreme Court,10,17.5,Oct/03/2005 00:04:21
281177,SUPREME.LUTTIG,J Michael Luttig to be Next Nominee to the Supreme Court,1,16.1,Oct/03/2005 00:04:21
281177,SUPREME.LUTTIG,J Michael Luttig to be Next Nominee to the Supreme Court,5,16.9,Oct/03/2005 00:04:21
281177,SUPREME.LUTTIG,J Michael Luttig to be Next Nominee to the Supreme Court,4,17.6,Oct/03/2005 00:04:21
281177,SUPREME.LUTTIG,J Michael Luttig to be Next Nominee to the Supreme Court,1,18.4,Oct/03/2005 00:04:44
281177,SUPREME.LUTTIG,J Michael Luttig to be Next Nominee to the Supreme Court,2,18.7,Oct/03/2005 00:05:02
281177,SUPREME.LUTTIG,J Michael Luttig to be Next Nominee to the Supreme Court,1,18.5,Oct/03/2005 00:43:23
281177,SUPREME.LUTTIG,J Michael Luttig to be Next Nominee to the Supreme Court,1,18.4,Oct/03/2005 01:15:28
281177,SUPREME.LUTTIG,J Michael Luttig to be Next Nominee to the Supreme Court,3,16.0,Oct/03/2005 01:15:28
281177,SUPREME.LUTTIG,J Michael Luttig to be Next Nominee to the Supreme Court,1,15.0,Oct/03/2005 01:17:51
281177,SUPREME.LUTTIG,J Michael Luttig to be Next Nominee to the Supreme Court,1,12.3,Oct/03/2005 01:17:51
281177,SUPREME.LUTTIG,J Michael Luttig to be Next Nominee to the Supreme Court,1,12.0,Oct/03/2005 01:17:51
281177,SUPREME.LUTTIG,J Michael Luttig to be Next Nominee to the Supreme Court,2,19.9,Oct/03/2005 02:05:32
281177,SUPREME.LUTTIG,J Michael Luttig to be Next Nominee to the Supreme Court,5,20.0,Oct/03/2005 02:05:32
281177,SUPREME.LUTTIG,J Michael Luttig to be Next Nominee to the Supreme Court,1,16.0,Oct/03/2005 02:31:53
281177,SUPREME.LUTTIG,J Michael Luttig to be Next Nominee to the Supreme Court,1,18.0,Oct/03/2005 02:31:53
281177,SUPREME.LUTTIG,J Michael Luttig to be Next Nominee to the Supreme Court,1,15.5,Oct/03/2005 02:34:52
281177,SUPREME.LUTTIG,J Michael Luttig to be Next Nominee to the Supreme Court,3,15.0,Oct/03/2005 02:34:52
281177,SUPREME.LUTTIG,J Michael Luttig to be Next Nominee to the Supreme Court,1,15.5,Oct/03/2005 02:34:52
281177,SUPREME.LUTTIG,J Michael Luttig to be Next Nominee to the Supreme Court,9,17.0,Oct/03/2005 03:02:55
281177,SUPREME.LUTTIG,J Michael Luttig to be Next Nominee to the Supreme Court,1,17.5,Oct/03/2005 03:16:48
281177,SUPREME.LUTTIG,J Michael Luttig to be Next Nominee to the Supreme Court,1,17.0,Oct/03/2005 03:18:57
281177,SUPREME.LUTTIG,J Michael Luttig to be Next Nominee to the Supreme Court,1,15.3,Oct/03/2005 03:21:10
281177,SUPREME.LUTTIG,J Michael Luttig to be Next Nominee to the Supreme Court,2,15.3,Oct/03/2005 03:21:10
281177,SUPREME.LUTTIG,J Michael Luttig to be Next Nominee to the Supreme Court,7,15.0,Oct/03/2005 03:21:10
281177,SUPREME.LUTTIG,J Michael Luttig to be Next Nominee to the Supreme Court,2,15.4,Oct/03/2005 03:32:46
281177,SUPREME.LUTTIG,J Michael Luttig to be Next Nominee to the Supreme Court,1,15.4,Oct/03/2005 03:32:46
281177,SUPREME.LUTTIG,J Michael Luttig to be Next Nominee to the Supreme Court,4,15.1,Oct/03/2005 03:52:15
281177,SUPREME.LUTTIG,J Michael Luttig to be Next Nominee to the Supreme Court,3,15.0,Oct/03/2005 03:52:15
281177,SUPREME.LUTTIG,J Michael Luttig to be Next Nominee to the Supreme Court,10,15.0,Oct/03/2005 03:52:15
281177,SUPREME.LUTTIG,J Michael Luttig to be Next Nominee to the Supreme Court,1,14.0,Oct/03/2005 03:53:30
281177,SUPREME.LUTTIG,J Michael Luttig to be Next Nominee to the Supreme Court,5,12.1,Oct/03/2005 03:53:30
281177,SUPREME.LUTTIG,J Michael Luttig to be Next Nominee to the Supreme Court,7,10.3,Oct/03/2005 03:53:30
281177,SUPREME.LUTTIG,J Michael Luttig to be Next Nominee to the Supreme Court,1,10.3,Oct/03/2005 03:57:43
281177,SUPREME.LUTTIG,J Michael Luttig to be Next Nominee to the Supreme Court,1,12.0,Oct/03/2005 04:00:43
281177,SUPREME.LUTTIG,J Michael Luttig to be Next Nominee to the Supreme Court,1,12.5,Oct/03/2005 04:23:46
281177,SUPREME.LUTTIG,J Michael Luttig to be Next Nominee to the Supreme Court,29,13.0,Oct/03/2005 04:23:46
281177,SUPREME.LUTTIG,J Michael Luttig to be Next Nominee to the Supreme Court,1,19.3,Oct/03/2005 04:33:19
281177,SUPREME.LUTTIG,J Michael Luttig to be Next Nominee to the Supreme Court,1,19.4,Oct/03/2005 04:51:54
281177,SUPREME.LUTTIG,J Michael Luttig to be Next Nominee to the Supreme Court,2,19.4,Oct/03/2005 04:51:54
281177,SUPREME.LUTTIG,J Michael Luttig to be Next Nominee to the Supreme Court,1,19.5,Oct/03/2005 04:52:13
281177,SUPREME.LUTTIG,J Michael Luttig to be Next Nominee to the Supreme Court,3,15.0,Oct/03/2005 05:06:56
281177,SUPREME.LUTTIG,J Michael Luttig to be Next Nominee to the Supreme Court,1,15.1,Oct/03/2005 05:06:56
281177,SUPREME.LUTTIG,J Michael Luttig to be Next Nominee to the Supreme Court,1,15.1,Oct/03/2005 05:06:56
281177,SUPREME.LUTTIG,J Michael Luttig to be Next Nominee to the Supreme Court,1,12.8,Oct/03/2005 05:21:50
281177,SUPREME.LUTTIG,J Michael Luttig to be Next Nominee to the Supreme Court,3,12.7,Oct/03/2005 05:21:50
281177,SUPREME.LUTTIG,J Michael Luttig to be Next Nominee to the Supreme Court,7,15.0,Oct/03/2005 05:21:50
281177,SUPREME.LUTTIG,J Michael Luttig to be Next Nominee to the Supreme Court,4,18.9,Oct/03/2005 05:32:20
281177,SUPREME.LUTTIG,J Michael Luttig to be Next Nominee to the Supreme Court,10,19.0,Oct/03/2005 05:32:20
281177,SUPREME.LUTTIG,J Michael Luttig to be Next Nominee to the Supreme Court,1,19.7,Oct/03/2005 05:32:20
281177,SUPREME.LUTTIG,J Michael Luttig to be Next Nominee to the Supreme Court,1,19.3,Oct/03/2005 05:32:20
281177,SUPREME.LUTTIG,J Michael Luttig to be Next Nominee to the Supreme Court,4,19.4,Oct/03/2005 05:32:20
281177,SUPREME.LUTTIG,J Michael Luttig to be Next Nominee to the Supreme Court,1,14.7,Oct/03/2005 05:59:02
281177,SUPREME.LUTTIG,J Michael Luttig to be Next Nominee to the Supreme Court,1,19.7,Oct/03/2005 10:33:44
281177,SUPREME.LUTTIG,J Michael Luttig to be Next Nominee to the Supreme Court,1,18.9,Oct/03/2005 10:33:44
281177,SUPREME.LUTTIG,J Michael Luttig to be Next Nominee to the Supreme Court,1,18.9,Oct/03/2005 10:33:44
281177,SUPREME.LUTTIG,J Michael Luttig to be Next Nominee to the Supreme Court,1,19.0,Oct/03/2005 10:33:44
281177,SUPREME.LUTTIG,J Michael Luttig to be Next Nominee to the Supreme Court,1,19.9,Oct/03/2005 10:33:44
281177,SUPREME.LUTTIG,J Michael Luttig to be Next Nominee to the Supreme Court,2,20.0,Oct/03/2005 10:33:44
281177,SUPREME.LUTTIG,J Michael Luttig to be Next Nominee to the Supreme Court,7,10.3,Oct/03/2005 11:08:52
281177,SUPREME.LUTTIG,J Michael Luttig to be Next Nominee to the Supreme Court,1,14.6,Oct/03/2005 11:08:52
281177,SUPREME.LUTTIG,J Michael Luttig to be Next Nominee to the Supreme Court,3,13.2,Oct/03/2005 11:08:52
281177,SUPREME.LUTTIG,J Michael Luttig to be Next Nominee to the Supreme Court,1,11.1,Oct/03/2005 11:08:52
281177,SUPREME.LUTTIG,J Michael Luttig to be Next Nominee to the Supreme Court,1,12.7,Oct/03/2005 11:08:52
281177,SUPREME.LUTTIG,J Michael Luttig to be Next Nominee to the Supreme Court,1,10.3,Oct/03/2005 11:09:50
281177,SUPREME.LUTTIG,J Michael Luttig to be Next Nominee to the Supreme Court,3,4.0,Oct/03/2005 11:09:50
281177,SUPREME.LUTTIG,J Michael Luttig to be Next Nominee to the Supreme Court,1,4.2,Oct/03/2005 11:09:50
281177,SUPREME.LUTTIG,J Michael Luttig to be Next Nominee to the Supreme Court,3,5.2,Oct/03/2005 11:09:50
281177,SUPREME.LUTTIG,J Michael Luttig to be Next Nominee to the Supreme Court,20,4.2,Oct/03/2005 11:09:50
281177,SUPREME.LUTTIG,J Michael Luttig to be Next Nominee to the Supreme Court,3,3.8,Oct/03/2005 11:10:45
281177,SUPREME.LUTTIG,J Michael Luttig to be Next Nominee to the Supreme Court,46,2.6,Oct/03/2005 11:10:45
281177,SUPREME.LUTTIG,J Michael Luttig to be Next Nominee to the Supreme Court,5,3.7,Oct/03/2005 11:10:45
281177,SUPREME.LUTTIG,J Michael Luttig to be Next Nominee to the Supreme Court,2,4.0,Oct/03/2005 11:10:45
281177,SUPREME.LUTTIG,J Michael Luttig to be Next Nominee to the Supreme Court,4,2.6,Oct/03/2005 11:11:30
281177,SUPREME.LUTTIG,J Michael Luttig to be Next Nominee to the Supreme Court,26,0.3,Oct/03/2005 11:11:30
