market id,market symbol,market name,trade quantity,trade price,date/time [utc]
746817,KHALIFA.GONE.DEC11,Khalifa B. S. Al Khalifa to no longer be Prime Minister of Bahrain before midnight ET 31 Dec 2011,2,27.0,Feb/18/2011 16:35:26
746817,KHALIFA.GONE.DEC11,Khalifa B. S. Al Khalifa to no longer be Prime Minister of Bahrain before midnight ET 31 Dec 2011,2,27.0,Feb/18/2011 16:35:37
746817,KHALIFA.GONE.DEC11,Khalifa B. S. Al Khalifa to no longer be Prime Minister of Bahrain before midnight ET 31 Dec 2011,1,29.0,Feb/18/2011 16:35:50
746817,KHALIFA.GONE.DEC11,Khalifa B. S. Al Khalifa to no longer be Prime Minister of Bahrain before midnight ET 31 Dec 2011,1,29.0,Feb/18/2011 16:35:59
746817,KHALIFA.GONE.DEC11,Khalifa B. S. Al Khalifa to no longer be Prime Minister of Bahrain before midnight ET 31 Dec 2011,3,26.5,Feb/18/2011 16:36:12
746817,KHALIFA.GONE.DEC11,Khalifa B. S. Al Khalifa to no longer be Prime Minister of Bahrain before midnight ET 31 Dec 2011,3,26.5,Feb/18/2011 16:36:21
746817,KHALIFA.GONE.DEC11,Khalifa B. S. Al Khalifa to no longer be Prime Minister of Bahrain before midnight ET 31 Dec 2011,2,28.0,Feb/18/2011 16:36:34
746817,KHALIFA.GONE.DEC11,Khalifa B. S. Al Khalifa to no longer be Prime Minister of Bahrain before midnight ET 31 Dec 2011,2,28.0,Feb/18/2011 16:36:43
746817,KHALIFA.GONE.DEC11,Khalifa B. S. Al Khalifa to no longer be Prime Minister of Bahrain before midnight ET 31 Dec 2011,1,27.5,Feb/18/2011 16:36:57
746817,KHALIFA.GONE.DEC11,Khalifa B. S. Al Khalifa to no longer be Prime Minister of Bahrain before midnight ET 31 Dec 2011,1,27.5,Feb/18/2011 16:37:06
746817,KHALIFA.GONE.DEC11,Khalifa B. S. Al Khalifa to no longer be Prime Minister of Bahrain before midnight ET 31 Dec 2011,1,26.0,Feb/18/2011 16:45:57
746817,KHALIFA.GONE.DEC11,Khalifa B. S. Al Khalifa to no longer be Prime Minister of Bahrain before midnight ET 31 Dec 2011,1,26.0,Feb/18/2011 16:46:05
746817,KHALIFA.GONE.DEC11,Khalifa B. S. Al Khalifa to no longer be Prime Minister of Bahrain before midnight ET 31 Dec 2011,2,25.0,Feb/18/2011 16:46:37
746817,KHALIFA.GONE.DEC11,Khalifa B. S. Al Khalifa to no longer be Prime Minister of Bahrain before midnight ET 31 Dec 2011,2,25.0,Feb/18/2011 16:46:44
746817,KHALIFA.GONE.DEC11,Khalifa B. S. Al Khalifa to no longer be Prime Minister of Bahrain before midnight ET 31 Dec 2011,1,25.0,Feb/18/2011 19:18:23
746817,KHALIFA.GONE.DEC11,Khalifa B. S. Al Khalifa to no longer be Prime Minister of Bahrain before midnight ET 31 Dec 2011,2,25.0,Feb/18/2011 19:18:23
746817,KHALIFA.GONE.DEC11,Khalifa B. S. Al Khalifa to no longer be Prime Minister of Bahrain before midnight ET 31 Dec 2011,2,25.0,Feb/18/2011 19:18:23
746817,KHALIFA.GONE.DEC11,Khalifa B. S. Al Khalifa to no longer be Prime Minister of Bahrain before midnight ET 31 Dec 2011,2,25.0,Feb/18/2011 19:18:23
746817,KHALIFA.GONE.DEC11,Khalifa B. S. Al Khalifa to no longer be Prime Minister of Bahrain before midnight ET 31 Dec 2011,2,25.0,Feb/18/2011 19:19:48
746817,KHALIFA.GONE.DEC11,Khalifa B. S. Al Khalifa to no longer be Prime Minister of Bahrain before midnight ET 31 Dec 2011,1,25.0,Feb/18/2011 19:21:02
746817,KHALIFA.GONE.DEC11,Khalifa B. S. Al Khalifa to no longer be Prime Minister of Bahrain before midnight ET 31 Dec 2011,1,20.0,Feb/18/2011 19:21:31
746817,KHALIFA.GONE.DEC11,Khalifa B. S. Al Khalifa to no longer be Prime Minister of Bahrain before midnight ET 31 Dec 2011,1,30.0,Feb/18/2011 23:47:13
746817,KHALIFA.GONE.DEC11,Khalifa B. S. Al Khalifa to no longer be Prime Minister of Bahrain before midnight ET 31 Dec 2011,1,30.0,Feb/19/2011 02:30:31
746817,KHALIFA.GONE.DEC11,Khalifa B. S. Al Khalifa to no longer be Prime Minister of Bahrain before midnight ET 31 Dec 2011,1,28.0,Feb/19/2011 02:30:31
746817,KHALIFA.GONE.DEC11,Khalifa B. S. Al Khalifa to no longer be Prime Minister of Bahrain before midnight ET 31 Dec 2011,1,35.0,Feb/19/2011 02:30:31
746817,KHALIFA.GONE.DEC11,Khalifa B. S. Al Khalifa to no longer be Prime Minister of Bahrain before midnight ET 31 Dec 2011,1,29.0,Feb/19/2011 02:30:31
746817,KHALIFA.GONE.DEC11,Khalifa B. S. Al Khalifa to no longer be Prime Minister of Bahrain before midnight ET 31 Dec 2011,1,29.1,Feb/19/2011 02:30:31
746817,KHALIFA.GONE.DEC11,Khalifa B. S. Al Khalifa to no longer be Prime Minister of Bahrain before midnight ET 31 Dec 2011,1,26.0,Feb/19/2011 02:30:59
746817,KHALIFA.GONE.DEC11,Khalifa B. S. Al Khalifa to no longer be Prime Minister of Bahrain before midnight ET 31 Dec 2011,1,27.0,Feb/19/2011 02:30:59
746817,KHALIFA.GONE.DEC11,Khalifa B. S. Al Khalifa to no longer be Prime Minister of Bahrain before midnight ET 31 Dec 2011,1,25.0,Feb/19/2011 02:30:59
746817,KHALIFA.GONE.DEC11,Khalifa B. S. Al Khalifa to no longer be Prime Minister of Bahrain before midnight ET 31 Dec 2011,1,23.0,Feb/19/2011 02:31:40
746817,KHALIFA.GONE.DEC11,Khalifa B. S. Al Khalifa to no longer be Prime Minister of Bahrain before midnight ET 31 Dec 2011,1,24.0,Feb/19/2011 02:31:40
746817,KHALIFA.GONE.DEC11,Khalifa B. S. Al Khalifa to no longer be Prime Minister of Bahrain before midnight ET 31 Dec 2011,5,40.0,Feb/19/2011 05:27:53
746817,KHALIFA.GONE.DEC11,Khalifa B. S. Al Khalifa to no longer be Prime Minister of Bahrain before midnight ET 31 Dec 2011,2,49.9,Feb/19/2011 06:15:42
746817,KHALIFA.GONE.DEC11,Khalifa B. S. Al Khalifa to no longer be Prime Minister of Bahrain before midnight ET 31 Dec 2011,5,30.0,Feb/19/2011 12:34:23
746817,KHALIFA.GONE.DEC11,Khalifa B. S. Al Khalifa to no longer be Prime Minister of Bahrain before midnight ET 31 Dec 2011,1,26.0,Feb/19/2011 12:35:09
746817,KHALIFA.GONE.DEC11,Khalifa B. S. Al Khalifa to no longer be Prime Minister of Bahrain before midnight ET 31 Dec 2011,1,49.8,Feb/19/2011 22:31:50
746817,KHALIFA.GONE.DEC11,Khalifa B. S. Al Khalifa to no longer be Prime Minister of Bahrain before midnight ET 31 Dec 2011,8,49.9,Feb/19/2011 22:31:50
746817,KHALIFA.GONE.DEC11,Khalifa B. S. Al Khalifa to no longer be Prime Minister of Bahrain before midnight ET 31 Dec 2011,1,50.0,Feb/19/2011 22:31:50
746817,KHALIFA.GONE.DEC11,Khalifa B. S. Al Khalifa to no longer be Prime Minister of Bahrain before midnight ET 31 Dec 2011,1,50.5,Feb/20/2011 14:16:41
746817,KHALIFA.GONE.DEC11,Khalifa B. S. Al Khalifa to no longer be Prime Minister of Bahrain before midnight ET 31 Dec 2011,1,50.0,Feb/20/2011 14:19:45
746817,KHALIFA.GONE.DEC11,Khalifa B. S. Al Khalifa to no longer be Prime Minister of Bahrain before midnight ET 31 Dec 2011,1,50.0,Feb/20/2011 14:20:04
746817,KHALIFA.GONE.DEC11,Khalifa B. S. Al Khalifa to no longer be Prime Minister of Bahrain before midnight ET 31 Dec 2011,5,59.5,Feb/20/2011 19:34:51
746817,KHALIFA.GONE.DEC11,Khalifa B. S. Al Khalifa to no longer be Prime Minister of Bahrain before midnight ET 31 Dec 2011,1,60.0,Feb/20/2011 19:58:24
746817,KHALIFA.GONE.DEC11,Khalifa B. S. Al Khalifa to no longer be Prime Minister of Bahrain before midnight ET 31 Dec 2011,3,62.0,Feb/20/2011 20:17:12
746817,KHALIFA.GONE.DEC11,Khalifa B. S. Al Khalifa to no longer be Prime Minister of Bahrain before midnight ET 31 Dec 2011,15,62.0,Feb/20/2011 21:18:12
746817,KHALIFA.GONE.DEC11,Khalifa B. S. Al Khalifa to no longer be Prime Minister of Bahrain before midnight ET 31 Dec 2011,5,61.0,Feb/20/2011 21:18:12
746817,KHALIFA.GONE.DEC11,Khalifa B. S. Al Khalifa to no longer be Prime Minister of Bahrain before midnight ET 31 Dec 2011,1,62.0,Feb/20/2011 21:48:18
746817,KHALIFA.GONE.DEC11,Khalifa B. S. Al Khalifa to no longer be Prime Minister of Bahrain before midnight ET 31 Dec 2011,1,62.0,Feb/21/2011 00:47:53
746817,KHALIFA.GONE.DEC11,Khalifa B. S. Al Khalifa to no longer be Prime Minister of Bahrain before midnight ET 31 Dec 2011,1,60.0,Feb/21/2011 00:47:53
746817,KHALIFA.GONE.DEC11,Khalifa B. S. Al Khalifa to no longer be Prime Minister of Bahrain before midnight ET 31 Dec 2011,3,52.0,Feb/21/2011 03:03:05
746817,KHALIFA.GONE.DEC11,Khalifa B. S. Al Khalifa to no longer be Prime Minister of Bahrain before midnight ET 31 Dec 2011,5,50.0,Feb/21/2011 03:39:00
746817,KHALIFA.GONE.DEC11,Khalifa B. S. Al Khalifa to no longer be Prime Minister of Bahrain before midnight ET 31 Dec 2011,2,50.0,Feb/21/2011 12:07:29
746817,KHALIFA.GONE.DEC11,Khalifa B. S. Al Khalifa to no longer be Prime Minister of Bahrain before midnight ET 31 Dec 2011,1,50.0,Feb/21/2011 14:46:39
746817,KHALIFA.GONE.DEC11,Khalifa B. S. Al Khalifa to no longer be Prime Minister of Bahrain before midnight ET 31 Dec 2011,3,50.0,Feb/21/2011 14:46:39
746817,KHALIFA.GONE.DEC11,Khalifa B. S. Al Khalifa to no longer be Prime Minister of Bahrain before midnight ET 31 Dec 2011,1,50.0,Feb/21/2011 15:18:36
746817,KHALIFA.GONE.DEC11,Khalifa B. S. Al Khalifa to no longer be Prime Minister of Bahrain before midnight ET 31 Dec 2011,1,61.9,Feb/22/2011 00:28:50
746817,KHALIFA.GONE.DEC11,Khalifa B. S. Al Khalifa to no longer be Prime Minister of Bahrain before midnight ET 31 Dec 2011,5,55.0,Feb/22/2011 07:29:25
746817,KHALIFA.GONE.DEC11,Khalifa B. S. Al Khalifa to no longer be Prime Minister of Bahrain before midnight ET 31 Dec 2011,2,62.0,Feb/22/2011 13:08:28
746817,KHALIFA.GONE.DEC11,Khalifa B. S. Al Khalifa to no longer be Prime Minister of Bahrain before midnight ET 31 Dec 2011,2,62.0,Feb/22/2011 20:01:20
746817,KHALIFA.GONE.DEC11,Khalifa B. S. Al Khalifa to no longer be Prime Minister of Bahrain before midnight ET 31 Dec 2011,1,62.0,Feb/22/2011 20:56:22
746817,KHALIFA.GONE.DEC11,Khalifa B. S. Al Khalifa to no longer be Prime Minister of Bahrain before midnight ET 31 Dec 2011,1,65.0,Feb/23/2011 05:38:33
746817,KHALIFA.GONE.DEC11,Khalifa B. S. Al Khalifa to no longer be Prime Minister of Bahrain before midnight ET 31 Dec 2011,1,69.3,Feb/23/2011 19:32:50
746817,KHALIFA.GONE.DEC11,Khalifa B. S. Al Khalifa to no longer be Prime Minister of Bahrain before midnight ET 31 Dec 2011,4,69.3,Feb/23/2011 20:22:01
746817,KHALIFA.GONE.DEC11,Khalifa B. S. Al Khalifa to no longer be Prime Minister of Bahrain before midnight ET 31 Dec 2011,1,69.4,Feb/23/2011 20:22:55
746817,KHALIFA.GONE.DEC11,Khalifa B. S. Al Khalifa to no longer be Prime Minister of Bahrain before midnight ET 31 Dec 2011,1,69.4,Feb/23/2011 20:22:55
746817,KHALIFA.GONE.DEC11,Khalifa B. S. Al Khalifa to no longer be Prime Minister of Bahrain before midnight ET 31 Dec 2011,1,69.4,Feb/23/2011 20:23:20
746817,KHALIFA.GONE.DEC11,Khalifa B. S. Al Khalifa to no longer be Prime Minister of Bahrain before midnight ET 31 Dec 2011,5,65.0,Feb/23/2011 21:45:05
746817,KHALIFA.GONE.DEC11,Khalifa B. S. Al Khalifa to no longer be Prime Minister of Bahrain before midnight ET 31 Dec 2011,5,65.0,Feb/24/2011 09:23:52
746817,KHALIFA.GONE.DEC11,Khalifa B. S. Al Khalifa to no longer be Prime Minister of Bahrain before midnight ET 31 Dec 2011,2,62.1,Feb/24/2011 14:49:43
746817,KHALIFA.GONE.DEC11,Khalifa B. S. Al Khalifa to no longer be Prime Minister of Bahrain before midnight ET 31 Dec 2011,1,61.1,Feb/24/2011 14:54:26
746817,KHALIFA.GONE.DEC11,Khalifa B. S. Al Khalifa to no longer be Prime Minister of Bahrain before midnight ET 31 Dec 2011,5,61.0,Feb/24/2011 19:48:13
746817,KHALIFA.GONE.DEC11,Khalifa B. S. Al Khalifa to no longer be Prime Minister of Bahrain before midnight ET 31 Dec 2011,4,61.1,Feb/24/2011 19:48:13
746817,KHALIFA.GONE.DEC11,Khalifa B. S. Al Khalifa to no longer be Prime Minister of Bahrain before midnight ET 31 Dec 2011,1,60.1,Feb/24/2011 19:50:17
746817,KHALIFA.GONE.DEC11,Khalifa B. S. Al Khalifa to no longer be Prime Minister of Bahrain before midnight ET 31 Dec 2011,1,60.3,Feb/24/2011 22:13:26
746817,KHALIFA.GONE.DEC11,Khalifa B. S. Al Khalifa to no longer be Prime Minister of Bahrain before midnight ET 31 Dec 2011,4,60.1,Feb/24/2011 22:30:03
746817,KHALIFA.GONE.DEC11,Khalifa B. S. Al Khalifa to no longer be Prime Minister of Bahrain before midnight ET 31 Dec 2011,5,55.0,Feb/25/2011 13:48:39
746817,KHALIFA.GONE.DEC11,Khalifa B. S. Al Khalifa to no longer be Prime Minister of Bahrain before midnight ET 31 Dec 2011,1,62.5,Feb/25/2011 20:11:40
746817,KHALIFA.GONE.DEC11,Khalifa B. S. Al Khalifa to no longer be Prime Minister of Bahrain before midnight ET 31 Dec 2011,1,63.5,Feb/26/2011 14:23:47
746817,KHALIFA.GONE.DEC11,Khalifa B. S. Al Khalifa to no longer be Prime Minister of Bahrain before midnight ET 31 Dec 2011,4,55.0,Feb/27/2011 22:04:32
746817,KHALIFA.GONE.DEC11,Khalifa B. S. Al Khalifa to no longer be Prime Minister of Bahrain before midnight ET 31 Dec 2011,1,59.0,Feb/27/2011 22:14:31
746817,KHALIFA.GONE.DEC11,Khalifa B. S. Al Khalifa to no longer be Prime Minister of Bahrain before midnight ET 31 Dec 2011,5,57.0,Feb/28/2011 02:51:59
746817,KHALIFA.GONE.DEC11,Khalifa B. S. Al Khalifa to no longer be Prime Minister of Bahrain before midnight ET 31 Dec 2011,4,59.0,Feb/28/2011 02:52:11
746817,KHALIFA.GONE.DEC11,Khalifa B. S. Al Khalifa to no longer be Prime Minister of Bahrain before midnight ET 31 Dec 2011,1,62.0,Feb/28/2011 02:52:28
746817,KHALIFA.GONE.DEC11,Khalifa B. S. Al Khalifa to no longer be Prime Minister of Bahrain before midnight ET 31 Dec 2011,3,61.6,Feb/28/2011 12:58:42
746817,KHALIFA.GONE.DEC11,Khalifa B. S. Al Khalifa to no longer be Prime Minister of Bahrain before midnight ET 31 Dec 2011,1,62.0,Feb/28/2011 13:31:44
746817,KHALIFA.GONE.DEC11,Khalifa B. S. Al Khalifa to no longer be Prime Minister of Bahrain before midnight ET 31 Dec 2011,1,61.0,Feb/28/2011 20:11:47
746817,KHALIFA.GONE.DEC11,Khalifa B. S. Al Khalifa to no longer be Prime Minister of Bahrain before midnight ET 31 Dec 2011,1,56.1,Feb/28/2011 21:34:33
746817,KHALIFA.GONE.DEC11,Khalifa B. S. Al Khalifa to no longer be Prime Minister of Bahrain before midnight ET 31 Dec 2011,10,53.0,Feb/28/2011 22:58:07
746817,KHALIFA.GONE.DEC11,Khalifa B. S. Al Khalifa to no longer be Prime Minister of Bahrain before midnight ET 31 Dec 2011,5,47.0,Mar/01/2011 00:24:17
746817,KHALIFA.GONE.DEC11,Khalifa B. S. Al Khalifa to no longer be Prime Minister of Bahrain before midnight ET 31 Dec 2011,5,47.0,Mar/01/2011 01:17:33
746817,KHALIFA.GONE.DEC11,Khalifa B. S. Al Khalifa to no longer be Prime Minister of Bahrain before midnight ET 31 Dec 2011,10,53.0,Mar/01/2011 10:29:05
746817,KHALIFA.GONE.DEC11,Khalifa B. S. Al Khalifa to no longer be Prime Minister of Bahrain before midnight ET 31 Dec 2011,8,61.0,Mar/01/2011 10:29:32
746817,KHALIFA.GONE.DEC11,Khalifa B. S. Al Khalifa to no longer be Prime Minister of Bahrain before midnight ET 31 Dec 2011,3,62.0,Mar/01/2011 10:30:00
746817,KHALIFA.GONE.DEC11,Khalifa B. S. Al Khalifa to no longer be Prime Minister of Bahrain before midnight ET 31 Dec 2011,1,52.0,Mar/01/2011 13:16:37
746817,KHALIFA.GONE.DEC11,Khalifa B. S. Al Khalifa to no longer be Prime Minister of Bahrain before midnight ET 31 Dec 2011,1,57.0,Mar/02/2011 07:24:34
746817,KHALIFA.GONE.DEC11,Khalifa B. S. Al Khalifa to no longer be Prime Minister of Bahrain before midnight ET 31 Dec 2011,5,56.1,Mar/02/2011 07:35:31
746817,KHALIFA.GONE.DEC11,Khalifa B. S. Al Khalifa to no longer be Prime Minister of Bahrain before midnight ET 31 Dec 2011,10,59.0,Mar/02/2011 08:28:33
746817,KHALIFA.GONE.DEC11,Khalifa B. S. Al Khalifa to no longer be Prime Minister of Bahrain before midnight ET 31 Dec 2011,5,63.0,Mar/02/2011 13:41:33
746817,KHALIFA.GONE.DEC11,Khalifa B. S. Al Khalifa to no longer be Prime Minister of Bahrain before midnight ET 31 Dec 2011,1,64.0,Mar/02/2011 13:45:55
746817,KHALIFA.GONE.DEC11,Khalifa B. S. Al Khalifa to no longer be Prime Minister of Bahrain before midnight ET 31 Dec 2011,1,59.0,Mar/02/2011 19:04:42
746817,KHALIFA.GONE.DEC11,Khalifa B. S. Al Khalifa to no longer be Prime Minister of Bahrain before midnight ET 31 Dec 2011,3,59.0,Mar/02/2011 20:14:27
746817,KHALIFA.GONE.DEC11,Khalifa B. S. Al Khalifa to no longer be Prime Minister of Bahrain before midnight ET 31 Dec 2011,3,53.0,Mar/03/2011 16:38:25
746817,KHALIFA.GONE.DEC11,Khalifa B. S. Al Khalifa to no longer be Prime Minister of Bahrain before midnight ET 31 Dec 2011,1,49.9,Mar/04/2011 08:24:42
746817,KHALIFA.GONE.DEC11,Khalifa B. S. Al Khalifa to no longer be Prime Minister of Bahrain before midnight ET 31 Dec 2011,4,43.0,Mar/04/2011 10:05:48
746817,KHALIFA.GONE.DEC11,Khalifa B. S. Al Khalifa to no longer be Prime Minister of Bahrain before midnight ET 31 Dec 2011,1,52.0,Mar/04/2011 18:32:20
746817,KHALIFA.GONE.DEC11,Khalifa B. S. Al Khalifa to no longer be Prime Minister of Bahrain before midnight ET 31 Dec 2011,1,50.0,Mar/04/2011 18:32:20
746817,KHALIFA.GONE.DEC11,Khalifa B. S. Al Khalifa to no longer be Prime Minister of Bahrain before midnight ET 31 Dec 2011,1,55.0,Mar/04/2011 18:33:03
746817,KHALIFA.GONE.DEC11,Khalifa B. S. Al Khalifa to no longer be Prime Minister of Bahrain before midnight ET 31 Dec 2011,5,59.0,Mar/06/2011 07:25:55
746817,KHALIFA.GONE.DEC11,Khalifa B. S. Al Khalifa to no longer be Prime Minister of Bahrain before midnight ET 31 Dec 2011,2,55.0,Mar/06/2011 07:25:55
746817,KHALIFA.GONE.DEC11,Khalifa B. S. Al Khalifa to no longer be Prime Minister of Bahrain before midnight ET 31 Dec 2011,5,53.0,Mar/06/2011 07:25:55
746817,KHALIFA.GONE.DEC11,Khalifa B. S. Al Khalifa to no longer be Prime Minister of Bahrain before midnight ET 31 Dec 2011,16,60.0,Mar/06/2011 07:27:30
746817,KHALIFA.GONE.DEC11,Khalifa B. S. Al Khalifa to no longer be Prime Minister of Bahrain before midnight ET 31 Dec 2011,2,60.0,Mar/06/2011 07:27:49
746817,KHALIFA.GONE.DEC11,Khalifa B. S. Al Khalifa to no longer be Prime Minister of Bahrain before midnight ET 31 Dec 2011,1,50.0,Mar/06/2011 20:42:34
746817,KHALIFA.GONE.DEC11,Khalifa B. S. Al Khalifa to no longer be Prime Minister of Bahrain before midnight ET 31 Dec 2011,4,47.0,Mar/07/2011 03:01:39
746817,KHALIFA.GONE.DEC11,Khalifa B. S. Al Khalifa to no longer be Prime Minister of Bahrain before midnight ET 31 Dec 2011,5,46.0,Mar/07/2011 10:20:59
746817,KHALIFA.GONE.DEC11,Khalifa B. S. Al Khalifa to no longer be Prime Minister of Bahrain before midnight ET 31 Dec 2011,5,45.3,Mar/07/2011 11:01:07
746817,KHALIFA.GONE.DEC11,Khalifa B. S. Al Khalifa to no longer be Prime Minister of Bahrain before midnight ET 31 Dec 2011,5,45.2,Mar/07/2011 12:21:48
746817,KHALIFA.GONE.DEC11,Khalifa B. S. Al Khalifa to no longer be Prime Minister of Bahrain before midnight ET 31 Dec 2011,1,68.9,Mar/07/2011 17:53:24
746817,KHALIFA.GONE.DEC11,Khalifa B. S. Al Khalifa to no longer be Prime Minister of Bahrain before midnight ET 31 Dec 2011,2,67.9,Mar/07/2011 17:53:24
746817,KHALIFA.GONE.DEC11,Khalifa B. S. Al Khalifa to no longer be Prime Minister of Bahrain before midnight ET 31 Dec 2011,5,63.5,Mar/09/2011 14:04:54
746817,KHALIFA.GONE.DEC11,Khalifa B. S. Al Khalifa to no longer be Prime Minister of Bahrain before midnight ET 31 Dec 2011,5,63.9,Mar/09/2011 14:05:26
746817,KHALIFA.GONE.DEC11,Khalifa B. S. Al Khalifa to no longer be Prime Minister of Bahrain before midnight ET 31 Dec 2011,10,64.0,Mar/09/2011 14:06:56
746817,KHALIFA.GONE.DEC11,Khalifa B. S. Al Khalifa to no longer be Prime Minister of Bahrain before midnight ET 31 Dec 2011,2,63.9,Mar/09/2011 18:09:10
746817,KHALIFA.GONE.DEC11,Khalifa B. S. Al Khalifa to no longer be Prime Minister of Bahrain before midnight ET 31 Dec 2011,3,67.5,Mar/09/2011 19:57:28
746817,KHALIFA.GONE.DEC11,Khalifa B. S. Al Khalifa to no longer be Prime Minister of Bahrain before midnight ET 31 Dec 2011,5,64.5,Mar/13/2011 23:31:31
746817,KHALIFA.GONE.DEC11,Khalifa B. S. Al Khalifa to no longer be Prime Minister of Bahrain before midnight ET 31 Dec 2011,2,51.1,Mar/14/2011 20:27:56
746817,KHALIFA.GONE.DEC11,Khalifa B. S. Al Khalifa to no longer be Prime Minister of Bahrain before midnight ET 31 Dec 2011,1,55.0,Mar/14/2011 20:32:16
746817,KHALIFA.GONE.DEC11,Khalifa B. S. Al Khalifa to no longer be Prime Minister of Bahrain before midnight ET 31 Dec 2011,1,55.0,Mar/14/2011 20:33:19
746817,KHALIFA.GONE.DEC11,Khalifa B. S. Al Khalifa to no longer be Prime Minister of Bahrain before midnight ET 31 Dec 2011,3,51.0,Mar/14/2011 23:32:12
746817,KHALIFA.GONE.DEC11,Khalifa B. S. Al Khalifa to no longer be Prime Minister of Bahrain before midnight ET 31 Dec 2011,3,50.1,Mar/14/2011 23:32:33
746817,KHALIFA.GONE.DEC11,Khalifa B. S. Al Khalifa to no longer be Prime Minister of Bahrain before midnight ET 31 Dec 2011,1,50.1,Mar/14/2011 23:33:23
746817,KHALIFA.GONE.DEC11,Khalifa B. S. Al Khalifa to no longer be Prime Minister of Bahrain before midnight ET 31 Dec 2011,2,50.0,Mar/14/2011 23:33:42
746817,KHALIFA.GONE.DEC11,Khalifa B. S. Al Khalifa to no longer be Prime Minister of Bahrain before midnight ET 31 Dec 2011,4,50.0,Mar/15/2011 00:36:31
746817,KHALIFA.GONE.DEC11,Khalifa B. S. Al Khalifa to no longer be Prime Minister of Bahrain before midnight ET 31 Dec 2011,1,41.0,Mar/15/2011 17:04:18
746817,KHALIFA.GONE.DEC11,Khalifa B. S. Al Khalifa to no longer be Prime Minister of Bahrain before midnight ET 31 Dec 2011,5,49.9,Mar/15/2011 17:44:04
746817,KHALIFA.GONE.DEC11,Khalifa B. S. Al Khalifa to no longer be Prime Minister of Bahrain before midnight ET 31 Dec 2011,5,49.9,Mar/15/2011 23:08:17
746817,KHALIFA.GONE.DEC11,Khalifa B. S. Al Khalifa to no longer be Prime Minister of Bahrain before midnight ET 31 Dec 2011,2,47.0,Mar/16/2011 19:50:19
746817,KHALIFA.GONE.DEC11,Khalifa B. S. Al Khalifa to no longer be Prime Minister of Bahrain before midnight ET 31 Dec 2011,1,41.0,Mar/16/2011 21:01:07
746817,KHALIFA.GONE.DEC11,Khalifa B. S. Al Khalifa to no longer be Prime Minister of Bahrain before midnight ET 31 Dec 2011,5,41.0,Mar/16/2011 21:01:07
746817,KHALIFA.GONE.DEC11,Khalifa B. S. Al Khalifa to no longer be Prime Minister of Bahrain before midnight ET 31 Dec 2011,5,40.1,Mar/16/2011 21:01:25
746817,KHALIFA.GONE.DEC11,Khalifa B. S. Al Khalifa to no longer be Prime Minister of Bahrain before midnight ET 31 Dec 2011,1,40.1,Mar/16/2011 21:01:25
746817,KHALIFA.GONE.DEC11,Khalifa B. S. Al Khalifa to no longer be Prime Minister of Bahrain before midnight ET 31 Dec 2011,5,49.0,Mar/16/2011 22:32:44
746817,KHALIFA.GONE.DEC11,Khalifa B. S. Al Khalifa to no longer be Prime Minister of Bahrain before midnight ET 31 Dec 2011,5,49.0,Mar/17/2011 04:23:11
746817,KHALIFA.GONE.DEC11,Khalifa B. S. Al Khalifa to no longer be Prime Minister of Bahrain before midnight ET 31 Dec 2011,5,49.0,Mar/17/2011 05:29:44
746817,KHALIFA.GONE.DEC11,Khalifa B. S. Al Khalifa to no longer be Prime Minister of Bahrain before midnight ET 31 Dec 2011,5,54.9,Mar/17/2011 11:48:14
746817,KHALIFA.GONE.DEC11,Khalifa B. S. Al Khalifa to no longer be Prime Minister of Bahrain before midnight ET 31 Dec 2011,5,54.9,Mar/17/2011 12:29:24
746817,KHALIFA.GONE.DEC11,Khalifa B. S. Al Khalifa to no longer be Prime Minister of Bahrain before midnight ET 31 Dec 2011,4,54.9,Mar/17/2011 14:15:36
746817,KHALIFA.GONE.DEC11,Khalifa B. S. Al Khalifa to no longer be Prime Minister of Bahrain before midnight ET 31 Dec 2011,6,54.9,Mar/17/2011 16:00:27
746817,KHALIFA.GONE.DEC11,Khalifa B. S. Al Khalifa to no longer be Prime Minister of Bahrain before midnight ET 31 Dec 2011,2,52.4,Mar/18/2011 01:26:11
746817,KHALIFA.GONE.DEC11,Khalifa B. S. Al Khalifa to no longer be Prime Minister of Bahrain before midnight ET 31 Dec 2011,4,52.4,Mar/18/2011 15:14:25
746817,KHALIFA.GONE.DEC11,Khalifa B. S. Al Khalifa to no longer be Prime Minister of Bahrain before midnight ET 31 Dec 2011,10,52.3,Mar/18/2011 15:14:25
746817,KHALIFA.GONE.DEC11,Khalifa B. S. Al Khalifa to no longer be Prime Minister of Bahrain before midnight ET 31 Dec 2011,5,52.4,Mar/18/2011 15:14:25
746817,KHALIFA.GONE.DEC11,Khalifa B. S. Al Khalifa to no longer be Prime Minister of Bahrain before midnight ET 31 Dec 2011,1,45.6,Mar/18/2011 20:03:01
746817,KHALIFA.GONE.DEC11,Khalifa B. S. Al Khalifa to no longer be Prime Minister of Bahrain before midnight ET 31 Dec 2011,5,37.1,Mar/18/2011 22:09:36
746817,KHALIFA.GONE.DEC11,Khalifa B. S. Al Khalifa to no longer be Prime Minister of Bahrain before midnight ET 31 Dec 2011,5,37.0,Mar/18/2011 22:09:55
746817,KHALIFA.GONE.DEC11,Khalifa B. S. Al Khalifa to no longer be Prime Minister of Bahrain before midnight ET 31 Dec 2011,4,45.0,Mar/19/2011 07:11:14
746817,KHALIFA.GONE.DEC11,Khalifa B. S. Al Khalifa to no longer be Prime Minister of Bahrain before midnight ET 31 Dec 2011,5,49.0,Mar/19/2011 16:17:53
746817,KHALIFA.GONE.DEC11,Khalifa B. S. Al Khalifa to no longer be Prime Minister of Bahrain before midnight ET 31 Dec 2011,5,40.0,Mar/20/2011 10:45:13
746817,KHALIFA.GONE.DEC11,Khalifa B. S. Al Khalifa to no longer be Prime Minister of Bahrain before midnight ET 31 Dec 2011,5,35.0,Mar/20/2011 10:45:26
746817,KHALIFA.GONE.DEC11,Khalifa B. S. Al Khalifa to no longer be Prime Minister of Bahrain before midnight ET 31 Dec 2011,5,35.0,Mar/20/2011 10:45:26
746817,KHALIFA.GONE.DEC11,Khalifa B. S. Al Khalifa to no longer be Prime Minister of Bahrain before midnight ET 31 Dec 2011,3,52.4,Mar/20/2011 11:57:20
746817,KHALIFA.GONE.DEC11,Khalifa B. S. Al Khalifa to no longer be Prime Minister of Bahrain before midnight ET 31 Dec 2011,4,49.0,Mar/20/2011 22:57:49
746817,KHALIFA.GONE.DEC11,Khalifa B. S. Al Khalifa to no longer be Prime Minister of Bahrain before midnight ET 31 Dec 2011,5,42.0,Mar/22/2011 00:05:21
746817,KHALIFA.GONE.DEC11,Khalifa B. S. Al Khalifa to no longer be Prime Minister of Bahrain before midnight ET 31 Dec 2011,13,42.0,Mar/22/2011 22:22:44
746817,KHALIFA.GONE.DEC11,Khalifa B. S. Al Khalifa to no longer be Prime Minister of Bahrain before midnight ET 31 Dec 2011,1,39.0,Mar/23/2011 06:40:36
746817,KHALIFA.GONE.DEC11,Khalifa B. S. Al Khalifa to no longer be Prime Minister of Bahrain before midnight ET 31 Dec 2011,1,33.2,Mar/24/2011 20:16:35
746817,KHALIFA.GONE.DEC11,Khalifa B. S. Al Khalifa to no longer be Prime Minister of Bahrain before midnight ET 31 Dec 2011,1,33.4,Mar/25/2011 02:41:26
746817,KHALIFA.GONE.DEC11,Khalifa B. S. Al Khalifa to no longer be Prime Minister of Bahrain before midnight ET 31 Dec 2011,10,36.0,Mar/28/2011 10:40:51
746817,KHALIFA.GONE.DEC11,Khalifa B. S. Al Khalifa to no longer be Prime Minister of Bahrain before midnight ET 31 Dec 2011,1,45.3,Mar/28/2011 14:13:45
746817,KHALIFA.GONE.DEC11,Khalifa B. S. Al Khalifa to no longer be Prime Minister of Bahrain before midnight ET 31 Dec 2011,2,36.5,Apr/02/2011 03:39:17
746817,KHALIFA.GONE.DEC11,Khalifa B. S. Al Khalifa to no longer be Prime Minister of Bahrain before midnight ET 31 Dec 2011,2,36.5,Apr/03/2011 15:43:01
746817,KHALIFA.GONE.DEC11,Khalifa B. S. Al Khalifa to no longer be Prime Minister of Bahrain before midnight ET 31 Dec 2011,6,33.1,Apr/04/2011 15:10:09
746817,KHALIFA.GONE.DEC11,Khalifa B. S. Al Khalifa to no longer be Prime Minister of Bahrain before midnight ET 31 Dec 2011,5,33.1,Apr/04/2011 15:10:09
746817,KHALIFA.GONE.DEC11,Khalifa B. S. Al Khalifa to no longer be Prime Minister of Bahrain before midnight ET 31 Dec 2011,8,33.0,Apr/04/2011 17:35:12
746817,KHALIFA.GONE.DEC11,Khalifa B. S. Al Khalifa to no longer be Prime Minister of Bahrain before midnight ET 31 Dec 2011,3,30.0,Apr/04/2011 22:45:46
746817,KHALIFA.GONE.DEC11,Khalifa B. S. Al Khalifa to no longer be Prime Minister of Bahrain before midnight ET 31 Dec 2011,7,30.0,Apr/06/2011 01:31:58
746817,KHALIFA.GONE.DEC11,Khalifa B. S. Al Khalifa to no longer be Prime Minister of Bahrain before midnight ET 31 Dec 2011,5,20.0,Apr/06/2011 13:04:58
746817,KHALIFA.GONE.DEC11,Khalifa B. S. Al Khalifa to no longer be Prime Minister of Bahrain before midnight ET 31 Dec 2011,10,30.9,Apr/23/2011 09:54:56
746817,KHALIFA.GONE.DEC11,Khalifa B. S. Al Khalifa to no longer be Prime Minister of Bahrain before midnight ET 31 Dec 2011,6,28.0,Apr/27/2011 02:46:43
746817,KHALIFA.GONE.DEC11,Khalifa B. S. Al Khalifa to no longer be Prime Minister of Bahrain before midnight ET 31 Dec 2011,1,22.0,May/16/2011 20:35:28
746817,KHALIFA.GONE.DEC11,Khalifa B. S. Al Khalifa to no longer be Prime Minister of Bahrain before midnight ET 31 Dec 2011,5,30.0,May/19/2011 20:33:25
746817,KHALIFA.GONE.DEC11,Khalifa B. S. Al Khalifa to no longer be Prime Minister of Bahrain before midnight ET 31 Dec 2011,2,20.0,May/24/2011 03:26:38
746817,KHALIFA.GONE.DEC11,Khalifa B. S. Al Khalifa to no longer be Prime Minister of Bahrain before midnight ET 31 Dec 2011,1,15.0,Jun/05/2011 00:33:57
746817,KHALIFA.GONE.DEC11,Khalifa B. S. Al Khalifa to no longer be Prime Minister of Bahrain before midnight ET 31 Dec 2011,1,32.0,Jun/20/2011 22:00:43
746817,KHALIFA.GONE.DEC11,Khalifa B. S. Al Khalifa to no longer be Prime Minister of Bahrain before midnight ET 31 Dec 2011,1,15.0,Jun/22/2011 03:23:15
746817,KHALIFA.GONE.DEC11,Khalifa B. S. Al Khalifa to no longer be Prime Minister of Bahrain before midnight ET 31 Dec 2011,1,16.0,Jun/22/2011 03:23:51
746817,KHALIFA.GONE.DEC11,Khalifa B. S. Al Khalifa to no longer be Prime Minister of Bahrain before midnight ET 31 Dec 2011,1,15.0,Jun/22/2011 03:24:03
746817,KHALIFA.GONE.DEC11,Khalifa B. S. Al Khalifa to no longer be Prime Minister of Bahrain before midnight ET 31 Dec 2011,1,15.0,Aug/04/2011 16:10:33
746817,KHALIFA.GONE.DEC11,Khalifa B. S. Al Khalifa to no longer be Prime Minister of Bahrain before midnight ET 31 Dec 2011,10,19.0,Aug/16/2011 01:07:22
746817,KHALIFA.GONE.DEC11,Khalifa B. S. Al Khalifa to no longer be Prime Minister of Bahrain before midnight ET 31 Dec 2011,5,20.0,Aug/22/2011 10:27:04
746817,KHALIFA.GONE.DEC11,Khalifa B. S. Al Khalifa to no longer be Prime Minister of Bahrain before midnight ET 31 Dec 2011,3,19.0,Aug/27/2011 13:32:40
746817,KHALIFA.GONE.DEC11,Khalifa B. S. Al Khalifa to no longer be Prime Minister of Bahrain before midnight ET 31 Dec 2011,1,19.0,Aug/27/2011 21:35:48
746817,KHALIFA.GONE.DEC11,Khalifa B. S. Al Khalifa to no longer be Prime Minister of Bahrain before midnight ET 31 Dec 2011,5,10.0,Sep/07/2011 04:44:40
746817,KHALIFA.GONE.DEC11,Khalifa B. S. Al Khalifa to no longer be Prime Minister of Bahrain before midnight ET 31 Dec 2011,4,10.0,Sep/20/2011 00:06:14
746817,KHALIFA.GONE.DEC11,Khalifa B. S. Al Khalifa to no longer be Prime Minister of Bahrain before midnight ET 31 Dec 2011,1,10.0,Sep/29/2011 08:49:17
746817,KHALIFA.GONE.DEC11,Khalifa B. S. Al Khalifa to no longer be Prime Minister of Bahrain before midnight ET 31 Dec 2011,2,15.0,Sep/29/2011 09:57:15
746817,KHALIFA.GONE.DEC11,Khalifa B. S. Al Khalifa to no longer be Prime Minister of Bahrain before midnight ET 31 Dec 2011,1,12.0,Sep/30/2011 19:57:02
746817,KHALIFA.GONE.DEC11,Khalifa B. S. Al Khalifa to no longer be Prime Minister of Bahrain before midnight ET 31 Dec 2011,1,12.0,Sep/30/2011 20:09:01
746817,KHALIFA.GONE.DEC11,Khalifa B. S. Al Khalifa to no longer be Prime Minister of Bahrain before midnight ET 31 Dec 2011,48,10.0,Sep/30/2011 20:10:01
746817,KHALIFA.GONE.DEC11,Khalifa B. S. Al Khalifa to no longer be Prime Minister of Bahrain before midnight ET 31 Dec 2011,5,20.0,Oct/06/2011 10:05:30
746817,KHALIFA.GONE.DEC11,Khalifa B. S. Al Khalifa to no longer be Prime Minister of Bahrain before midnight ET 31 Dec 2011,1,12.1,Oct/22/2011 14:57:05
746817,KHALIFA.GONE.DEC11,Khalifa B. S. Al Khalifa to no longer be Prime Minister of Bahrain before midnight ET 31 Dec 2011,2,12.0,Oct/22/2011 14:57:30
746817,KHALIFA.GONE.DEC11,Khalifa B. S. Al Khalifa to no longer be Prime Minister of Bahrain before midnight ET 31 Dec 2011,3,10.0,Oct/22/2011 14:57:50
746817,KHALIFA.GONE.DEC11,Khalifa B. S. Al Khalifa to no longer be Prime Minister of Bahrain before midnight ET 31 Dec 2011,1,6.0,Oct/27/2011 05:22:53
746817,KHALIFA.GONE.DEC11,Khalifa B. S. Al Khalifa to no longer be Prime Minister of Bahrain before midnight ET 31 Dec 2011,5,5.0,Oct/27/2011 05:23:57
746817,KHALIFA.GONE.DEC11,Khalifa B. S. Al Khalifa to no longer be Prime Minister of Bahrain before midnight ET 31 Dec 2011,1,12.9,Nov/04/2011 17:16:02
746817,KHALIFA.GONE.DEC11,Khalifa B. S. Al Khalifa to no longer be Prime Minister of Bahrain before midnight ET 31 Dec 2011,2,5.0,Nov/09/2011 23:05:32
746817,KHALIFA.GONE.DEC11,Khalifa B. S. Al Khalifa to no longer be Prime Minister of Bahrain before midnight ET 31 Dec 2011,4,3.0,Nov/10/2011 17:04:49
746817,KHALIFA.GONE.DEC11,Khalifa B. S. Al Khalifa to no longer be Prime Minister of Bahrain before midnight ET 31 Dec 2011,2,5.5,Nov/12/2011 21:10:18
746817,KHALIFA.GONE.DEC11,Khalifa B. S. Al Khalifa to no longer be Prime Minister of Bahrain before midnight ET 31 Dec 2011,1,3.0,Dec/05/2011 23:10:16
746817,KHALIFA.GONE.DEC11,Khalifa B. S. Al Khalifa to no longer be Prime Minister of Bahrain before midnight ET 31 Dec 2011,1,3.0,Dec/06/2011 19:43:39
746817,KHALIFA.GONE.DEC11,Khalifa B. S. Al Khalifa to no longer be Prime Minister of Bahrain before midnight ET 31 Dec 2011,1,3.0,Dec/06/2011 19:43:39
746817,KHALIFA.GONE.DEC11,Khalifa B. S. Al Khalifa to no longer be Prime Minister of Bahrain before midnight ET 31 Dec 2011,15,2.0,Dec/07/2011 00:03:20
746817,KHALIFA.GONE.DEC11,Khalifa B. S. Al Khalifa to no longer be Prime Minister of Bahrain before midnight ET 31 Dec 2011,1,1.0,Dec/17/2011 14:31:04
746817,KHALIFA.GONE.DEC11,Khalifa B. S. Al Khalifa to no longer be Prime Minister of Bahrain before midnight ET 31 Dec 2011,1,0.2,Dec/25/2011 07:56:29
