market id,market symbol,market name,trade quantity,trade price,date/time [utc]
768576,ACTOR:WASHINGTON,Denzel Washington (Flight) to win the Academy Award for Best Actor,4,5.0,Dec/22/2012 22:03:09
768576,ACTOR:WASHINGTON,Denzel Washington (Flight) to win the Academy Award for Best Actor,11,1.5,Jan/06/2013 16:56:29
768576,ACTOR:WASHINGTON,Denzel Washington (Flight) to win the Academy Award for Best Actor,1,1.8,Jan/06/2013 20:37:00
768576,ACTOR:WASHINGTON,Denzel Washington (Flight) to win the Academy Award for Best Actor,1,1.8,Jan/06/2013 20:37:02
768576,ACTOR:WASHINGTON,Denzel Washington (Flight) to win the Academy Award for Best Actor,1,1.8,Jan/06/2013 20:37:03
768576,ACTOR:WASHINGTON,Denzel Washington (Flight) to win the Academy Award for Best Actor,1,1.8,Jan/06/2013 20:37:04
768576,ACTOR:WASHINGTON,Denzel Washington (Flight) to win the Academy Award for Best Actor,1,1.8,Jan/06/2013 20:37:06
768576,ACTOR:WASHINGTON,Denzel Washington (Flight) to win the Academy Award for Best Actor,6,1.0,Jan/08/2013 23:54:53
768576,ACTOR:WASHINGTON,Denzel Washington (Flight) to win the Academy Award for Best Actor,17,1.3,Jan/10/2013 13:52:10
768576,ACTOR:WASHINGTON,Denzel Washington (Flight) to win the Academy Award for Best Actor,8,1.6,Jan/10/2013 17:15:24
768576,ACTOR:WASHINGTON,Denzel Washington (Flight) to win the Academy Award for Best Actor,2,1.8,Jan/10/2013 17:15:35
768576,ACTOR:WASHINGTON,Denzel Washington (Flight) to win the Academy Award for Best Actor,10,2.0,Jan/10/2013 17:15:43
768576,ACTOR:WASHINGTON,Denzel Washington (Flight) to win the Academy Award for Best Actor,1,2.2,Jan/10/2013 17:32:26
768576,ACTOR:WASHINGTON,Denzel Washington (Flight) to win the Academy Award for Best Actor,1,2.2,Jan/10/2013 17:32:50
768576,ACTOR:WASHINGTON,Denzel Washington (Flight) to win the Academy Award for Best Actor,1,2.0,Jan/10/2013 17:43:31
768576,ACTOR:WASHINGTON,Denzel Washington (Flight) to win the Academy Award for Best Actor,3,2.0,Jan/10/2013 17:44:05
768576,ACTOR:WASHINGTON,Denzel Washington (Flight) to win the Academy Award for Best Actor,1,2.0,Jan/10/2013 17:44:23
768576,ACTOR:WASHINGTON,Denzel Washington (Flight) to win the Academy Award for Best Actor,10,1.5,Jan/10/2013 18:27:06
768576,ACTOR:WASHINGTON,Denzel Washington (Flight) to win the Academy Award for Best Actor,1,2.0,Jan/10/2013 21:03:21
768576,ACTOR:WASHINGTON,Denzel Washington (Flight) to win the Academy Award for Best Actor,1,2.0,Jan/11/2013 00:37:04
768576,ACTOR:WASHINGTON,Denzel Washington (Flight) to win the Academy Award for Best Actor,10,1.4,Jan/13/2013 16:25:47
768576,ACTOR:WASHINGTON,Denzel Washington (Flight) to win the Academy Award for Best Actor,1,1.1,Jan/14/2013 03:32:04
768576,ACTOR:WASHINGTON,Denzel Washington (Flight) to win the Academy Award for Best Actor,10,1.1,Jan/14/2013 03:34:48
768576,ACTOR:WASHINGTON,Denzel Washington (Flight) to win the Academy Award for Best Actor,1,1.1,Jan/14/2013 05:18:21
768576,ACTOR:WASHINGTON,Denzel Washington (Flight) to win the Academy Award for Best Actor,1,1.1,Jan/14/2013 05:18:29
768576,ACTOR:WASHINGTON,Denzel Washington (Flight) to win the Academy Award for Best Actor,1,1.1,Jan/14/2013 05:18:40
768576,ACTOR:WASHINGTON,Denzel Washington (Flight) to win the Academy Award for Best Actor,1,1.1,Jan/14/2013 05:19:08
768576,ACTOR:WASHINGTON,Denzel Washington (Flight) to win the Academy Award for Best Actor,1,1.1,Jan/14/2013 05:19:29
768576,ACTOR:WASHINGTON,Denzel Washington (Flight) to win the Academy Award for Best Actor,1,1.1,Jan/14/2013 05:20:40
768576,ACTOR:WASHINGTON,Denzel Washington (Flight) to win the Academy Award for Best Actor,1,1.1,Jan/14/2013 05:20:45
768576,ACTOR:WASHINGTON,Denzel Washington (Flight) to win the Academy Award for Best Actor,1,1.1,Jan/14/2013 05:20:52
768576,ACTOR:WASHINGTON,Denzel Washington (Flight) to win the Academy Award for Best Actor,1,1.1,Jan/14/2013 05:21:05
768576,ACTOR:WASHINGTON,Denzel Washington (Flight) to win the Academy Award for Best Actor,1,1.1,Jan/14/2013 05:21:09
768576,ACTOR:WASHINGTON,Denzel Washington (Flight) to win the Academy Award for Best Actor,1,1.1,Jan/14/2013 05:21:16
768576,ACTOR:WASHINGTON,Denzel Washington (Flight) to win the Academy Award for Best Actor,1,1.1,Jan/14/2013 05:49:57
768576,ACTOR:WASHINGTON,Denzel Washington (Flight) to win the Academy Award for Best Actor,10,1.5,Jan/14/2013 13:06:30
768576,ACTOR:WASHINGTON,Denzel Washington (Flight) to win the Academy Award for Best Actor,32,1.9,Jan/14/2013 16:17:45
768576,ACTOR:WASHINGTON,Denzel Washington (Flight) to win the Academy Award for Best Actor,1,1.6,Jan/14/2013 17:31:00
768576,ACTOR:WASHINGTON,Denzel Washington (Flight) to win the Academy Award for Best Actor,1,1.6,Jan/14/2013 17:31:01
768576,ACTOR:WASHINGTON,Denzel Washington (Flight) to win the Academy Award for Best Actor,1,1.6,Jan/14/2013 17:31:02
768576,ACTOR:WASHINGTON,Denzel Washington (Flight) to win the Academy Award for Best Actor,1,1.6,Jan/14/2013 17:31:03
768576,ACTOR:WASHINGTON,Denzel Washington (Flight) to win the Academy Award for Best Actor,1,1.6,Jan/14/2013 17:31:04
768576,ACTOR:WASHINGTON,Denzel Washington (Flight) to win the Academy Award for Best Actor,1,1.6,Jan/14/2013 17:31:05
768576,ACTOR:WASHINGTON,Denzel Washington (Flight) to win the Academy Award for Best Actor,1,1.6,Jan/14/2013 17:31:07
768576,ACTOR:WASHINGTON,Denzel Washington (Flight) to win the Academy Award for Best Actor,1,1.6,Jan/14/2013 17:31:08
768576,ACTOR:WASHINGTON,Denzel Washington (Flight) to win the Academy Award for Best Actor,2,1.6,Jan/14/2013 17:31:09
768576,ACTOR:WASHINGTON,Denzel Washington (Flight) to win the Academy Award for Best Actor,2,1.6,Jan/14/2013 17:31:10
768576,ACTOR:WASHINGTON,Denzel Washington (Flight) to win the Academy Award for Best Actor,1,1.6,Jan/14/2013 17:31:11
768576,ACTOR:WASHINGTON,Denzel Washington (Flight) to win the Academy Award for Best Actor,1,1.6,Jan/14/2013 17:31:12
768576,ACTOR:WASHINGTON,Denzel Washington (Flight) to win the Academy Award for Best Actor,1,1.6,Jan/14/2013 17:31:13
768576,ACTOR:WASHINGTON,Denzel Washington (Flight) to win the Academy Award for Best Actor,1,1.6,Jan/14/2013 17:31:14
768576,ACTOR:WASHINGTON,Denzel Washington (Flight) to win the Academy Award for Best Actor,1,1.6,Jan/14/2013 17:31:15
768576,ACTOR:WASHINGTON,Denzel Washington (Flight) to win the Academy Award for Best Actor,1,1.6,Jan/14/2013 17:31:16
768576,ACTOR:WASHINGTON,Denzel Washington (Flight) to win the Academy Award for Best Actor,1,1.6,Jan/14/2013 17:31:17
768576,ACTOR:WASHINGTON,Denzel Washington (Flight) to win the Academy Award for Best Actor,1,1.6,Jan/14/2013 17:31:18
768576,ACTOR:WASHINGTON,Denzel Washington (Flight) to win the Academy Award for Best Actor,1,1.6,Jan/14/2013 17:49:19
768576,ACTOR:WASHINGTON,Denzel Washington (Flight) to win the Academy Award for Best Actor,1,1.6,Jan/14/2013 17:49:45
768576,ACTOR:WASHINGTON,Denzel Washington (Flight) to win the Academy Award for Best Actor,1,1.3,Jan/14/2013 23:46:32
768576,ACTOR:WASHINGTON,Denzel Washington (Flight) to win the Academy Award for Best Actor,1,1.3,Jan/15/2013 09:26:36
768576,ACTOR:WASHINGTON,Denzel Washington (Flight) to win the Academy Award for Best Actor,5,1.3,Jan/15/2013 09:49:00
768576,ACTOR:WASHINGTON,Denzel Washington (Flight) to win the Academy Award for Best Actor,1,1.1,Jan/15/2013 16:22:37
768576,ACTOR:WASHINGTON,Denzel Washington (Flight) to win the Academy Award for Best Actor,4,1.1,Jan/15/2013 17:20:44
768576,ACTOR:WASHINGTON,Denzel Washington (Flight) to win the Academy Award for Best Actor,2,1.1,Jan/15/2013 19:48:56
768576,ACTOR:WASHINGTON,Denzel Washington (Flight) to win the Academy Award for Best Actor,2,1.1,Jan/15/2013 19:49:06
768576,ACTOR:WASHINGTON,Denzel Washington (Flight) to win the Academy Award for Best Actor,2,1.1,Jan/15/2013 22:20:21
768576,ACTOR:WASHINGTON,Denzel Washington (Flight) to win the Academy Award for Best Actor,1,1.1,Jan/15/2013 22:20:30
768576,ACTOR:WASHINGTON,Denzel Washington (Flight) to win the Academy Award for Best Actor,1,1.1,Jan/15/2013 22:20:31
768576,ACTOR:WASHINGTON,Denzel Washington (Flight) to win the Academy Award for Best Actor,4,1.1,Jan/15/2013 23:35:45
768576,ACTOR:WASHINGTON,Denzel Washington (Flight) to win the Academy Award for Best Actor,4,1.2,Jan/15/2013 23:44:07
768576,ACTOR:WASHINGTON,Denzel Washington (Flight) to win the Academy Award for Best Actor,4,1.2,Jan/16/2013 11:47:55
768576,ACTOR:WASHINGTON,Denzel Washington (Flight) to win the Academy Award for Best Actor,25,1.2,Jan/17/2013 15:33:19
768576,ACTOR:WASHINGTON,Denzel Washington (Flight) to win the Academy Award for Best Actor,15,1.0,Jan/20/2013 12:54:12
768576,ACTOR:WASHINGTON,Denzel Washington (Flight) to win the Academy Award for Best Actor,19,1.0,Jan/20/2013 12:54:22
768576,ACTOR:WASHINGTON,Denzel Washington (Flight) to win the Academy Award for Best Actor,60,1.0,Jan/20/2013 12:54:31
768576,ACTOR:WASHINGTON,Denzel Washington (Flight) to win the Academy Award for Best Actor,10,0.8,Jan/20/2013 13:20:01
768576,ACTOR:WASHINGTON,Denzel Washington (Flight) to win the Academy Award for Best Actor,6,0.9,Jan/20/2013 18:17:44
768576,ACTOR:WASHINGTON,Denzel Washington (Flight) to win the Academy Award for Best Actor,4,0.9,Jan/20/2013 18:17:44
768576,ACTOR:WASHINGTON,Denzel Washington (Flight) to win the Academy Award for Best Actor,6,0.9,Jan/20/2013 18:18:22
768576,ACTOR:WASHINGTON,Denzel Washington (Flight) to win the Academy Award for Best Actor,12,1.1,Jan/20/2013 18:18:55
768576,ACTOR:WASHINGTON,Denzel Washington (Flight) to win the Academy Award for Best Actor,20,1.1,Jan/20/2013 18:30:13
768576,ACTOR:WASHINGTON,Denzel Washington (Flight) to win the Academy Award for Best Actor,7,1.1,Jan/21/2013 04:28:23
768576,ACTOR:WASHINGTON,Denzel Washington (Flight) to win the Academy Award for Best Actor,1,0.5,Jan/24/2013 05:13:45
768576,ACTOR:WASHINGTON,Denzel Washington (Flight) to win the Academy Award for Best Actor,1,0.5,Jan/24/2013 05:13:46
768576,ACTOR:WASHINGTON,Denzel Washington (Flight) to win the Academy Award for Best Actor,1,0.5,Jan/24/2013 05:13:47
768576,ACTOR:WASHINGTON,Denzel Washington (Flight) to win the Academy Award for Best Actor,1,0.5,Jan/24/2013 05:13:48
768576,ACTOR:WASHINGTON,Denzel Washington (Flight) to win the Academy Award for Best Actor,1,0.5,Jan/24/2013 05:13:49
768576,ACTOR:WASHINGTON,Denzel Washington (Flight) to win the Academy Award for Best Actor,1,0.5,Jan/24/2013 05:13:51
768576,ACTOR:WASHINGTON,Denzel Washington (Flight) to win the Academy Award for Best Actor,1,0.5,Jan/24/2013 05:13:52
768576,ACTOR:WASHINGTON,Denzel Washington (Flight) to win the Academy Award for Best Actor,1,0.5,Jan/24/2013 05:13:53
768576,ACTOR:WASHINGTON,Denzel Washington (Flight) to win the Academy Award for Best Actor,1,0.5,Jan/24/2013 05:13:54
768576,ACTOR:WASHINGTON,Denzel Washington (Flight) to win the Academy Award for Best Actor,1,0.5,Jan/24/2013 05:13:55
768576,ACTOR:WASHINGTON,Denzel Washington (Flight) to win the Academy Award for Best Actor,1,0.5,Jan/24/2013 05:13:56
768576,ACTOR:WASHINGTON,Denzel Washington (Flight) to win the Academy Award for Best Actor,20,1.0,Jan/25/2013 09:28:37
768576,ACTOR:WASHINGTON,Denzel Washington (Flight) to win the Academy Award for Best Actor,2,0.4,Jan/28/2013 02:56:00
768576,ACTOR:WASHINGTON,Denzel Washington (Flight) to win the Academy Award for Best Actor,20,0.4,Jan/28/2013 03:24:27
768576,ACTOR:WASHINGTON,Denzel Washington (Flight) to win the Academy Award for Best Actor,5,0.5,Jan/28/2013 07:22:11
768576,ACTOR:WASHINGTON,Denzel Washington (Flight) to win the Academy Award for Best Actor,5,0.5,Jan/30/2013 04:23:29
768576,ACTOR:WASHINGTON,Denzel Washington (Flight) to win the Academy Award for Best Actor,15,0.5,Jan/30/2013 04:23:29
768576,ACTOR:WASHINGTON,Denzel Washington (Flight) to win the Academy Award for Best Actor,10,0.3,Feb/02/2013 11:48:46
768576,ACTOR:WASHINGTON,Denzel Washington (Flight) to win the Academy Award for Best Actor,11,0.2,Feb/02/2013 17:23:59
768576,ACTOR:WASHINGTON,Denzel Washington (Flight) to win the Academy Award for Best Actor,1,0.2,Feb/02/2013 17:41:51
768576,ACTOR:WASHINGTON,Denzel Washington (Flight) to win the Academy Award for Best Actor,1,0.2,Feb/02/2013 17:41:52
768576,ACTOR:WASHINGTON,Denzel Washington (Flight) to win the Academy Award for Best Actor,1,0.2,Feb/02/2013 17:41:53
768576,ACTOR:WASHINGTON,Denzel Washington (Flight) to win the Academy Award for Best Actor,1,0.2,Feb/02/2013 17:41:54
768576,ACTOR:WASHINGTON,Denzel Washington (Flight) to win the Academy Award for Best Actor,2,0.2,Feb/02/2013 17:41:55
768576,ACTOR:WASHINGTON,Denzel Washington (Flight) to win the Academy Award for Best Actor,1,0.2,Feb/02/2013 17:41:56
768576,ACTOR:WASHINGTON,Denzel Washington (Flight) to win the Academy Award for Best Actor,1,0.2,Feb/02/2013 17:41:57
768576,ACTOR:WASHINGTON,Denzel Washington (Flight) to win the Academy Award for Best Actor,1,0.2,Feb/02/2013 17:41:58
768576,ACTOR:WASHINGTON,Denzel Washington (Flight) to win the Academy Award for Best Actor,1,0.2,Feb/02/2013 17:41:59
768576,ACTOR:WASHINGTON,Denzel Washington (Flight) to win the Academy Award for Best Actor,23,0.3,Feb/02/2013 17:49:10
768576,ACTOR:WASHINGTON,Denzel Washington (Flight) to win the Academy Award for Best Actor,77,0.3,Feb/03/2013 01:20:50
768576,ACTOR:WASHINGTON,Denzel Washington (Flight) to win the Academy Award for Best Actor,1,0.2,Feb/03/2013 03:41:05
768576,ACTOR:WASHINGTON,Denzel Washington (Flight) to win the Academy Award for Best Actor,1,0.2,Feb/03/2013 03:41:07
768576,ACTOR:WASHINGTON,Denzel Washington (Flight) to win the Academy Award for Best Actor,1,0.2,Feb/03/2013 03:41:08
768576,ACTOR:WASHINGTON,Denzel Washington (Flight) to win the Academy Award for Best Actor,1,0.2,Feb/03/2013 03:41:09
768576,ACTOR:WASHINGTON,Denzel Washington (Flight) to win the Academy Award for Best Actor,1,0.2,Feb/03/2013 03:41:10
768576,ACTOR:WASHINGTON,Denzel Washington (Flight) to win the Academy Award for Best Actor,1,0.2,Feb/03/2013 03:41:11
768576,ACTOR:WASHINGTON,Denzel Washington (Flight) to win the Academy Award for Best Actor,2,0.2,Feb/03/2013 03:41:12
768576,ACTOR:WASHINGTON,Denzel Washington (Flight) to win the Academy Award for Best Actor,2,0.2,Feb/03/2013 03:41:13
768576,ACTOR:WASHINGTON,Denzel Washington (Flight) to win the Academy Award for Best Actor,1,0.2,Feb/03/2013 03:41:14
768576,ACTOR:WASHINGTON,Denzel Washington (Flight) to win the Academy Award for Best Actor,1,0.2,Feb/03/2013 03:41:15
768576,ACTOR:WASHINGTON,Denzel Washington (Flight) to win the Academy Award for Best Actor,1,0.2,Feb/03/2013 03:41:16
768576,ACTOR:WASHINGTON,Denzel Washington (Flight) to win the Academy Award for Best Actor,1,0.2,Feb/03/2013 03:41:17
768576,ACTOR:WASHINGTON,Denzel Washington (Flight) to win the Academy Award for Best Actor,19,0.2,Feb/03/2013 03:56:07
768576,ACTOR:WASHINGTON,Denzel Washington (Flight) to win the Academy Award for Best Actor,4,0.2,Feb/03/2013 14:10:20
768576,ACTOR:WASHINGTON,Denzel Washington (Flight) to win the Academy Award for Best Actor,13,0.4,Feb/04/2013 01:35:36
768576,ACTOR:WASHINGTON,Denzel Washington (Flight) to win the Academy Award for Best Actor,22,0.3,Feb/04/2013 01:35:36
768576,ACTOR:WASHINGTON,Denzel Washington (Flight) to win the Academy Award for Best Actor,11,0.2,Feb/04/2013 09:18:01
768576,ACTOR:WASHINGTON,Denzel Washington (Flight) to win the Academy Award for Best Actor,10,0.2,Feb/04/2013 19:06:38
768576,ACTOR:WASHINGTON,Denzel Washington (Flight) to win the Academy Award for Best Actor,16,0.2,Feb/05/2013 01:31:30
768576,ACTOR:WASHINGTON,Denzel Washington (Flight) to win the Academy Award for Best Actor,6,0.2,Feb/05/2013 01:31:45
768576,ACTOR:WASHINGTON,Denzel Washington (Flight) to win the Academy Award for Best Actor,13,0.2,Feb/05/2013 01:36:36
768576,ACTOR:WASHINGTON,Denzel Washington (Flight) to win the Academy Award for Best Actor,42,0.3,Feb/05/2013 01:36:36
768576,ACTOR:WASHINGTON,Denzel Washington (Flight) to win the Academy Award for Best Actor,28,0.3,Feb/05/2013 01:36:36
768576,ACTOR:WASHINGTON,Denzel Washington (Flight) to win the Academy Award for Best Actor,1,0.3,Feb/05/2013 04:22:16
768576,ACTOR:WASHINGTON,Denzel Washington (Flight) to win the Academy Award for Best Actor,4,0.4,Feb/05/2013 04:22:46
768576,ACTOR:WASHINGTON,Denzel Washington (Flight) to win the Academy Award for Best Actor,11,0.4,Feb/05/2013 04:22:46
768576,ACTOR:WASHINGTON,Denzel Washington (Flight) to win the Academy Award for Best Actor,3,0.3,Feb/05/2013 11:46:34
768576,ACTOR:WASHINGTON,Denzel Washington (Flight) to win the Academy Award for Best Actor,2,0.3,Feb/05/2013 11:46:56
768576,ACTOR:WASHINGTON,Denzel Washington (Flight) to win the Academy Award for Best Actor,2,0.3,Feb/05/2013 11:47:11
768576,ACTOR:WASHINGTON,Denzel Washington (Flight) to win the Academy Award for Best Actor,1,0.3,Feb/05/2013 11:47:25
768576,ACTOR:WASHINGTON,Denzel Washington (Flight) to win the Academy Award for Best Actor,1,0.3,Feb/05/2013 11:47:41
768576,ACTOR:WASHINGTON,Denzel Washington (Flight) to win the Academy Award for Best Actor,1,0.3,Feb/05/2013 11:48:11
768576,ACTOR:WASHINGTON,Denzel Washington (Flight) to win the Academy Award for Best Actor,1,0.3,Feb/05/2013 11:48:19
768576,ACTOR:WASHINGTON,Denzel Washington (Flight) to win the Academy Award for Best Actor,1,0.3,Feb/05/2013 11:48:57
768576,ACTOR:WASHINGTON,Denzel Washington (Flight) to win the Academy Award for Best Actor,1,0.3,Feb/05/2013 11:49:08
768576,ACTOR:WASHINGTON,Denzel Washington (Flight) to win the Academy Award for Best Actor,1,0.3,Feb/05/2013 11:49:21
768576,ACTOR:WASHINGTON,Denzel Washington (Flight) to win the Academy Award for Best Actor,1,0.3,Feb/05/2013 11:49:39
768576,ACTOR:WASHINGTON,Denzel Washington (Flight) to win the Academy Award for Best Actor,1,0.3,Feb/05/2013 11:50:36
768576,ACTOR:WASHINGTON,Denzel Washington (Flight) to win the Academy Award for Best Actor,3,0.3,Feb/05/2013 21:02:11
768576,ACTOR:WASHINGTON,Denzel Washington (Flight) to win the Academy Award for Best Actor,1,0.3,Feb/05/2013 21:02:11
768576,ACTOR:WASHINGTON,Denzel Washington (Flight) to win the Academy Award for Best Actor,1,0.3,Feb/05/2013 21:02:13
768576,ACTOR:WASHINGTON,Denzel Washington (Flight) to win the Academy Award for Best Actor,1,0.3,Feb/05/2013 21:02:14
768576,ACTOR:WASHINGTON,Denzel Washington (Flight) to win the Academy Award for Best Actor,1,0.3,Feb/05/2013 21:02:15
768576,ACTOR:WASHINGTON,Denzel Washington (Flight) to win the Academy Award for Best Actor,1,0.3,Feb/05/2013 21:22:08
768576,ACTOR:WASHINGTON,Denzel Washington (Flight) to win the Academy Award for Best Actor,1,0.3,Feb/05/2013 21:23:09
768576,ACTOR:WASHINGTON,Denzel Washington (Flight) to win the Academy Award for Best Actor,1,0.3,Feb/05/2013 21:24:10
768576,ACTOR:WASHINGTON,Denzel Washington (Flight) to win the Academy Award for Best Actor,1,0.3,Feb/05/2013 21:25:11
768576,ACTOR:WASHINGTON,Denzel Washington (Flight) to win the Academy Award for Best Actor,1,0.3,Feb/05/2013 21:26:12
768576,ACTOR:WASHINGTON,Denzel Washington (Flight) to win the Academy Award for Best Actor,1,0.3,Feb/05/2013 21:26:14
768576,ACTOR:WASHINGTON,Denzel Washington (Flight) to win the Academy Award for Best Actor,1,0.3,Feb/05/2013 21:27:15
768576,ACTOR:WASHINGTON,Denzel Washington (Flight) to win the Academy Award for Best Actor,1,0.3,Feb/05/2013 21:28:16
768576,ACTOR:WASHINGTON,Denzel Washington (Flight) to win the Academy Award for Best Actor,1,0.3,Feb/05/2013 21:29:17
768576,ACTOR:WASHINGTON,Denzel Washington (Flight) to win the Academy Award for Best Actor,1,0.3,Feb/05/2013 21:30:18
768576,ACTOR:WASHINGTON,Denzel Washington (Flight) to win the Academy Award for Best Actor,3,0.3,Feb/05/2013 21:31:18
768576,ACTOR:WASHINGTON,Denzel Washington (Flight) to win the Academy Award for Best Actor,2,0.3,Feb/05/2013 21:32:20
768576,ACTOR:WASHINGTON,Denzel Washington (Flight) to win the Academy Award for Best Actor,2,0.3,Feb/05/2013 21:33:21
768576,ACTOR:WASHINGTON,Denzel Washington (Flight) to win the Academy Award for Best Actor,1,0.3,Feb/05/2013 21:34:22
768576,ACTOR:WASHINGTON,Denzel Washington (Flight) to win the Academy Award for Best Actor,1,0.3,Feb/05/2013 21:35:23
768576,ACTOR:WASHINGTON,Denzel Washington (Flight) to win the Academy Award for Best Actor,1,0.3,Feb/05/2013 21:36:24
768576,ACTOR:WASHINGTON,Denzel Washington (Flight) to win the Academy Award for Best Actor,1,0.4,Feb/05/2013 21:36:28
768576,ACTOR:WASHINGTON,Denzel Washington (Flight) to win the Academy Award for Best Actor,1,0.4,Feb/05/2013 21:37:29
768576,ACTOR:WASHINGTON,Denzel Washington (Flight) to win the Academy Award for Best Actor,10,0.2,Feb/09/2013 04:27:22
768576,ACTOR:WASHINGTON,Denzel Washington (Flight) to win the Academy Award for Best Actor,1,0.2,Feb/09/2013 04:44:49
768576,ACTOR:WASHINGTON,Denzel Washington (Flight) to win the Academy Award for Best Actor,15,0.2,Feb/09/2013 04:44:59
768576,ACTOR:WASHINGTON,Denzel Washington (Flight) to win the Academy Award for Best Actor,10,0.1,Feb/13/2013 00:35:50
768576,ACTOR:WASHINGTON,Denzel Washington (Flight) to win the Academy Award for Best Actor,1,0.1,Feb/13/2013 23:34:56
768576,ACTOR:WASHINGTON,Denzel Washington (Flight) to win the Academy Award for Best Actor,1,0.2,Feb/13/2013 23:35:28
768576,ACTOR:WASHINGTON,Denzel Washington (Flight) to win the Academy Award for Best Actor,1,0.1,Feb/17/2013 13:17:32
768576,ACTOR:WASHINGTON,Denzel Washington (Flight) to win the Academy Award for Best Actor,5,0.1,Feb/17/2013 13:17:43
768576,ACTOR:WASHINGTON,Denzel Washington (Flight) to win the Academy Award for Best Actor,5,0.1,Feb/17/2013 13:17:53
768576,ACTOR:WASHINGTON,Denzel Washington (Flight) to win the Academy Award for Best Actor,1,0.1,Feb/19/2013 03:30:03
768576,ACTOR:WASHINGTON,Denzel Washington (Flight) to win the Academy Award for Best Actor,6,0.2,Feb/22/2013 14:24:34
768576,ACTOR:WASHINGTON,Denzel Washington (Flight) to win the Academy Award for Best Actor,90,0.3,Feb/22/2013 14:25:08
768576,ACTOR:WASHINGTON,Denzel Washington (Flight) to win the Academy Award for Best Actor,1,0.3,Feb/22/2013 17:50:54
768576,ACTOR:WASHINGTON,Denzel Washington (Flight) to win the Academy Award for Best Actor,110,0.3,Feb/24/2013 16:37:08
768576,ACTOR:WASHINGTON,Denzel Washington (Flight) to win the Academy Award for Best Actor,115,0.3,Feb/24/2013 16:37:08
768576,ACTOR:WASHINGTON,Denzel Washington (Flight) to win the Academy Award for Best Actor,1,0.4,Feb/24/2013 20:38:53
768576,ACTOR:WASHINGTON,Denzel Washington (Flight) to win the Academy Award for Best Actor,4,0.4,Feb/24/2013 20:40:15
768576,ACTOR:WASHINGTON,Denzel Washington (Flight) to win the Academy Award for Best Actor,1,0.4,Feb/24/2013 22:22:03
