market id,market symbol,market name,trade quantity,trade price,date/time [utc]
768575,ACTOR:DAY-LEWIS,Daniel Day-Lewis (Lincoln) to win the Academy Award for Best Actor,10,80.0,Dec/10/2012 16:19:55
768575,ACTOR:DAY-LEWIS,Daniel Day-Lewis (Lincoln) to win the Academy Award for Best Actor,20,82.5,Dec/10/2012 16:31:38
768575,ACTOR:DAY-LEWIS,Daniel Day-Lewis (Lincoln) to win the Academy Award for Best Actor,10,85.0,Dec/10/2012 16:31:44
768575,ACTOR:DAY-LEWIS,Daniel Day-Lewis (Lincoln) to win the Academy Award for Best Actor,10,87.5,Dec/10/2012 16:31:55
768575,ACTOR:DAY-LEWIS,Daniel Day-Lewis (Lincoln) to win the Academy Award for Best Actor,10,90.0,Dec/10/2012 16:32:02
768575,ACTOR:DAY-LEWIS,Daniel Day-Lewis (Lincoln) to win the Academy Award for Best Actor,10,87.5,Dec/10/2012 16:52:56
768575,ACTOR:DAY-LEWIS,Daniel Day-Lewis (Lincoln) to win the Academy Award for Best Actor,50,89.9,Dec/10/2012 16:53:06
768575,ACTOR:DAY-LEWIS,Daniel Day-Lewis (Lincoln) to win the Academy Award for Best Actor,10,90.0,Dec/10/2012 16:53:12
768575,ACTOR:DAY-LEWIS,Daniel Day-Lewis (Lincoln) to win the Academy Award for Best Actor,20,63.0,Dec/10/2012 19:51:26
768575,ACTOR:DAY-LEWIS,Daniel Day-Lewis (Lincoln) to win the Academy Award for Best Actor,20,63.0,Dec/10/2012 19:51:29
768575,ACTOR:DAY-LEWIS,Daniel Day-Lewis (Lincoln) to win the Academy Award for Best Actor,9,63.0,Dec/10/2012 19:51:32
768575,ACTOR:DAY-LEWIS,Daniel Day-Lewis (Lincoln) to win the Academy Award for Best Actor,2,83.0,Dec/10/2012 19:51:57
768575,ACTOR:DAY-LEWIS,Daniel Day-Lewis (Lincoln) to win the Academy Award for Best Actor,100,81.9,Dec/11/2012 03:34:24
768575,ACTOR:DAY-LEWIS,Daniel Day-Lewis (Lincoln) to win the Academy Award for Best Actor,20,80.0,Dec/11/2012 16:14:16
768575,ACTOR:DAY-LEWIS,Daniel Day-Lewis (Lincoln) to win the Academy Award for Best Actor,16,80.0,Dec/11/2012 16:14:27
768575,ACTOR:DAY-LEWIS,Daniel Day-Lewis (Lincoln) to win the Academy Award for Best Actor,11,80.0,Dec/11/2012 16:14:30
768575,ACTOR:DAY-LEWIS,Daniel Day-Lewis (Lincoln) to win the Academy Award for Best Actor,5,74.1,Dec/15/2012 04:56:07
768575,ACTOR:DAY-LEWIS,Daniel Day-Lewis (Lincoln) to win the Academy Award for Best Actor,6,73.1,Dec/15/2012 04:56:24
768575,ACTOR:DAY-LEWIS,Daniel Day-Lewis (Lincoln) to win the Academy Award for Best Actor,7,72.1,Dec/15/2012 04:57:20
768575,ACTOR:DAY-LEWIS,Daniel Day-Lewis (Lincoln) to win the Academy Award for Best Actor,8,71.1,Dec/15/2012 04:57:31
768575,ACTOR:DAY-LEWIS,Daniel Day-Lewis (Lincoln) to win the Academy Award for Best Actor,9,70.1,Dec/15/2012 04:57:53
768575,ACTOR:DAY-LEWIS,Daniel Day-Lewis (Lincoln) to win the Academy Award for Best Actor,10,69.1,Dec/15/2012 04:58:09
768575,ACTOR:DAY-LEWIS,Daniel Day-Lewis (Lincoln) to win the Academy Award for Best Actor,11,68.1,Dec/15/2012 05:03:13
768575,ACTOR:DAY-LEWIS,Daniel Day-Lewis (Lincoln) to win the Academy Award for Best Actor,12,67.1,Dec/15/2012 05:03:26
768575,ACTOR:DAY-LEWIS,Daniel Day-Lewis (Lincoln) to win the Academy Award for Best Actor,13,66.1,Dec/15/2012 05:03:36
768575,ACTOR:DAY-LEWIS,Daniel Day-Lewis (Lincoln) to win the Academy Award for Best Actor,14,65.1,Dec/15/2012 05:03:45
768575,ACTOR:DAY-LEWIS,Daniel Day-Lewis (Lincoln) to win the Academy Award for Best Actor,15,64.1,Dec/15/2012 05:03:55
768575,ACTOR:DAY-LEWIS,Daniel Day-Lewis (Lincoln) to win the Academy Award for Best Actor,100,63.5,Dec/15/2012 05:04:13
768575,ACTOR:DAY-LEWIS,Daniel Day-Lewis (Lincoln) to win the Academy Award for Best Actor,20,60.0,Dec/15/2012 05:04:24
768575,ACTOR:DAY-LEWIS,Daniel Day-Lewis (Lincoln) to win the Academy Award for Best Actor,9,80.0,Jan/04/2013 16:42:18
768575,ACTOR:DAY-LEWIS,Daniel Day-Lewis (Lincoln) to win the Academy Award for Best Actor,41,80.0,Jan/05/2013 13:50:51
768575,ACTOR:DAY-LEWIS,Daniel Day-Lewis (Lincoln) to win the Academy Award for Best Actor,5,84.9,Jan/06/2013 15:45:43
768575,ACTOR:DAY-LEWIS,Daniel Day-Lewis (Lincoln) to win the Academy Award for Best Actor,1,84.9,Jan/06/2013 20:37:00
768575,ACTOR:DAY-LEWIS,Daniel Day-Lewis (Lincoln) to win the Academy Award for Best Actor,1,84.9,Jan/06/2013 20:37:02
768575,ACTOR:DAY-LEWIS,Daniel Day-Lewis (Lincoln) to win the Academy Award for Best Actor,1,84.9,Jan/06/2013 20:37:03
768575,ACTOR:DAY-LEWIS,Daniel Day-Lewis (Lincoln) to win the Academy Award for Best Actor,1,84.9,Jan/06/2013 20:37:04
768575,ACTOR:DAY-LEWIS,Daniel Day-Lewis (Lincoln) to win the Academy Award for Best Actor,1,84.9,Jan/06/2013 20:37:06
768575,ACTOR:DAY-LEWIS,Daniel Day-Lewis (Lincoln) to win the Academy Award for Best Actor,1,82.0,Jan/08/2013 00:31:56
768575,ACTOR:DAY-LEWIS,Daniel Day-Lewis (Lincoln) to win the Academy Award for Best Actor,10,90.0,Jan/08/2013 23:52:42
768575,ACTOR:DAY-LEWIS,Daniel Day-Lewis (Lincoln) to win the Academy Award for Best Actor,20,82.6,Jan/09/2013 21:21:46
768575,ACTOR:DAY-LEWIS,Daniel Day-Lewis (Lincoln) to win the Academy Award for Best Actor,1,90.5,Jan/11/2013 01:31:17
768575,ACTOR:DAY-LEWIS,Daniel Day-Lewis (Lincoln) to win the Academy Award for Best Actor,20,90.4,Jan/12/2013 01:47:44
768575,ACTOR:DAY-LEWIS,Daniel Day-Lewis (Lincoln) to win the Academy Award for Best Actor,4,90.5,Jan/12/2013 01:47:52
768575,ACTOR:DAY-LEWIS,Daniel Day-Lewis (Lincoln) to win the Academy Award for Best Actor,12,89.8,Jan/12/2013 21:49:08
768575,ACTOR:DAY-LEWIS,Daniel Day-Lewis (Lincoln) to win the Academy Award for Best Actor,1,89.9,Jan/14/2013 03:32:04
768575,ACTOR:DAY-LEWIS,Daniel Day-Lewis (Lincoln) to win the Academy Award for Best Actor,1,90.2,Jan/14/2013 05:18:20
768575,ACTOR:DAY-LEWIS,Daniel Day-Lewis (Lincoln) to win the Academy Award for Best Actor,1,90.2,Jan/14/2013 05:18:28
768575,ACTOR:DAY-LEWIS,Daniel Day-Lewis (Lincoln) to win the Academy Award for Best Actor,1,90.2,Jan/14/2013 05:18:39
768575,ACTOR:DAY-LEWIS,Daniel Day-Lewis (Lincoln) to win the Academy Award for Best Actor,1,90.2,Jan/14/2013 05:19:07
768575,ACTOR:DAY-LEWIS,Daniel Day-Lewis (Lincoln) to win the Academy Award for Best Actor,1,90.2,Jan/14/2013 05:19:28
768575,ACTOR:DAY-LEWIS,Daniel Day-Lewis (Lincoln) to win the Academy Award for Best Actor,1,90.2,Jan/14/2013 05:20:40
768575,ACTOR:DAY-LEWIS,Daniel Day-Lewis (Lincoln) to win the Academy Award for Best Actor,1,90.2,Jan/14/2013 05:20:45
768575,ACTOR:DAY-LEWIS,Daniel Day-Lewis (Lincoln) to win the Academy Award for Best Actor,1,90.2,Jan/14/2013 05:20:52
768575,ACTOR:DAY-LEWIS,Daniel Day-Lewis (Lincoln) to win the Academy Award for Best Actor,1,90.2,Jan/14/2013 05:21:04
768575,ACTOR:DAY-LEWIS,Daniel Day-Lewis (Lincoln) to win the Academy Award for Best Actor,1,90.2,Jan/14/2013 05:21:09
768575,ACTOR:DAY-LEWIS,Daniel Day-Lewis (Lincoln) to win the Academy Award for Best Actor,1,90.2,Jan/14/2013 05:21:15
768575,ACTOR:DAY-LEWIS,Daniel Day-Lewis (Lincoln) to win the Academy Award for Best Actor,1,90.2,Jan/14/2013 05:49:56
768575,ACTOR:DAY-LEWIS,Daniel Day-Lewis (Lincoln) to win the Academy Award for Best Actor,1,89.1,Jan/14/2013 17:31:00
768575,ACTOR:DAY-LEWIS,Daniel Day-Lewis (Lincoln) to win the Academy Award for Best Actor,1,89.2,Jan/14/2013 17:31:01
768575,ACTOR:DAY-LEWIS,Daniel Day-Lewis (Lincoln) to win the Academy Award for Best Actor,1,89.2,Jan/14/2013 17:31:02
768575,ACTOR:DAY-LEWIS,Daniel Day-Lewis (Lincoln) to win the Academy Award for Best Actor,1,89.2,Jan/14/2013 17:31:03
768575,ACTOR:DAY-LEWIS,Daniel Day-Lewis (Lincoln) to win the Academy Award for Best Actor,1,89.2,Jan/14/2013 17:31:04
768575,ACTOR:DAY-LEWIS,Daniel Day-Lewis (Lincoln) to win the Academy Award for Best Actor,1,89.2,Jan/14/2013 17:31:05
768575,ACTOR:DAY-LEWIS,Daniel Day-Lewis (Lincoln) to win the Academy Award for Best Actor,1,89.2,Jan/14/2013 17:31:07
768575,ACTOR:DAY-LEWIS,Daniel Day-Lewis (Lincoln) to win the Academy Award for Best Actor,1,89.2,Jan/14/2013 17:31:08
768575,ACTOR:DAY-LEWIS,Daniel Day-Lewis (Lincoln) to win the Academy Award for Best Actor,2,89.2,Jan/14/2013 17:31:09
768575,ACTOR:DAY-LEWIS,Daniel Day-Lewis (Lincoln) to win the Academy Award for Best Actor,2,89.2,Jan/14/2013 17:31:10
768575,ACTOR:DAY-LEWIS,Daniel Day-Lewis (Lincoln) to win the Academy Award for Best Actor,1,89.2,Jan/14/2013 17:31:11
768575,ACTOR:DAY-LEWIS,Daniel Day-Lewis (Lincoln) to win the Academy Award for Best Actor,1,89.2,Jan/14/2013 17:31:12
768575,ACTOR:DAY-LEWIS,Daniel Day-Lewis (Lincoln) to win the Academy Award for Best Actor,1,89.2,Jan/14/2013 17:31:13
768575,ACTOR:DAY-LEWIS,Daniel Day-Lewis (Lincoln) to win the Academy Award for Best Actor,1,89.2,Jan/14/2013 17:31:14
768575,ACTOR:DAY-LEWIS,Daniel Day-Lewis (Lincoln) to win the Academy Award for Best Actor,1,89.2,Jan/14/2013 17:31:15
768575,ACTOR:DAY-LEWIS,Daniel Day-Lewis (Lincoln) to win the Academy Award for Best Actor,1,89.2,Jan/14/2013 17:31:16
768575,ACTOR:DAY-LEWIS,Daniel Day-Lewis (Lincoln) to win the Academy Award for Best Actor,1,89.2,Jan/14/2013 17:31:17
768575,ACTOR:DAY-LEWIS,Daniel Day-Lewis (Lincoln) to win the Academy Award for Best Actor,1,89.2,Jan/14/2013 17:31:18
768575,ACTOR:DAY-LEWIS,Daniel Day-Lewis (Lincoln) to win the Academy Award for Best Actor,1,89.5,Jan/14/2013 17:49:18
768575,ACTOR:DAY-LEWIS,Daniel Day-Lewis (Lincoln) to win the Academy Award for Best Actor,1,89.5,Jan/14/2013 17:49:44
768575,ACTOR:DAY-LEWIS,Daniel Day-Lewis (Lincoln) to win the Academy Award for Best Actor,1,89.8,Jan/14/2013 23:46:32
768575,ACTOR:DAY-LEWIS,Daniel Day-Lewis (Lincoln) to win the Academy Award for Best Actor,1,89.2,Jan/15/2013 09:26:36
768575,ACTOR:DAY-LEWIS,Daniel Day-Lewis (Lincoln) to win the Academy Award for Best Actor,1,90.0,Jan/15/2013 16:22:37
768575,ACTOR:DAY-LEWIS,Daniel Day-Lewis (Lincoln) to win the Academy Award for Best Actor,4,90.1,Jan/15/2013 17:20:44
768575,ACTOR:DAY-LEWIS,Daniel Day-Lewis (Lincoln) to win the Academy Award for Best Actor,40,89.5,Jan/15/2013 19:48:40
768575,ACTOR:DAY-LEWIS,Daniel Day-Lewis (Lincoln) to win the Academy Award for Best Actor,33,89.9,Jan/15/2013 19:48:48
768575,ACTOR:DAY-LEWIS,Daniel Day-Lewis (Lincoln) to win the Academy Award for Best Actor,5,90.0,Jan/15/2013 19:48:56
768575,ACTOR:DAY-LEWIS,Daniel Day-Lewis (Lincoln) to win the Academy Award for Best Actor,2,90.0,Jan/15/2013 19:48:56
768575,ACTOR:DAY-LEWIS,Daniel Day-Lewis (Lincoln) to win the Academy Award for Best Actor,2,90.0,Jan/15/2013 19:49:05
768575,ACTOR:DAY-LEWIS,Daniel Day-Lewis (Lincoln) to win the Academy Award for Best Actor,2,90.0,Jan/15/2013 22:20:20
768575,ACTOR:DAY-LEWIS,Daniel Day-Lewis (Lincoln) to win the Academy Award for Best Actor,1,90.0,Jan/15/2013 22:20:30
768575,ACTOR:DAY-LEWIS,Daniel Day-Lewis (Lincoln) to win the Academy Award for Best Actor,1,90.0,Jan/15/2013 22:20:31
768575,ACTOR:DAY-LEWIS,Daniel Day-Lewis (Lincoln) to win the Academy Award for Best Actor,4,89.3,Jan/15/2013 23:35:41
768575,ACTOR:DAY-LEWIS,Daniel Day-Lewis (Lincoln) to win the Academy Award for Best Actor,2,89.3,Jan/15/2013 23:35:41
768575,ACTOR:DAY-LEWIS,Daniel Day-Lewis (Lincoln) to win the Academy Award for Best Actor,1,89.2,Jan/15/2013 23:46:32
768575,ACTOR:DAY-LEWIS,Daniel Day-Lewis (Lincoln) to win the Academy Award for Best Actor,3,89.3,Jan/15/2013 23:46:32
768575,ACTOR:DAY-LEWIS,Daniel Day-Lewis (Lincoln) to win the Academy Award for Best Actor,3,88.8,Jan/15/2013 23:48:03
768575,ACTOR:DAY-LEWIS,Daniel Day-Lewis (Lincoln) to win the Academy Award for Best Actor,1,89.2,Jan/15/2013 23:48:03
768575,ACTOR:DAY-LEWIS,Daniel Day-Lewis (Lincoln) to win the Academy Award for Best Actor,2,89.1,Jan/15/2013 23:48:03
768575,ACTOR:DAY-LEWIS,Daniel Day-Lewis (Lincoln) to win the Academy Award for Best Actor,10,90.0,Jan/16/2013 15:49:17
768575,ACTOR:DAY-LEWIS,Daniel Day-Lewis (Lincoln) to win the Academy Award for Best Actor,2,90.0,Jan/16/2013 23:48:06
768575,ACTOR:DAY-LEWIS,Daniel Day-Lewis (Lincoln) to win the Academy Award for Best Actor,16,90.3,Jan/17/2013 15:34:24
768575,ACTOR:DAY-LEWIS,Daniel Day-Lewis (Lincoln) to win the Academy Award for Best Actor,7,90.0,Jan/17/2013 23:53:31
768575,ACTOR:DAY-LEWIS,Daniel Day-Lewis (Lincoln) to win the Academy Award for Best Actor,3,90.0,Jan/18/2013 04:06:55
768575,ACTOR:DAY-LEWIS,Daniel Day-Lewis (Lincoln) to win the Academy Award for Best Actor,2,90.8,Jan/20/2013 13:10:57
768575,ACTOR:DAY-LEWIS,Daniel Day-Lewis (Lincoln) to win the Academy Award for Best Actor,8,91.0,Jan/20/2013 13:20:38
768575,ACTOR:DAY-LEWIS,Daniel Day-Lewis (Lincoln) to win the Academy Award for Best Actor,11,90.8,Jan/20/2013 23:26:41
768575,ACTOR:DAY-LEWIS,Daniel Day-Lewis (Lincoln) to win the Academy Award for Best Actor,6,89.7,Jan/21/2013 23:04:49
768575,ACTOR:DAY-LEWIS,Daniel Day-Lewis (Lincoln) to win the Academy Award for Best Actor,4,90.5,Jan/24/2013 05:13:43
768575,ACTOR:DAY-LEWIS,Daniel Day-Lewis (Lincoln) to win the Academy Award for Best Actor,1,90.5,Jan/24/2013 05:13:45
768575,ACTOR:DAY-LEWIS,Daniel Day-Lewis (Lincoln) to win the Academy Award for Best Actor,1,90.5,Jan/24/2013 05:13:46
768575,ACTOR:DAY-LEWIS,Daniel Day-Lewis (Lincoln) to win the Academy Award for Best Actor,1,90.5,Jan/24/2013 05:13:47
768575,ACTOR:DAY-LEWIS,Daniel Day-Lewis (Lincoln) to win the Academy Award for Best Actor,1,90.5,Jan/24/2013 05:13:48
768575,ACTOR:DAY-LEWIS,Daniel Day-Lewis (Lincoln) to win the Academy Award for Best Actor,1,90.5,Jan/24/2013 05:13:49
768575,ACTOR:DAY-LEWIS,Daniel Day-Lewis (Lincoln) to win the Academy Award for Best Actor,1,90.5,Jan/24/2013 05:13:51
768575,ACTOR:DAY-LEWIS,Daniel Day-Lewis (Lincoln) to win the Academy Award for Best Actor,1,90.5,Jan/24/2013 05:13:52
768575,ACTOR:DAY-LEWIS,Daniel Day-Lewis (Lincoln) to win the Academy Award for Best Actor,1,90.5,Jan/24/2013 05:13:53
768575,ACTOR:DAY-LEWIS,Daniel Day-Lewis (Lincoln) to win the Academy Award for Best Actor,1,90.5,Jan/24/2013 05:13:54
768575,ACTOR:DAY-LEWIS,Daniel Day-Lewis (Lincoln) to win the Academy Award for Best Actor,1,90.5,Jan/24/2013 05:13:55
768575,ACTOR:DAY-LEWIS,Daniel Day-Lewis (Lincoln) to win the Academy Award for Best Actor,1,90.5,Jan/24/2013 05:13:56
768575,ACTOR:DAY-LEWIS,Daniel Day-Lewis (Lincoln) to win the Academy Award for Best Actor,35,90.5,Jan/24/2013 06:00:14
768575,ACTOR:DAY-LEWIS,Daniel Day-Lewis (Lincoln) to win the Academy Award for Best Actor,32,91.0,Jan/28/2013 02:55:12
768575,ACTOR:DAY-LEWIS,Daniel Day-Lewis (Lincoln) to win the Academy Award for Best Actor,6,90.9,Jan/28/2013 02:55:12
768575,ACTOR:DAY-LEWIS,Daniel Day-Lewis (Lincoln) to win the Academy Award for Best Actor,47,92.5,Jan/28/2013 02:56:00
768575,ACTOR:DAY-LEWIS,Daniel Day-Lewis (Lincoln) to win the Academy Award for Best Actor,2,91.5,Jan/28/2013 02:56:00
768575,ACTOR:DAY-LEWIS,Daniel Day-Lewis (Lincoln) to win the Academy Award for Best Actor,2,92.3,Jan/28/2013 02:56:00
768575,ACTOR:DAY-LEWIS,Daniel Day-Lewis (Lincoln) to win the Academy Award for Best Actor,1,88.5,Jan/28/2013 04:51:12
768575,ACTOR:DAY-LEWIS,Daniel Day-Lewis (Lincoln) to win the Academy Award for Best Actor,1,91.7,Jan/28/2013 04:51:12
768575,ACTOR:DAY-LEWIS,Daniel Day-Lewis (Lincoln) to win the Academy Award for Best Actor,10,92.1,Jan/29/2013 03:33:54
768575,ACTOR:DAY-LEWIS,Daniel Day-Lewis (Lincoln) to win the Academy Award for Best Actor,2,91.2,Jan/29/2013 03:34:23
768575,ACTOR:DAY-LEWIS,Daniel Day-Lewis (Lincoln) to win the Academy Award for Best Actor,1,92.1,Feb/01/2013 17:30:26
768575,ACTOR:DAY-LEWIS,Daniel Day-Lewis (Lincoln) to win the Academy Award for Best Actor,1,92.5,Feb/02/2013 13:05:31
768575,ACTOR:DAY-LEWIS,Daniel Day-Lewis (Lincoln) to win the Academy Award for Best Actor,1,95.0,Feb/02/2013 17:41:50
768575,ACTOR:DAY-LEWIS,Daniel Day-Lewis (Lincoln) to win the Academy Award for Best Actor,1,95.0,Feb/02/2013 17:41:51
768575,ACTOR:DAY-LEWIS,Daniel Day-Lewis (Lincoln) to win the Academy Award for Best Actor,1,95.0,Feb/02/2013 17:41:52
768575,ACTOR:DAY-LEWIS,Daniel Day-Lewis (Lincoln) to win the Academy Award for Best Actor,1,95.0,Feb/02/2013 17:41:53
768575,ACTOR:DAY-LEWIS,Daniel Day-Lewis (Lincoln) to win the Academy Award for Best Actor,1,95.0,Feb/02/2013 17:41:54
768575,ACTOR:DAY-LEWIS,Daniel Day-Lewis (Lincoln) to win the Academy Award for Best Actor,2,95.0,Feb/02/2013 17:41:55
768575,ACTOR:DAY-LEWIS,Daniel Day-Lewis (Lincoln) to win the Academy Award for Best Actor,1,95.0,Feb/02/2013 17:41:56
768575,ACTOR:DAY-LEWIS,Daniel Day-Lewis (Lincoln) to win the Academy Award for Best Actor,1,95.0,Feb/02/2013 17:41:57
768575,ACTOR:DAY-LEWIS,Daniel Day-Lewis (Lincoln) to win the Academy Award for Best Actor,1,95.0,Feb/02/2013 17:41:58
768575,ACTOR:DAY-LEWIS,Daniel Day-Lewis (Lincoln) to win the Academy Award for Best Actor,1,95.0,Feb/02/2013 17:41:59
768575,ACTOR:DAY-LEWIS,Daniel Day-Lewis (Lincoln) to win the Academy Award for Best Actor,1,95.4,Feb/03/2013 03:41:05
768575,ACTOR:DAY-LEWIS,Daniel Day-Lewis (Lincoln) to win the Academy Award for Best Actor,1,95.4,Feb/03/2013 03:41:07
768575,ACTOR:DAY-LEWIS,Daniel Day-Lewis (Lincoln) to win the Academy Award for Best Actor,1,95.4,Feb/03/2013 03:41:08
768575,ACTOR:DAY-LEWIS,Daniel Day-Lewis (Lincoln) to win the Academy Award for Best Actor,1,95.4,Feb/03/2013 03:41:09
768575,ACTOR:DAY-LEWIS,Daniel Day-Lewis (Lincoln) to win the Academy Award for Best Actor,1,95.4,Feb/03/2013 03:41:10
768575,ACTOR:DAY-LEWIS,Daniel Day-Lewis (Lincoln) to win the Academy Award for Best Actor,1,95.4,Feb/03/2013 03:41:11
768575,ACTOR:DAY-LEWIS,Daniel Day-Lewis (Lincoln) to win the Academy Award for Best Actor,2,95.4,Feb/03/2013 03:41:12
768575,ACTOR:DAY-LEWIS,Daniel Day-Lewis (Lincoln) to win the Academy Award for Best Actor,2,95.4,Feb/03/2013 03:41:13
768575,ACTOR:DAY-LEWIS,Daniel Day-Lewis (Lincoln) to win the Academy Award for Best Actor,1,95.4,Feb/03/2013 03:41:14
768575,ACTOR:DAY-LEWIS,Daniel Day-Lewis (Lincoln) to win the Academy Award for Best Actor,1,95.4,Feb/03/2013 03:41:15
768575,ACTOR:DAY-LEWIS,Daniel Day-Lewis (Lincoln) to win the Academy Award for Best Actor,1,95.4,Feb/03/2013 03:41:16
768575,ACTOR:DAY-LEWIS,Daniel Day-Lewis (Lincoln) to win the Academy Award for Best Actor,1,95.4,Feb/03/2013 03:41:17
768575,ACTOR:DAY-LEWIS,Daniel Day-Lewis (Lincoln) to win the Academy Award for Best Actor,14,95.1,Feb/03/2013 14:09:01
768575,ACTOR:DAY-LEWIS,Daniel Day-Lewis (Lincoln) to win the Academy Award for Best Actor,11,95.2,Feb/03/2013 14:09:01
768575,ACTOR:DAY-LEWIS,Daniel Day-Lewis (Lincoln) to win the Academy Award for Best Actor,19,95.4,Feb/03/2013 14:09:01
768575,ACTOR:DAY-LEWIS,Daniel Day-Lewis (Lincoln) to win the Academy Award for Best Actor,4,95.1,Feb/03/2013 14:09:48
768575,ACTOR:DAY-LEWIS,Daniel Day-Lewis (Lincoln) to win the Academy Award for Best Actor,21,95.5,Feb/05/2013 09:01:38
768575,ACTOR:DAY-LEWIS,Daniel Day-Lewis (Lincoln) to win the Academy Award for Best Actor,3,95.7,Feb/05/2013 11:46:33
768575,ACTOR:DAY-LEWIS,Daniel Day-Lewis (Lincoln) to win the Academy Award for Best Actor,2,95.7,Feb/05/2013 11:46:56
768575,ACTOR:DAY-LEWIS,Daniel Day-Lewis (Lincoln) to win the Academy Award for Best Actor,16,95.6,Feb/05/2013 11:47:10
768575,ACTOR:DAY-LEWIS,Daniel Day-Lewis (Lincoln) to win the Academy Award for Best Actor,2,95.7,Feb/05/2013 11:47:10
768575,ACTOR:DAY-LEWIS,Daniel Day-Lewis (Lincoln) to win the Academy Award for Best Actor,1,95.7,Feb/05/2013 11:47:25
768575,ACTOR:DAY-LEWIS,Daniel Day-Lewis (Lincoln) to win the Academy Award for Best Actor,1,95.6,Feb/05/2013 11:47:41
768575,ACTOR:DAY-LEWIS,Daniel Day-Lewis (Lincoln) to win the Academy Award for Best Actor,1,95.7,Feb/05/2013 11:47:41
768575,ACTOR:DAY-LEWIS,Daniel Day-Lewis (Lincoln) to win the Academy Award for Best Actor,1,95.7,Feb/05/2013 11:48:10
768575,ACTOR:DAY-LEWIS,Daniel Day-Lewis (Lincoln) to win the Academy Award for Best Actor,1,95.7,Feb/05/2013 11:48:19
768575,ACTOR:DAY-LEWIS,Daniel Day-Lewis (Lincoln) to win the Academy Award for Best Actor,8,95.1,Feb/05/2013 11:48:57
768575,ACTOR:DAY-LEWIS,Daniel Day-Lewis (Lincoln) to win the Academy Award for Best Actor,1,95.6,Feb/05/2013 11:48:57
768575,ACTOR:DAY-LEWIS,Daniel Day-Lewis (Lincoln) to win the Academy Award for Best Actor,1,95.7,Feb/05/2013 11:48:57
768575,ACTOR:DAY-LEWIS,Daniel Day-Lewis (Lincoln) to win the Academy Award for Best Actor,1,95.5,Feb/05/2013 11:49:08
768575,ACTOR:DAY-LEWIS,Daniel Day-Lewis (Lincoln) to win the Academy Award for Best Actor,1,95.5,Feb/05/2013 11:49:20
768575,ACTOR:DAY-LEWIS,Daniel Day-Lewis (Lincoln) to win the Academy Award for Best Actor,1,95.5,Feb/05/2013 11:49:39
768575,ACTOR:DAY-LEWIS,Daniel Day-Lewis (Lincoln) to win the Academy Award for Best Actor,10,95.5,Feb/05/2013 11:50:11
768575,ACTOR:DAY-LEWIS,Daniel Day-Lewis (Lincoln) to win the Academy Award for Best Actor,1,95.3,Feb/05/2013 11:50:35
768575,ACTOR:DAY-LEWIS,Daniel Day-Lewis (Lincoln) to win the Academy Award for Best Actor,2,96.0,Feb/05/2013 19:32:19
768575,ACTOR:DAY-LEWIS,Daniel Day-Lewis (Lincoln) to win the Academy Award for Best Actor,17,96.0,Feb/05/2013 21:02:09
768575,ACTOR:DAY-LEWIS,Daniel Day-Lewis (Lincoln) to win the Academy Award for Best Actor,3,95.8,Feb/05/2013 21:02:10
768575,ACTOR:DAY-LEWIS,Daniel Day-Lewis (Lincoln) to win the Academy Award for Best Actor,1,95.8,Feb/05/2013 21:02:10
768575,ACTOR:DAY-LEWIS,Daniel Day-Lewis (Lincoln) to win the Academy Award for Best Actor,16,95.5,Feb/05/2013 21:02:10
768575,ACTOR:DAY-LEWIS,Daniel Day-Lewis (Lincoln) to win the Academy Award for Best Actor,1,95.7,Feb/05/2013 21:02:11
768575,ACTOR:DAY-LEWIS,Daniel Day-Lewis (Lincoln) to win the Academy Award for Best Actor,1,95.7,Feb/05/2013 21:02:13
768575,ACTOR:DAY-LEWIS,Daniel Day-Lewis (Lincoln) to win the Academy Award for Best Actor,1,95.7,Feb/05/2013 21:02:14
768575,ACTOR:DAY-LEWIS,Daniel Day-Lewis (Lincoln) to win the Academy Award for Best Actor,1,95.7,Feb/05/2013 21:02:15
768575,ACTOR:DAY-LEWIS,Daniel Day-Lewis (Lincoln) to win the Academy Award for Best Actor,1,95.8,Feb/05/2013 21:22:07
768575,ACTOR:DAY-LEWIS,Daniel Day-Lewis (Lincoln) to win the Academy Award for Best Actor,1,95.8,Feb/05/2013 21:23:08
768575,ACTOR:DAY-LEWIS,Daniel Day-Lewis (Lincoln) to win the Academy Award for Best Actor,1,95.8,Feb/05/2013 21:24:09
768575,ACTOR:DAY-LEWIS,Daniel Day-Lewis (Lincoln) to win the Academy Award for Best Actor,1,95.8,Feb/05/2013 21:25:10
768575,ACTOR:DAY-LEWIS,Daniel Day-Lewis (Lincoln) to win the Academy Award for Best Actor,1,95.8,Feb/05/2013 21:26:11
768575,ACTOR:DAY-LEWIS,Daniel Day-Lewis (Lincoln) to win the Academy Award for Best Actor,1,95.6,Feb/05/2013 21:26:14
768575,ACTOR:DAY-LEWIS,Daniel Day-Lewis (Lincoln) to win the Academy Award for Best Actor,1,95.6,Feb/05/2013 21:27:14
768575,ACTOR:DAY-LEWIS,Daniel Day-Lewis (Lincoln) to win the Academy Award for Best Actor,1,95.6,Feb/05/2013 21:28:15
768575,ACTOR:DAY-LEWIS,Daniel Day-Lewis (Lincoln) to win the Academy Award for Best Actor,1,95.5,Feb/05/2013 21:29:16
768575,ACTOR:DAY-LEWIS,Daniel Day-Lewis (Lincoln) to win the Academy Award for Best Actor,1,95.5,Feb/05/2013 21:30:17
768575,ACTOR:DAY-LEWIS,Daniel Day-Lewis (Lincoln) to win the Academy Award for Best Actor,3,95.4,Feb/05/2013 21:31:18
768575,ACTOR:DAY-LEWIS,Daniel Day-Lewis (Lincoln) to win the Academy Award for Best Actor,2,95.4,Feb/05/2013 21:32:19
768575,ACTOR:DAY-LEWIS,Daniel Day-Lewis (Lincoln) to win the Academy Award for Best Actor,2,95.4,Feb/05/2013 21:33:20
768575,ACTOR:DAY-LEWIS,Daniel Day-Lewis (Lincoln) to win the Academy Award for Best Actor,1,95.4,Feb/05/2013 21:34:21
768575,ACTOR:DAY-LEWIS,Daniel Day-Lewis (Lincoln) to win the Academy Award for Best Actor,1,95.4,Feb/05/2013 21:35:22
768575,ACTOR:DAY-LEWIS,Daniel Day-Lewis (Lincoln) to win the Academy Award for Best Actor,1,95.4,Feb/05/2013 21:36:23
768575,ACTOR:DAY-LEWIS,Daniel Day-Lewis (Lincoln) to win the Academy Award for Best Actor,1,95.3,Feb/05/2013 21:36:27
768575,ACTOR:DAY-LEWIS,Daniel Day-Lewis (Lincoln) to win the Academy Award for Best Actor,1,95.3,Feb/05/2013 21:37:28
768575,ACTOR:DAY-LEWIS,Daniel Day-Lewis (Lincoln) to win the Academy Award for Best Actor,2,95.3,Feb/06/2013 03:14:12
768575,ACTOR:DAY-LEWIS,Daniel Day-Lewis (Lincoln) to win the Academy Award for Best Actor,4,95.2,Feb/07/2013 08:23:52
768575,ACTOR:DAY-LEWIS,Daniel Day-Lewis (Lincoln) to win the Academy Award for Best Actor,1,96.0,Feb/08/2013 15:20:55
768575,ACTOR:DAY-LEWIS,Daniel Day-Lewis (Lincoln) to win the Academy Award for Best Actor,19,96.1,Feb/09/2013 04:26:41
768575,ACTOR:DAY-LEWIS,Daniel Day-Lewis (Lincoln) to win the Academy Award for Best Actor,37,96.1,Feb/09/2013 15:00:53
768575,ACTOR:DAY-LEWIS,Daniel Day-Lewis (Lincoln) to win the Academy Award for Best Actor,35,96.0,Feb/09/2013 15:00:53
768575,ACTOR:DAY-LEWIS,Daniel Day-Lewis (Lincoln) to win the Academy Award for Best Actor,15,96.0,Feb/09/2013 15:00:53
768575,ACTOR:DAY-LEWIS,Daniel Day-Lewis (Lincoln) to win the Academy Award for Best Actor,10,96.5,Feb/10/2013 01:30:37
768575,ACTOR:DAY-LEWIS,Daniel Day-Lewis (Lincoln) to win the Academy Award for Best Actor,2,96.5,Feb/10/2013 02:34:48
768575,ACTOR:DAY-LEWIS,Daniel Day-Lewis (Lincoln) to win the Academy Award for Best Actor,50,96.0,Feb/10/2013 13:03:15
768575,ACTOR:DAY-LEWIS,Daniel Day-Lewis (Lincoln) to win the Academy Award for Best Actor,6,96.5,Feb/10/2013 13:03:15
768575,ACTOR:DAY-LEWIS,Daniel Day-Lewis (Lincoln) to win the Academy Award for Best Actor,15,96.3,Feb/10/2013 13:03:15
768575,ACTOR:DAY-LEWIS,Daniel Day-Lewis (Lincoln) to win the Academy Award for Best Actor,1,96.0,Feb/10/2013 13:03:24
768575,ACTOR:DAY-LEWIS,Daniel Day-Lewis (Lincoln) to win the Academy Award for Best Actor,17,96.7,Feb/10/2013 16:22:32
768575,ACTOR:DAY-LEWIS,Daniel Day-Lewis (Lincoln) to win the Academy Award for Best Actor,11,96.3,Feb/11/2013 12:01:11
768575,ACTOR:DAY-LEWIS,Daniel Day-Lewis (Lincoln) to win the Academy Award for Best Actor,45,96.2,Feb/11/2013 12:03:09
768575,ACTOR:DAY-LEWIS,Daniel Day-Lewis (Lincoln) to win the Academy Award for Best Actor,19,95.9,Feb/11/2013 16:06:17
768575,ACTOR:DAY-LEWIS,Daniel Day-Lewis (Lincoln) to win the Academy Award for Best Actor,14,95.5,Feb/12/2013 13:27:57
768575,ACTOR:DAY-LEWIS,Daniel Day-Lewis (Lincoln) to win the Academy Award for Best Actor,5,95.9,Feb/12/2013 15:58:54
768575,ACTOR:DAY-LEWIS,Daniel Day-Lewis (Lincoln) to win the Academy Award for Best Actor,1,95.1,Feb/13/2013 23:34:56
768575,ACTOR:DAY-LEWIS,Daniel Day-Lewis (Lincoln) to win the Academy Award for Best Actor,1,95.1,Feb/19/2013 03:30:03
768575,ACTOR:DAY-LEWIS,Daniel Day-Lewis (Lincoln) to win the Academy Award for Best Actor,5,93.9,Feb/20/2013 10:12:22
768575,ACTOR:DAY-LEWIS,Daniel Day-Lewis (Lincoln) to win the Academy Award for Best Actor,4,95.9,Feb/22/2013 11:39:46
768575,ACTOR:DAY-LEWIS,Daniel Day-Lewis (Lincoln) to win the Academy Award for Best Actor,8,95.5,Feb/23/2013 07:10:25
768575,ACTOR:DAY-LEWIS,Daniel Day-Lewis (Lincoln) to win the Academy Award for Best Actor,8,95.9,Feb/23/2013 07:10:49
768575,ACTOR:DAY-LEWIS,Daniel Day-Lewis (Lincoln) to win the Academy Award for Best Actor,1,95.9,Feb/23/2013 20:26:38
768575,ACTOR:DAY-LEWIS,Daniel Day-Lewis (Lincoln) to win the Academy Award for Best Actor,10,95.9,Feb/24/2013 14:28:05
768575,ACTOR:DAY-LEWIS,Daniel Day-Lewis (Lincoln) to win the Academy Award for Best Actor,9,98.0,Feb/24/2013 19:13:03
768575,ACTOR:DAY-LEWIS,Daniel Day-Lewis (Lincoln) to win the Academy Award for Best Actor,1,96.0,Feb/25/2013 00:30:51
768575,ACTOR:DAY-LEWIS,Daniel Day-Lewis (Lincoln) to win the Academy Award for Best Actor,81,95.9,Feb/25/2013 00:31:00
768575,ACTOR:DAY-LEWIS,Daniel Day-Lewis (Lincoln) to win the Academy Award for Best Actor,66,95.5,Feb/25/2013 00:31:09
768575,ACTOR:DAY-LEWIS,Daniel Day-Lewis (Lincoln) to win the Academy Award for Best Actor,3,96.0,Feb/25/2013 04:30:14
768575,ACTOR:DAY-LEWIS,Daniel Day-Lewis (Lincoln) to win the Academy Award for Best Actor,26,95.5,Feb/25/2013 04:47:29
