market id,market symbol,market name,trade quantity,trade price,date/time [utc]
652541,NOV08.GAS.OVER$2.00,Average national price for regular unleaded gas to be $2.00 per gallon or more on 30 Nov 08,10,85.5,Nov/05/2008 12:16:08
652541,NOV08.GAS.OVER$2.00,Average national price for regular unleaded gas to be $2.00 per gallon or more on 30 Nov 08,5,70.0,Nov/06/2008 21:55:59
652541,NOV08.GAS.OVER$2.00,Average national price for regular unleaded gas to be $2.00 per gallon or more on 30 Nov 08,1,71.0,Nov/06/2008 21:55:59
652541,NOV08.GAS.OVER$2.00,Average national price for regular unleaded gas to be $2.00 per gallon or more on 30 Nov 08,2,75.0,Nov/07/2008 10:56:43
652541,NOV08.GAS.OVER$2.00,Average national price for regular unleaded gas to be $2.00 per gallon or more on 30 Nov 08,2,74.0,Nov/07/2008 10:56:43
652541,NOV08.GAS.OVER$2.00,Average national price for regular unleaded gas to be $2.00 per gallon or more on 30 Nov 08,2,73.0,Nov/07/2008 10:56:43
652541,NOV08.GAS.OVER$2.00,Average national price for regular unleaded gas to be $2.00 per gallon or more on 30 Nov 08,4,72.0,Nov/07/2008 10:56:43
652541,NOV08.GAS.OVER$2.00,Average national price for regular unleaded gas to be $2.00 per gallon or more on 30 Nov 08,4,70.0,Nov/07/2008 10:56:43
652541,NOV08.GAS.OVER$2.00,Average national price for regular unleaded gas to be $2.00 per gallon or more on 30 Nov 08,1,66.0,Nov/07/2008 14:42:47
652541,NOV08.GAS.OVER$2.00,Average national price for regular unleaded gas to be $2.00 per gallon or more on 30 Nov 08,10,65.0,Nov/07/2008 14:42:56
652541,NOV08.GAS.OVER$2.00,Average national price for regular unleaded gas to be $2.00 per gallon or more on 30 Nov 08,1,60.0,Nov/07/2008 14:44:38
652541,NOV08.GAS.OVER$2.00,Average national price for regular unleaded gas to be $2.00 per gallon or more on 30 Nov 08,9,60.0,Nov/07/2008 16:45:28
652541,NOV08.GAS.OVER$2.00,Average national price for regular unleaded gas to be $2.00 per gallon or more on 30 Nov 08,5,62.0,Nov/07/2008 16:45:28
652541,NOV08.GAS.OVER$2.00,Average national price for regular unleaded gas to be $2.00 per gallon or more on 30 Nov 08,10,50.0,Nov/07/2008 18:43:25
652541,NOV08.GAS.OVER$2.00,Average national price for regular unleaded gas to be $2.00 per gallon or more on 30 Nov 08,1,51.0,Nov/07/2008 18:43:25
652541,NOV08.GAS.OVER$2.00,Average national price for regular unleaded gas to be $2.00 per gallon or more on 30 Nov 08,1,51.0,Nov/07/2008 18:43:25
652541,NOV08.GAS.OVER$2.00,Average national price for regular unleaded gas to be $2.00 per gallon or more on 30 Nov 08,1,59.5,Nov/07/2008 20:18:24
652541,NOV08.GAS.OVER$2.00,Average national price for regular unleaded gas to be $2.00 per gallon or more on 30 Nov 08,1,50.0,Nov/07/2008 20:43:13
652541,NOV08.GAS.OVER$2.00,Average national price for regular unleaded gas to be $2.00 per gallon or more on 30 Nov 08,10,59.5,Nov/07/2008 21:36:51
652541,NOV08.GAS.OVER$2.00,Average national price for regular unleaded gas to be $2.00 per gallon or more on 30 Nov 08,10,49.0,Nov/08/2008 03:18:57
652541,NOV08.GAS.OVER$2.00,Average national price for regular unleaded gas to be $2.00 per gallon or more on 30 Nov 08,1,50.0,Nov/08/2008 03:18:57
652541,NOV08.GAS.OVER$2.00,Average national price for regular unleaded gas to be $2.00 per gallon or more on 30 Nov 08,5,47.1,Nov/08/2008 14:24:11
652541,NOV08.GAS.OVER$2.00,Average national price for regular unleaded gas to be $2.00 per gallon or more on 30 Nov 08,1,55.0,Nov/08/2008 20:14:50
652541,NOV08.GAS.OVER$2.00,Average national price for regular unleaded gas to be $2.00 per gallon or more on 30 Nov 08,18,50.0,Nov/09/2008 00:34:16
652541,NOV08.GAS.OVER$2.00,Average national price for regular unleaded gas to be $2.00 per gallon or more on 30 Nov 08,1,49.0,Nov/09/2008 05:39:48
652541,NOV08.GAS.OVER$2.00,Average national price for regular unleaded gas to be $2.00 per gallon or more on 30 Nov 08,1,46.2,Nov/09/2008 07:02:33
652541,NOV08.GAS.OVER$2.00,Average national price for regular unleaded gas to be $2.00 per gallon or more on 30 Nov 08,5,46.1,Nov/09/2008 07:02:33
652541,NOV08.GAS.OVER$2.00,Average national price for regular unleaded gas to be $2.00 per gallon or more on 30 Nov 08,3,41.0,Nov/09/2008 07:03:50
652541,NOV08.GAS.OVER$2.00,Average national price for regular unleaded gas to be $2.00 per gallon or more on 30 Nov 08,2,42.0,Nov/09/2008 07:03:50
652541,NOV08.GAS.OVER$2.00,Average national price for regular unleaded gas to be $2.00 per gallon or more on 30 Nov 08,3,46.0,Nov/09/2008 14:18:04
652541,NOV08.GAS.OVER$2.00,Average national price for regular unleaded gas to be $2.00 per gallon or more on 30 Nov 08,5,49.0,Nov/09/2008 14:43:13
652541,NOV08.GAS.OVER$2.00,Average national price for regular unleaded gas to be $2.00 per gallon or more on 30 Nov 08,5,48.5,Nov/09/2008 15:55:01
652541,NOV08.GAS.OVER$2.00,Average national price for regular unleaded gas to be $2.00 per gallon or more on 30 Nov 08,4,48.0,Nov/09/2008 16:06:20
652541,NOV08.GAS.OVER$2.00,Average national price for regular unleaded gas to be $2.00 per gallon or more on 30 Nov 08,20,37.6,Nov/09/2008 16:52:26
652541,NOV08.GAS.OVER$2.00,Average national price for regular unleaded gas to be $2.00 per gallon or more on 30 Nov 08,10,37.5,Nov/09/2008 16:52:31
652541,NOV08.GAS.OVER$2.00,Average national price for regular unleaded gas to be $2.00 per gallon or more on 30 Nov 08,5,36.2,Nov/09/2008 16:52:36
652541,NOV08.GAS.OVER$2.00,Average national price for regular unleaded gas to be $2.00 per gallon or more on 30 Nov 08,5,36.2,Nov/09/2008 16:52:36
652541,NOV08.GAS.OVER$2.00,Average national price for regular unleaded gas to be $2.00 per gallon or more on 30 Nov 08,10,36.1,Nov/09/2008 16:52:41
652541,NOV08.GAS.OVER$2.00,Average national price for regular unleaded gas to be $2.00 per gallon or more on 30 Nov 08,3,39.0,Nov/09/2008 17:40:52
652541,NOV08.GAS.OVER$2.00,Average national price for regular unleaded gas to be $2.00 per gallon or more on 30 Nov 08,7,39.0,Nov/09/2008 18:03:46
652541,NOV08.GAS.OVER$2.00,Average national price for regular unleaded gas to be $2.00 per gallon or more on 30 Nov 08,2,33.0,Nov/09/2008 18:11:18
652541,NOV08.GAS.OVER$2.00,Average national price for regular unleaded gas to be $2.00 per gallon or more on 30 Nov 08,2,36.1,Nov/09/2008 18:11:18
652541,NOV08.GAS.OVER$2.00,Average national price for regular unleaded gas to be $2.00 per gallon or more on 30 Nov 08,6,36.0,Nov/09/2008 18:11:18
652541,NOV08.GAS.OVER$2.00,Average national price for regular unleaded gas to be $2.00 per gallon or more on 30 Nov 08,2,38.0,Nov/09/2008 19:34:54
652541,NOV08.GAS.OVER$2.00,Average national price for regular unleaded gas to be $2.00 per gallon or more on 30 Nov 08,10,38.0,Nov/09/2008 20:36:05
652541,NOV08.GAS.OVER$2.00,Average national price for regular unleaded gas to be $2.00 per gallon or more on 30 Nov 08,8,38.0,Nov/09/2008 20:42:06
652541,NOV08.GAS.OVER$2.00,Average national price for regular unleaded gas to be $2.00 per gallon or more on 30 Nov 08,7,39.0,Nov/09/2008 20:42:17
652541,NOV08.GAS.OVER$2.00,Average national price for regular unleaded gas to be $2.00 per gallon or more on 30 Nov 08,1,39.8,Nov/09/2008 22:42:37
652541,NOV08.GAS.OVER$2.00,Average national price for regular unleaded gas to be $2.00 per gallon or more on 30 Nov 08,2,36.1,Nov/09/2008 23:52:32
652541,NOV08.GAS.OVER$2.00,Average national price for regular unleaded gas to be $2.00 per gallon or more on 30 Nov 08,2,36.1,Nov/09/2008 23:52:32
652541,NOV08.GAS.OVER$2.00,Average national price for regular unleaded gas to be $2.00 per gallon or more on 30 Nov 08,5,36.0,Nov/09/2008 23:52:37
652541,NOV08.GAS.OVER$2.00,Average national price for regular unleaded gas to be $2.00 per gallon or more on 30 Nov 08,5,36.0,Nov/09/2008 23:52:37
652541,NOV08.GAS.OVER$2.00,Average national price for regular unleaded gas to be $2.00 per gallon or more on 30 Nov 08,5,35.5,Nov/09/2008 23:52:41
652541,NOV08.GAS.OVER$2.00,Average national price for regular unleaded gas to be $2.00 per gallon or more on 30 Nov 08,25,35.0,Nov/10/2008 00:17:53
652541,NOV08.GAS.OVER$2.00,Average national price for regular unleaded gas to be $2.00 per gallon or more on 30 Nov 08,15,38.0,Nov/10/2008 01:25:34
652541,NOV08.GAS.OVER$2.00,Average national price for regular unleaded gas to be $2.00 per gallon or more on 30 Nov 08,30,37.9,Nov/10/2008 02:21:39
652541,NOV08.GAS.OVER$2.00,Average national price for regular unleaded gas to be $2.00 per gallon or more on 30 Nov 08,5,38.0,Nov/10/2008 03:14:19
652541,NOV08.GAS.OVER$2.00,Average national price for regular unleaded gas to be $2.00 per gallon or more on 30 Nov 08,2,38.1,Nov/10/2008 04:56:47
652541,NOV08.GAS.OVER$2.00,Average national price for regular unleaded gas to be $2.00 per gallon or more on 30 Nov 08,18,38.1,Nov/10/2008 05:22:45
652541,NOV08.GAS.OVER$2.00,Average national price for regular unleaded gas to be $2.00 per gallon or more on 30 Nov 08,25,40.0,Nov/10/2008 05:22:45
652541,NOV08.GAS.OVER$2.00,Average national price for regular unleaded gas to be $2.00 per gallon or more on 30 Nov 08,39,39.8,Nov/10/2008 05:22:45
652541,NOV08.GAS.OVER$2.00,Average national price for regular unleaded gas to be $2.00 per gallon or more on 30 Nov 08,1,43.9,Nov/10/2008 06:34:32
652541,NOV08.GAS.OVER$2.00,Average national price for regular unleaded gas to be $2.00 per gallon or more on 30 Nov 08,2,44.9,Nov/10/2008 06:34:32
652541,NOV08.GAS.OVER$2.00,Average national price for regular unleaded gas to be $2.00 per gallon or more on 30 Nov 08,10,43.9,Nov/10/2008 06:34:32
652541,NOV08.GAS.OVER$2.00,Average national price for regular unleaded gas to be $2.00 per gallon or more on 30 Nov 08,1,46.9,Nov/10/2008 12:43:58
652541,NOV08.GAS.OVER$2.00,Average national price for regular unleaded gas to be $2.00 per gallon or more on 30 Nov 08,2,47.9,Nov/10/2008 12:44:10
652541,NOV08.GAS.OVER$2.00,Average national price for regular unleaded gas to be $2.00 per gallon or more on 30 Nov 08,3,49.9,Nov/10/2008 14:14:47
652541,NOV08.GAS.OVER$2.00,Average national price for regular unleaded gas to be $2.00 per gallon or more on 30 Nov 08,10,50.0,Nov/10/2008 14:14:47
652541,NOV08.GAS.OVER$2.00,Average national price for regular unleaded gas to be $2.00 per gallon or more on 30 Nov 08,3,48.9,Nov/10/2008 14:14:47
652541,NOV08.GAS.OVER$2.00,Average national price for regular unleaded gas to be $2.00 per gallon or more on 30 Nov 08,10,49.9,Nov/10/2008 14:14:47
652541,NOV08.GAS.OVER$2.00,Average national price for regular unleaded gas to be $2.00 per gallon or more on 30 Nov 08,1,54.0,Nov/10/2008 16:30:07
652541,NOV08.GAS.OVER$2.00,Average national price for regular unleaded gas to be $2.00 per gallon or more on 30 Nov 08,4,57.9,Nov/10/2008 17:26:48
652541,NOV08.GAS.OVER$2.00,Average national price for regular unleaded gas to be $2.00 per gallon or more on 30 Nov 08,5,58.9,Nov/10/2008 17:26:48
652541,NOV08.GAS.OVER$2.00,Average national price for regular unleaded gas to be $2.00 per gallon or more on 30 Nov 08,10,59.0,Nov/10/2008 17:26:48
652541,NOV08.GAS.OVER$2.00,Average national price for regular unleaded gas to be $2.00 per gallon or more on 30 Nov 08,1,54.0,Nov/10/2008 17:47:29
652541,NOV08.GAS.OVER$2.00,Average national price for regular unleaded gas to be $2.00 per gallon or more on 30 Nov 08,1,47.1,Nov/10/2008 17:47:38
652541,NOV08.GAS.OVER$2.00,Average national price for regular unleaded gas to be $2.00 per gallon or more on 30 Nov 08,5,47.0,Nov/10/2008 17:47:38
652541,NOV08.GAS.OVER$2.00,Average national price for regular unleaded gas to be $2.00 per gallon or more on 30 Nov 08,5,44.0,Nov/10/2008 17:49:42
652541,NOV08.GAS.OVER$2.00,Average national price for regular unleaded gas to be $2.00 per gallon or more on 30 Nov 08,5,44.0,Nov/10/2008 19:13:58
652541,NOV08.GAS.OVER$2.00,Average national price for regular unleaded gas to be $2.00 per gallon or more on 30 Nov 08,2,43.1,Nov/10/2008 19:14:05
652541,NOV08.GAS.OVER$2.00,Average national price for regular unleaded gas to be $2.00 per gallon or more on 30 Nov 08,1,50.0,Nov/10/2008 19:31:20
652541,NOV08.GAS.OVER$2.00,Average national price for regular unleaded gas to be $2.00 per gallon or more on 30 Nov 08,2,44.0,Nov/10/2008 21:34:18
652541,NOV08.GAS.OVER$2.00,Average national price for regular unleaded gas to be $2.00 per gallon or more on 30 Nov 08,1,50.0,Nov/10/2008 21:34:18
652541,NOV08.GAS.OVER$2.00,Average national price for regular unleaded gas to be $2.00 per gallon or more on 30 Nov 08,5,65.0,Nov/11/2008 04:29:56
652541,NOV08.GAS.OVER$2.00,Average national price for regular unleaded gas to be $2.00 per gallon or more on 30 Nov 08,1,60.1,Nov/11/2008 09:34:22
652541,NOV08.GAS.OVER$2.00,Average national price for regular unleaded gas to be $2.00 per gallon or more on 30 Nov 08,10,60.0,Nov/11/2008 09:34:22
652541,NOV08.GAS.OVER$2.00,Average national price for regular unleaded gas to be $2.00 per gallon or more on 30 Nov 08,10,68.3,Nov/11/2008 12:53:59
652541,NOV08.GAS.OVER$2.00,Average national price for regular unleaded gas to be $2.00 per gallon or more on 30 Nov 08,5,55.1,Nov/11/2008 15:16:44
652541,NOV08.GAS.OVER$2.00,Average national price for regular unleaded gas to be $2.00 per gallon or more on 30 Nov 08,20,55.0,Nov/11/2008 15:16:52
652541,NOV08.GAS.OVER$2.00,Average national price for regular unleaded gas to be $2.00 per gallon or more on 30 Nov 08,2,50.5,Nov/11/2008 15:54:59
652541,NOV08.GAS.OVER$2.00,Average national price for regular unleaded gas to be $2.00 per gallon or more on 30 Nov 08,43,55.0,Nov/11/2008 15:59:01
652541,NOV08.GAS.OVER$2.00,Average national price for regular unleaded gas to be $2.00 per gallon or more on 30 Nov 08,7,55.0,Nov/11/2008 17:17:49
652541,NOV08.GAS.OVER$2.00,Average national price for regular unleaded gas to be $2.00 per gallon or more on 30 Nov 08,4,59.5,Nov/11/2008 17:26:10
652541,NOV08.GAS.OVER$2.00,Average national price for regular unleaded gas to be $2.00 per gallon or more on 30 Nov 08,5,58.0,Nov/11/2008 18:02:07
652541,NOV08.GAS.OVER$2.00,Average national price for regular unleaded gas to be $2.00 per gallon or more on 30 Nov 08,15,58.0,Nov/11/2008 18:50:42
652541,NOV08.GAS.OVER$2.00,Average national price for regular unleaded gas to be $2.00 per gallon or more on 30 Nov 08,2,55.0,Nov/11/2008 22:35:34
652541,NOV08.GAS.OVER$2.00,Average national price for regular unleaded gas to be $2.00 per gallon or more on 30 Nov 08,1,54.0,Nov/12/2008 00:33:42
652541,NOV08.GAS.OVER$2.00,Average national price for regular unleaded gas to be $2.00 per gallon or more on 30 Nov 08,6,53.0,Nov/12/2008 00:35:55
652541,NOV08.GAS.OVER$2.00,Average national price for regular unleaded gas to be $2.00 per gallon or more on 30 Nov 08,1,53.0,Nov/12/2008 01:55:30
652541,NOV08.GAS.OVER$2.00,Average national price for regular unleaded gas to be $2.00 per gallon or more on 30 Nov 08,2,54.0,Nov/12/2008 03:59:42
652541,NOV08.GAS.OVER$2.00,Average national price for regular unleaded gas to be $2.00 per gallon or more on 30 Nov 08,10,55.9,Nov/12/2008 03:59:42
652541,NOV08.GAS.OVER$2.00,Average national price for regular unleaded gas to be $2.00 per gallon or more on 30 Nov 08,2,55.9,Nov/12/2008 04:04:08
652541,NOV08.GAS.OVER$2.00,Average national price for regular unleaded gas to be $2.00 per gallon or more on 30 Nov 08,1,54.0,Nov/12/2008 05:28:11
652541,NOV08.GAS.OVER$2.00,Average national price for regular unleaded gas to be $2.00 per gallon or more on 30 Nov 08,40,51.0,Nov/12/2008 05:55:17
652541,NOV08.GAS.OVER$2.00,Average national price for regular unleaded gas to be $2.00 per gallon or more on 30 Nov 08,1,53.0,Nov/12/2008 06:23:10
652541,NOV08.GAS.OVER$2.00,Average national price for regular unleaded gas to be $2.00 per gallon or more on 30 Nov 08,3,50.5,Nov/12/2008 08:00:23
652541,NOV08.GAS.OVER$2.00,Average national price for regular unleaded gas to be $2.00 per gallon or more on 30 Nov 08,6,50.2,Nov/12/2008 08:00:23
652541,NOV08.GAS.OVER$2.00,Average national price for regular unleaded gas to be $2.00 per gallon or more on 30 Nov 08,1,48.0,Nov/12/2008 09:37:36
652541,NOV08.GAS.OVER$2.00,Average national price for regular unleaded gas to be $2.00 per gallon or more on 30 Nov 08,1,48.0,Nov/12/2008 09:38:03
652541,NOV08.GAS.OVER$2.00,Average national price for regular unleaded gas to be $2.00 per gallon or more on 30 Nov 08,5,48.0,Nov/12/2008 14:35:55
652541,NOV08.GAS.OVER$2.00,Average national price for regular unleaded gas to be $2.00 per gallon or more on 30 Nov 08,3,48.0,Nov/12/2008 17:31:08
652541,NOV08.GAS.OVER$2.00,Average national price for regular unleaded gas to be $2.00 per gallon or more on 30 Nov 08,10,50.0,Nov/12/2008 19:24:11
652541,NOV08.GAS.OVER$2.00,Average national price for regular unleaded gas to be $2.00 per gallon or more on 30 Nov 08,5,44.0,Nov/12/2008 23:50:49
652541,NOV08.GAS.OVER$2.00,Average national price for regular unleaded gas to be $2.00 per gallon or more on 30 Nov 08,2,42.0,Nov/13/2008 00:47:51
652541,NOV08.GAS.OVER$2.00,Average national price for regular unleaded gas to be $2.00 per gallon or more on 30 Nov 08,2,43.0,Nov/13/2008 00:47:51
652541,NOV08.GAS.OVER$2.00,Average national price for regular unleaded gas to be $2.00 per gallon or more on 30 Nov 08,1,44.0,Nov/13/2008 00:47:51
652541,NOV08.GAS.OVER$2.00,Average national price for regular unleaded gas to be $2.00 per gallon or more on 30 Nov 08,30,43.5,Nov/13/2008 00:47:51
652541,NOV08.GAS.OVER$2.00,Average national price for regular unleaded gas to be $2.00 per gallon or more on 30 Nov 08,3,40.0,Nov/13/2008 00:51:37
652541,NOV08.GAS.OVER$2.00,Average national price for regular unleaded gas to be $2.00 per gallon or more on 30 Nov 08,2,39.0,Nov/13/2008 01:32:32
652541,NOV08.GAS.OVER$2.00,Average national price for regular unleaded gas to be $2.00 per gallon or more on 30 Nov 08,2,40.0,Nov/13/2008 03:44:36
652541,NOV08.GAS.OVER$2.00,Average national price for regular unleaded gas to be $2.00 per gallon or more on 30 Nov 08,2,41.0,Nov/13/2008 03:44:36
652541,NOV08.GAS.OVER$2.00,Average national price for regular unleaded gas to be $2.00 per gallon or more on 30 Nov 08,1,39.0,Nov/13/2008 04:24:10
652541,NOV08.GAS.OVER$2.00,Average national price for regular unleaded gas to be $2.00 per gallon or more on 30 Nov 08,2,37.0,Nov/13/2008 04:24:20
652541,NOV08.GAS.OVER$2.00,Average national price for regular unleaded gas to be $2.00 per gallon or more on 30 Nov 08,10,35.0,Nov/13/2008 04:24:30
652541,NOV08.GAS.OVER$2.00,Average national price for regular unleaded gas to be $2.00 per gallon or more on 30 Nov 08,8,34.2,Nov/13/2008 04:24:40
652541,NOV08.GAS.OVER$2.00,Average national price for regular unleaded gas to be $2.00 per gallon or more on 30 Nov 08,14,34.0,Nov/13/2008 04:24:54
652541,NOV08.GAS.OVER$2.00,Average national price for regular unleaded gas to be $2.00 per gallon or more on 30 Nov 08,2,36.0,Nov/13/2008 09:26:52
652541,NOV08.GAS.OVER$2.00,Average national price for regular unleaded gas to be $2.00 per gallon or more on 30 Nov 08,9,36.0,Nov/13/2008 09:34:28
652541,NOV08.GAS.OVER$2.00,Average national price for regular unleaded gas to be $2.00 per gallon or more on 30 Nov 08,10,35.0,Nov/13/2008 09:34:28
652541,NOV08.GAS.OVER$2.00,Average national price for regular unleaded gas to be $2.00 per gallon or more on 30 Nov 08,1,33.4,Nov/13/2008 09:34:28
652541,NOV08.GAS.OVER$2.00,Average national price for regular unleaded gas to be $2.00 per gallon or more on 30 Nov 08,5,33.0,Nov/13/2008 09:34:28
652541,NOV08.GAS.OVER$2.00,Average national price for regular unleaded gas to be $2.00 per gallon or more on 30 Nov 08,10,32.5,Nov/13/2008 09:43:21
652541,NOV08.GAS.OVER$2.00,Average national price for regular unleaded gas to be $2.00 per gallon or more on 30 Nov 08,31,32.1,Nov/13/2008 09:43:21
652541,NOV08.GAS.OVER$2.00,Average national price for regular unleaded gas to be $2.00 per gallon or more on 30 Nov 08,1,30.0,Nov/13/2008 09:43:21
652541,NOV08.GAS.OVER$2.00,Average national price for regular unleaded gas to be $2.00 per gallon or more on 30 Nov 08,5,30.0,Nov/13/2008 09:43:21
652541,NOV08.GAS.OVER$2.00,Average national price for regular unleaded gas to be $2.00 per gallon or more on 30 Nov 08,6,32.0,Nov/13/2008 09:43:21
652541,NOV08.GAS.OVER$2.00,Average national price for regular unleaded gas to be $2.00 per gallon or more on 30 Nov 08,3,31.0,Nov/13/2008 09:43:21
652541,NOV08.GAS.OVER$2.00,Average national price for regular unleaded gas to be $2.00 per gallon or more on 30 Nov 08,3,39.8,Nov/13/2008 17:37:32
652541,NOV08.GAS.OVER$2.00,Average national price for regular unleaded gas to be $2.00 per gallon or more on 30 Nov 08,3,30.0,Nov/13/2008 17:37:32
652541,NOV08.GAS.OVER$2.00,Average national price for regular unleaded gas to be $2.00 per gallon or more on 30 Nov 08,6,39.9,Nov/13/2008 20:24:53
652541,NOV08.GAS.OVER$2.00,Average national price for regular unleaded gas to be $2.00 per gallon or more on 30 Nov 08,4,39.9,Nov/13/2008 20:24:53
652541,NOV08.GAS.OVER$2.00,Average national price for regular unleaded gas to be $2.00 per gallon or more on 30 Nov 08,1,35.0,Nov/13/2008 20:47:15
652541,NOV08.GAS.OVER$2.00,Average national price for regular unleaded gas to be $2.00 per gallon or more on 30 Nov 08,20,38.9,Nov/13/2008 21:49:11
652541,NOV08.GAS.OVER$2.00,Average national price for regular unleaded gas to be $2.00 per gallon or more on 30 Nov 08,10,39.8,Nov/13/2008 22:38:11
652541,NOV08.GAS.OVER$2.00,Average national price for regular unleaded gas to be $2.00 per gallon or more on 30 Nov 08,1,35.1,Nov/13/2008 22:48:58
652541,NOV08.GAS.OVER$2.00,Average national price for regular unleaded gas to be $2.00 per gallon or more on 30 Nov 08,1,35.0,Nov/13/2008 22:49:20
652541,NOV08.GAS.OVER$2.00,Average national price for regular unleaded gas to be $2.00 per gallon or more on 30 Nov 08,4,35.0,Nov/14/2008 00:41:23
652541,NOV08.GAS.OVER$2.00,Average national price for regular unleaded gas to be $2.00 per gallon or more on 30 Nov 08,1,35.1,Nov/14/2008 00:41:23
652541,NOV08.GAS.OVER$2.00,Average national price for regular unleaded gas to be $2.00 per gallon or more on 30 Nov 08,5,30.0,Nov/14/2008 02:16:20
652541,NOV08.GAS.OVER$2.00,Average national price for regular unleaded gas to be $2.00 per gallon or more on 30 Nov 08,5,27.0,Nov/14/2008 02:16:33
652541,NOV08.GAS.OVER$2.00,Average national price for regular unleaded gas to be $2.00 per gallon or more on 30 Nov 08,1,36.5,Nov/14/2008 03:42:44
652541,NOV08.GAS.OVER$2.00,Average national price for regular unleaded gas to be $2.00 per gallon or more on 30 Nov 08,19,36.5,Nov/14/2008 07:47:00
652541,NOV08.GAS.OVER$2.00,Average national price for regular unleaded gas to be $2.00 per gallon or more on 30 Nov 08,30,27.0,Nov/14/2008 09:33:41
652541,NOV08.GAS.OVER$2.00,Average national price for regular unleaded gas to be $2.00 per gallon or more on 30 Nov 08,100,27.5,Nov/14/2008 09:33:41
652541,NOV08.GAS.OVER$2.00,Average national price for regular unleaded gas to be $2.00 per gallon or more on 30 Nov 08,17,26.6,Nov/14/2008 09:34:09
652541,NOV08.GAS.OVER$2.00,Average national price for regular unleaded gas to be $2.00 per gallon or more on 30 Nov 08,5,26.8,Nov/14/2008 09:34:09
652541,NOV08.GAS.OVER$2.00,Average national price for regular unleaded gas to be $2.00 per gallon or more on 30 Nov 08,33,26.9,Nov/14/2008 09:34:09
652541,NOV08.GAS.OVER$2.00,Average national price for regular unleaded gas to be $2.00 per gallon or more on 30 Nov 08,1,21.0,Nov/14/2008 17:18:07
652541,NOV08.GAS.OVER$2.00,Average national price for regular unleaded gas to be $2.00 per gallon or more on 30 Nov 08,2,22.0,Nov/14/2008 17:18:07
652541,NOV08.GAS.OVER$2.00,Average national price for regular unleaded gas to be $2.00 per gallon or more on 30 Nov 08,1,22.2,Nov/14/2008 17:18:07
652541,NOV08.GAS.OVER$2.00,Average national price for regular unleaded gas to be $2.00 per gallon or more on 30 Nov 08,20,25.0,Nov/14/2008 19:12:04
652541,NOV08.GAS.OVER$2.00,Average national price for regular unleaded gas to be $2.00 per gallon or more on 30 Nov 08,1,25.0,Nov/14/2008 21:38:50
652541,NOV08.GAS.OVER$2.00,Average national price for regular unleaded gas to be $2.00 per gallon or more on 30 Nov 08,1,25.0,Nov/14/2008 22:41:20
652541,NOV08.GAS.OVER$2.00,Average national price for regular unleaded gas to be $2.00 per gallon or more on 30 Nov 08,5,15.0,Nov/15/2008 01:47:42
652541,NOV08.GAS.OVER$2.00,Average national price for regular unleaded gas to be $2.00 per gallon or more on 30 Nov 08,25,24.7,Nov/15/2008 03:50:44
652541,NOV08.GAS.OVER$2.00,Average national price for regular unleaded gas to be $2.00 per gallon or more on 30 Nov 08,10,24.8,Nov/15/2008 03:50:44
652541,NOV08.GAS.OVER$2.00,Average national price for regular unleaded gas to be $2.00 per gallon or more on 30 Nov 08,4,25.0,Nov/15/2008 03:50:44
652541,NOV08.GAS.OVER$2.00,Average national price for regular unleaded gas to be $2.00 per gallon or more on 30 Nov 08,2,20.0,Nov/15/2008 14:12:20
652541,NOV08.GAS.OVER$2.00,Average national price for regular unleaded gas to be $2.00 per gallon or more on 30 Nov 08,1,20.0,Nov/15/2008 17:21:33
652541,NOV08.GAS.OVER$2.00,Average national price for regular unleaded gas to be $2.00 per gallon or more on 30 Nov 08,1,17.9,Nov/16/2008 01:39:44
652541,NOV08.GAS.OVER$2.00,Average national price for regular unleaded gas to be $2.00 per gallon or more on 30 Nov 08,4,17.9,Nov/16/2008 01:48:19
652541,NOV08.GAS.OVER$2.00,Average national price for regular unleaded gas to be $2.00 per gallon or more on 30 Nov 08,10,18.0,Nov/16/2008 02:11:47
652541,NOV08.GAS.OVER$2.00,Average national price for regular unleaded gas to be $2.00 per gallon or more on 30 Nov 08,1,17.8,Nov/16/2008 03:04:40
652541,NOV08.GAS.OVER$2.00,Average national price for regular unleaded gas to be $2.00 per gallon or more on 30 Nov 08,6,17.7,Nov/16/2008 13:46:28
652541,NOV08.GAS.OVER$2.00,Average national price for regular unleaded gas to be $2.00 per gallon or more on 30 Nov 08,9,17.8,Nov/16/2008 16:18:05
652541,NOV08.GAS.OVER$2.00,Average national price for regular unleaded gas to be $2.00 per gallon or more on 30 Nov 08,7,18.0,Nov/16/2008 16:18:05
652541,NOV08.GAS.OVER$2.00,Average national price for regular unleaded gas to be $2.00 per gallon or more on 30 Nov 08,4,17.7,Nov/16/2008 16:18:05
652541,NOV08.GAS.OVER$2.00,Average national price for regular unleaded gas to be $2.00 per gallon or more on 30 Nov 08,1,15.7,Nov/16/2008 16:51:04
652541,NOV08.GAS.OVER$2.00,Average national price for regular unleaded gas to be $2.00 per gallon or more on 30 Nov 08,1,15.8,Nov/16/2008 16:53:55
652541,NOV08.GAS.OVER$2.00,Average national price for regular unleaded gas to be $2.00 per gallon or more on 30 Nov 08,1,16.0,Nov/16/2008 17:45:12
652541,NOV08.GAS.OVER$2.00,Average national price for regular unleaded gas to be $2.00 per gallon or more on 30 Nov 08,1,16.9,Nov/16/2008 17:45:12
652541,NOV08.GAS.OVER$2.00,Average national price for regular unleaded gas to be $2.00 per gallon or more on 30 Nov 08,1,16.3,Nov/16/2008 17:45:12
652541,NOV08.GAS.OVER$2.00,Average national price for regular unleaded gas to be $2.00 per gallon or more on 30 Nov 08,7,17.9,Nov/16/2008 18:34:57
652541,NOV08.GAS.OVER$2.00,Average national price for regular unleaded gas to be $2.00 per gallon or more on 30 Nov 08,9,15.5,Nov/16/2008 18:40:13
652541,NOV08.GAS.OVER$2.00,Average national price for regular unleaded gas to be $2.00 per gallon or more on 30 Nov 08,41,15.5,Nov/16/2008 18:46:55
652541,NOV08.GAS.OVER$2.00,Average national price for regular unleaded gas to be $2.00 per gallon or more on 30 Nov 08,3,14.1,Nov/16/2008 19:27:14
652541,NOV08.GAS.OVER$2.00,Average national price for regular unleaded gas to be $2.00 per gallon or more on 30 Nov 08,10,14.0,Nov/16/2008 19:27:14
652541,NOV08.GAS.OVER$2.00,Average national price for regular unleaded gas to be $2.00 per gallon or more on 30 Nov 08,3,12.0,Nov/16/2008 19:31:30
652541,NOV08.GAS.OVER$2.00,Average national price for regular unleaded gas to be $2.00 per gallon or more on 30 Nov 08,5,12.0,Nov/16/2008 19:34:34
652541,NOV08.GAS.OVER$2.00,Average national price for regular unleaded gas to be $2.00 per gallon or more on 30 Nov 08,5,17.9,Nov/16/2008 23:03:33
652541,NOV08.GAS.OVER$2.00,Average national price for regular unleaded gas to be $2.00 per gallon or more on 30 Nov 08,3,18.0,Nov/16/2008 23:03:51
652541,NOV08.GAS.OVER$2.00,Average national price for regular unleaded gas to be $2.00 per gallon or more on 30 Nov 08,2,18.8,Nov/16/2008 23:30:25
652541,NOV08.GAS.OVER$2.00,Average national price for regular unleaded gas to be $2.00 per gallon or more on 30 Nov 08,10,18.9,Nov/16/2008 23:30:25
652541,NOV08.GAS.OVER$2.00,Average national price for regular unleaded gas to be $2.00 per gallon or more on 30 Nov 08,2,17.0,Nov/17/2008 02:30:10
652541,NOV08.GAS.OVER$2.00,Average national price for regular unleaded gas to be $2.00 per gallon or more on 30 Nov 08,2,17.0,Nov/17/2008 02:42:50
652541,NOV08.GAS.OVER$2.00,Average national price for regular unleaded gas to be $2.00 per gallon or more on 30 Nov 08,9,15.1,Nov/17/2008 05:02:24
652541,NOV08.GAS.OVER$2.00,Average national price for regular unleaded gas to be $2.00 per gallon or more on 30 Nov 08,1,15.1,Nov/17/2008 05:58:50
652541,NOV08.GAS.OVER$2.00,Average national price for regular unleaded gas to be $2.00 per gallon or more on 30 Nov 08,2,13.8,Nov/17/2008 12:12:23
652541,NOV08.GAS.OVER$2.00,Average national price for regular unleaded gas to be $2.00 per gallon or more on 30 Nov 08,1,11.0,Nov/17/2008 13:07:01
652541,NOV08.GAS.OVER$2.00,Average national price for regular unleaded gas to be $2.00 per gallon or more on 30 Nov 08,2,12.0,Nov/17/2008 13:07:01
652541,NOV08.GAS.OVER$2.00,Average national price for regular unleaded gas to be $2.00 per gallon or more on 30 Nov 08,2,13.0,Nov/17/2008 13:07:01
652541,NOV08.GAS.OVER$2.00,Average national price for regular unleaded gas to be $2.00 per gallon or more on 30 Nov 08,10,12.5,Nov/17/2008 13:07:01
652541,NOV08.GAS.OVER$2.00,Average national price for regular unleaded gas to be $2.00 per gallon or more on 30 Nov 08,2,15.4,Nov/17/2008 15:39:35
652541,NOV08.GAS.OVER$2.00,Average national price for regular unleaded gas to be $2.00 per gallon or more on 30 Nov 08,15,16.9,Nov/17/2008 15:47:08
652541,NOV08.GAS.OVER$2.00,Average national price for regular unleaded gas to be $2.00 per gallon or more on 30 Nov 08,1,12.6,Nov/17/2008 22:46:11
652541,NOV08.GAS.OVER$2.00,Average national price for regular unleaded gas to be $2.00 per gallon or more on 30 Nov 08,1,10.0,Nov/17/2008 22:46:35
652541,NOV08.GAS.OVER$2.00,Average national price for regular unleaded gas to be $2.00 per gallon or more on 30 Nov 08,5,12.5,Nov/17/2008 22:46:35
652541,NOV08.GAS.OVER$2.00,Average national price for regular unleaded gas to be $2.00 per gallon or more on 30 Nov 08,1,11.0,Nov/17/2008 22:46:35
652541,NOV08.GAS.OVER$2.00,Average national price for regular unleaded gas to be $2.00 per gallon or more on 30 Nov 08,1,15.0,Nov/18/2008 00:01:48
652541,NOV08.GAS.OVER$2.00,Average national price for regular unleaded gas to be $2.00 per gallon or more on 30 Nov 08,1,16.0,Nov/18/2008 00:02:02
652541,NOV08.GAS.OVER$2.00,Average national price for regular unleaded gas to be $2.00 per gallon or more on 30 Nov 08,1,17.0,Nov/18/2008 00:02:16
652541,NOV08.GAS.OVER$2.00,Average national price for regular unleaded gas to be $2.00 per gallon or more on 30 Nov 08,10,16.5,Nov/18/2008 01:43:50
652541,NOV08.GAS.OVER$2.00,Average national price for regular unleaded gas to be $2.00 per gallon or more on 30 Nov 08,10,15.0,Nov/18/2008 01:43:50
652541,NOV08.GAS.OVER$2.00,Average national price for regular unleaded gas to be $2.00 per gallon or more on 30 Nov 08,4,11.3,Nov/18/2008 09:38:48
652541,NOV08.GAS.OVER$2.00,Average national price for regular unleaded gas to be $2.00 per gallon or more on 30 Nov 08,7,11.0,Nov/18/2008 09:38:48
652541,NOV08.GAS.OVER$2.00,Average national price for regular unleaded gas to be $2.00 per gallon or more on 30 Nov 08,7,10.5,Nov/18/2008 13:23:35
652541,NOV08.GAS.OVER$2.00,Average national price for regular unleaded gas to be $2.00 per gallon or more on 30 Nov 08,1,13.5,Nov/18/2008 17:26:18
652541,NOV08.GAS.OVER$2.00,Average national price for regular unleaded gas to be $2.00 per gallon or more on 30 Nov 08,1,13.4,Nov/18/2008 17:26:18
652541,NOV08.GAS.OVER$2.00,Average national price for regular unleaded gas to be $2.00 per gallon or more on 30 Nov 08,20,12.0,Nov/18/2008 18:32:47
652541,NOV08.GAS.OVER$2.00,Average national price for regular unleaded gas to be $2.00 per gallon or more on 30 Nov 08,2,11.1,Nov/18/2008 23:16:02
652541,NOV08.GAS.OVER$2.00,Average national price for regular unleaded gas to be $2.00 per gallon or more on 30 Nov 08,2,10.8,Nov/18/2008 23:16:07
652541,NOV08.GAS.OVER$2.00,Average national price for regular unleaded gas to be $2.00 per gallon or more on 30 Nov 08,8,10.7,Nov/18/2008 23:16:13
652541,NOV08.GAS.OVER$2.00,Average national price for regular unleaded gas to be $2.00 per gallon or more on 30 Nov 08,2,10.7,Nov/18/2008 23:16:13
652541,NOV08.GAS.OVER$2.00,Average national price for regular unleaded gas to be $2.00 per gallon or more on 30 Nov 08,3,10.1,Nov/18/2008 23:16:19
652541,NOV08.GAS.OVER$2.00,Average national price for regular unleaded gas to be $2.00 per gallon or more on 30 Nov 08,1,10.1,Nov/18/2008 23:16:19
652541,NOV08.GAS.OVER$2.00,Average national price for regular unleaded gas to be $2.00 per gallon or more on 30 Nov 08,2,9.9,Nov/18/2008 23:16:32
652541,NOV08.GAS.OVER$2.00,Average national price for regular unleaded gas to be $2.00 per gallon or more on 30 Nov 08,40,10.0,Nov/18/2008 23:16:32
652541,NOV08.GAS.OVER$2.00,Average national price for regular unleaded gas to be $2.00 per gallon or more on 30 Nov 08,8,9.5,Nov/19/2008 00:02:54
652541,NOV08.GAS.OVER$2.00,Average national price for regular unleaded gas to be $2.00 per gallon or more on 30 Nov 08,8,9.4,Nov/19/2008 01:41:46
652541,NOV08.GAS.OVER$2.00,Average national price for regular unleaded gas to be $2.00 per gallon or more on 30 Nov 08,4,8.5,Nov/19/2008 01:42:17
652541,NOV08.GAS.OVER$2.00,Average national price for regular unleaded gas to be $2.00 per gallon or more on 30 Nov 08,1,7.1,Nov/19/2008 05:26:01
652541,NOV08.GAS.OVER$2.00,Average national price for regular unleaded gas to be $2.00 per gallon or more on 30 Nov 08,1,7.1,Nov/19/2008 09:32:23
652541,NOV08.GAS.OVER$2.00,Average national price for regular unleaded gas to be $2.00 per gallon or more on 30 Nov 08,1,7.1,Nov/19/2008 09:32:23
652541,NOV08.GAS.OVER$2.00,Average national price for regular unleaded gas to be $2.00 per gallon or more on 30 Nov 08,1,6.3,Nov/19/2008 09:38:16
652541,NOV08.GAS.OVER$2.00,Average national price for regular unleaded gas to be $2.00 per gallon or more on 30 Nov 08,2,6.1,Nov/19/2008 09:38:16
652541,NOV08.GAS.OVER$2.00,Average national price for regular unleaded gas to be $2.00 per gallon or more on 30 Nov 08,2,6.3,Nov/19/2008 09:38:16
652541,NOV08.GAS.OVER$2.00,Average national price for regular unleaded gas to be $2.00 per gallon or more on 30 Nov 08,3,6.1,Nov/19/2008 09:38:16
652541,NOV08.GAS.OVER$2.00,Average national price for regular unleaded gas to be $2.00 per gallon or more on 30 Nov 08,1,6.3,Nov/19/2008 09:38:16
652541,NOV08.GAS.OVER$2.00,Average national price for regular unleaded gas to be $2.00 per gallon or more on 30 Nov 08,97,6.0,Nov/19/2008 09:38:16
652541,NOV08.GAS.OVER$2.00,Average national price for regular unleaded gas to be $2.00 per gallon or more on 30 Nov 08,5,6.1,Nov/19/2008 09:38:16
652541,NOV08.GAS.OVER$2.00,Average national price for regular unleaded gas to be $2.00 per gallon or more on 30 Nov 08,5,6.0,Nov/19/2008 09:38:16
652541,NOV08.GAS.OVER$2.00,Average national price for regular unleaded gas to be $2.00 per gallon or more on 30 Nov 08,3,6.0,Nov/19/2008 09:38:29
652541,NOV08.GAS.OVER$2.00,Average national price for regular unleaded gas to be $2.00 per gallon or more on 30 Nov 08,3,6.6,Nov/19/2008 21:23:51
652541,NOV08.GAS.OVER$2.00,Average national price for regular unleaded gas to be $2.00 per gallon or more on 30 Nov 08,40,6.5,Nov/19/2008 21:23:51
652541,NOV08.GAS.OVER$2.00,Average national price for regular unleaded gas to be $2.00 per gallon or more on 30 Nov 08,2,6.6,Nov/19/2008 21:23:51
652541,NOV08.GAS.OVER$2.00,Average national price for regular unleaded gas to be $2.00 per gallon or more on 30 Nov 08,3,6.1,Nov/19/2008 21:27:03
652541,NOV08.GAS.OVER$2.00,Average national price for regular unleaded gas to be $2.00 per gallon or more on 30 Nov 08,10,8.5,Nov/19/2008 21:49:42
652541,NOV08.GAS.OVER$2.00,Average national price for regular unleaded gas to be $2.00 per gallon or more on 30 Nov 08,20,9.9,Nov/19/2008 21:58:12
652541,NOV08.GAS.OVER$2.00,Average national price for regular unleaded gas to be $2.00 per gallon or more on 30 Nov 08,5,6.0,Nov/20/2008 02:04:43
652541,NOV08.GAS.OVER$2.00,Average national price for regular unleaded gas to be $2.00 per gallon or more on 30 Nov 08,10,5.9,Nov/20/2008 03:12:37
652541,NOV08.GAS.OVER$2.00,Average national price for regular unleaded gas to be $2.00 per gallon or more on 30 Nov 08,2,5.8,Nov/20/2008 04:54:49
652541,NOV08.GAS.OVER$2.00,Average national price for regular unleaded gas to be $2.00 per gallon or more on 30 Nov 08,2,5.8,Nov/20/2008 04:54:49
652541,NOV08.GAS.OVER$2.00,Average national price for regular unleaded gas to be $2.00 per gallon or more on 30 Nov 08,5,5.7,Nov/20/2008 04:55:11
652541,NOV08.GAS.OVER$2.00,Average national price for regular unleaded gas to be $2.00 per gallon or more on 30 Nov 08,20,5.1,Nov/20/2008 09:32:42
652541,NOV08.GAS.OVER$2.00,Average national price for regular unleaded gas to be $2.00 per gallon or more on 30 Nov 08,5,5.5,Nov/20/2008 09:32:42
652541,NOV08.GAS.OVER$2.00,Average national price for regular unleaded gas to be $2.00 per gallon or more on 30 Nov 08,6,3.6,Nov/20/2008 14:56:43
652541,NOV08.GAS.OVER$2.00,Average national price for regular unleaded gas to be $2.00 per gallon or more on 30 Nov 08,1,4.0,Nov/21/2008 01:53:03
652541,NOV08.GAS.OVER$2.00,Average national price for regular unleaded gas to be $2.00 per gallon or more on 30 Nov 08,1,6.3,Nov/21/2008 02:18:05
652541,NOV08.GAS.OVER$2.00,Average national price for regular unleaded gas to be $2.00 per gallon or more on 30 Nov 08,3,6.2,Nov/21/2008 02:18:05
652541,NOV08.GAS.OVER$2.00,Average national price for regular unleaded gas to be $2.00 per gallon or more on 30 Nov 08,7,6.4,Nov/21/2008 02:18:05
652541,NOV08.GAS.OVER$2.00,Average national price for regular unleaded gas to be $2.00 per gallon or more on 30 Nov 08,10,6.4,Nov/21/2008 02:58:48
652541,NOV08.GAS.OVER$2.00,Average national price for regular unleaded gas to be $2.00 per gallon or more on 30 Nov 08,4,6.4,Nov/21/2008 04:15:57
652541,NOV08.GAS.OVER$2.00,Average national price for regular unleaded gas to be $2.00 per gallon or more on 30 Nov 08,10,3.8,Nov/21/2008 09:31:39
652541,NOV08.GAS.OVER$2.00,Average national price for regular unleaded gas to be $2.00 per gallon or more on 30 Nov 08,40,3.7,Nov/21/2008 09:31:39
652541,NOV08.GAS.OVER$2.00,Average national price for regular unleaded gas to be $2.00 per gallon or more on 30 Nov 08,10,3.7,Nov/21/2008 09:31:48
652541,NOV08.GAS.OVER$2.00,Average national price for regular unleaded gas to be $2.00 per gallon or more on 30 Nov 08,60,5.9,Nov/21/2008 09:55:55
652541,NOV08.GAS.OVER$2.00,Average national price for regular unleaded gas to be $2.00 per gallon or more on 30 Nov 08,10,5.7,Nov/21/2008 09:55:55
652541,NOV08.GAS.OVER$2.00,Average national price for regular unleaded gas to be $2.00 per gallon or more on 30 Nov 08,5,2.2,Nov/21/2008 13:31:02
652541,NOV08.GAS.OVER$2.00,Average national price for regular unleaded gas to be $2.00 per gallon or more on 30 Nov 08,5,2.1,Nov/21/2008 13:31:16
652541,NOV08.GAS.OVER$2.00,Average national price for regular unleaded gas to be $2.00 per gallon or more on 30 Nov 08,2,4.0,Nov/21/2008 17:50:11
652541,NOV08.GAS.OVER$2.00,Average national price for regular unleaded gas to be $2.00 per gallon or more on 30 Nov 08,1,4.8,Nov/21/2008 22:11:42
652541,NOV08.GAS.OVER$2.00,Average national price for regular unleaded gas to be $2.00 per gallon or more on 30 Nov 08,1,5.4,Nov/21/2008 22:11:42
652541,NOV08.GAS.OVER$2.00,Average national price for regular unleaded gas to be $2.00 per gallon or more on 30 Nov 08,60,6.4,Nov/21/2008 22:11:42
652541,NOV08.GAS.OVER$2.00,Average national price for regular unleaded gas to be $2.00 per gallon or more on 30 Nov 08,1,6.5,Nov/21/2008 22:11:42
652541,NOV08.GAS.OVER$2.00,Average national price for regular unleaded gas to be $2.00 per gallon or more on 30 Nov 08,30,5.9,Nov/21/2008 22:11:42
652541,NOV08.GAS.OVER$2.00,Average national price for regular unleaded gas to be $2.00 per gallon or more on 30 Nov 08,2,5.6,Nov/21/2008 22:11:42
652541,NOV08.GAS.OVER$2.00,Average national price for regular unleaded gas to be $2.00 per gallon or more on 30 Nov 08,1,5.0,Nov/21/2008 22:11:42
652541,NOV08.GAS.OVER$2.00,Average national price for regular unleaded gas to be $2.00 per gallon or more on 30 Nov 08,1,5.3,Nov/21/2008 22:11:42
652541,NOV08.GAS.OVER$2.00,Average national price for regular unleaded gas to be $2.00 per gallon or more on 30 Nov 08,1,5.5,Nov/21/2008 22:11:42
652541,NOV08.GAS.OVER$2.00,Average national price for regular unleaded gas to be $2.00 per gallon or more on 30 Nov 08,2,5.9,Nov/21/2008 22:11:42
652541,NOV08.GAS.OVER$2.00,Average national price for regular unleaded gas to be $2.00 per gallon or more on 30 Nov 08,2,6.3,Nov/21/2008 23:29:16
652541,NOV08.GAS.OVER$2.00,Average national price for regular unleaded gas to be $2.00 per gallon or more on 30 Nov 08,1,6.4,Nov/21/2008 23:29:52
652541,NOV08.GAS.OVER$2.00,Average national price for regular unleaded gas to be $2.00 per gallon or more on 30 Nov 08,2,6.5,Nov/22/2008 01:02:11
652541,NOV08.GAS.OVER$2.00,Average national price for regular unleaded gas to be $2.00 per gallon or more on 30 Nov 08,2,6.7,Nov/22/2008 01:02:11
652541,NOV08.GAS.OVER$2.00,Average national price for regular unleaded gas to be $2.00 per gallon or more on 30 Nov 08,3,6.9,Nov/22/2008 01:02:11
652541,NOV08.GAS.OVER$2.00,Average national price for regular unleaded gas to be $2.00 per gallon or more on 30 Nov 08,4,6.8,Nov/22/2008 01:02:11
652541,NOV08.GAS.OVER$2.00,Average national price for regular unleaded gas to be $2.00 per gallon or more on 30 Nov 08,15,6.9,Nov/22/2008 01:02:11
652541,NOV08.GAS.OVER$2.00,Average national price for regular unleaded gas to be $2.00 per gallon or more on 30 Nov 08,6,6.7,Nov/22/2008 01:02:11
652541,NOV08.GAS.OVER$2.00,Average national price for regular unleaded gas to be $2.00 per gallon or more on 30 Nov 08,7,6.9,Nov/22/2008 01:02:11
652541,NOV08.GAS.OVER$2.00,Average national price for regular unleaded gas to be $2.00 per gallon or more on 30 Nov 08,1,6.9,Nov/22/2008 01:02:11
652541,NOV08.GAS.OVER$2.00,Average national price for regular unleaded gas to be $2.00 per gallon or more on 30 Nov 08,4,7.0,Nov/22/2008 01:54:11
652541,NOV08.GAS.OVER$2.00,Average national price for regular unleaded gas to be $2.00 per gallon or more on 30 Nov 08,20,7.0,Nov/22/2008 01:54:11
652541,NOV08.GAS.OVER$2.00,Average national price for regular unleaded gas to be $2.00 per gallon or more on 30 Nov 08,5,6.9,Nov/22/2008 01:54:11
652541,NOV08.GAS.OVER$2.00,Average national price for regular unleaded gas to be $2.00 per gallon or more on 30 Nov 08,4,9.0,Nov/22/2008 01:54:11
652541,NOV08.GAS.OVER$2.00,Average national price for regular unleaded gas to be $2.00 per gallon or more on 30 Nov 08,5,3.1,Nov/22/2008 10:04:54
652541,NOV08.GAS.OVER$2.00,Average national price for regular unleaded gas to be $2.00 per gallon or more on 30 Nov 08,1,3.1,Nov/22/2008 11:58:39
652541,NOV08.GAS.OVER$2.00,Average national price for regular unleaded gas to be $2.00 per gallon or more on 30 Nov 08,20,4.5,Nov/22/2008 15:19:06
652541,NOV08.GAS.OVER$2.00,Average national price for regular unleaded gas to be $2.00 per gallon or more on 30 Nov 08,4,4.5,Nov/22/2008 18:33:12
652541,NOV08.GAS.OVER$2.00,Average national price for regular unleaded gas to be $2.00 per gallon or more on 30 Nov 08,1,4.4,Nov/22/2008 18:33:12
652541,NOV08.GAS.OVER$2.00,Average national price for regular unleaded gas to be $2.00 per gallon or more on 30 Nov 08,17,3.8,Nov/22/2008 23:13:27
652541,NOV08.GAS.OVER$2.00,Average national price for regular unleaded gas to be $2.00 per gallon or more on 30 Nov 08,65,3.0,Nov/23/2008 09:35:32
652541,NOV08.GAS.OVER$2.00,Average national price for regular unleaded gas to be $2.00 per gallon or more on 30 Nov 08,7,3.0,Nov/23/2008 20:41:24
652541,NOV08.GAS.OVER$2.00,Average national price for regular unleaded gas to be $2.00 per gallon or more on 30 Nov 08,5,4.2,Nov/23/2008 22:30:26
652541,NOV08.GAS.OVER$2.00,Average national price for regular unleaded gas to be $2.00 per gallon or more on 30 Nov 08,3,2.3,Nov/23/2008 23:43:54
652541,NOV08.GAS.OVER$2.00,Average national price for regular unleaded gas to be $2.00 per gallon or more on 30 Nov 08,26,4.5,Nov/24/2008 02:16:24
652541,NOV08.GAS.OVER$2.00,Average national price for regular unleaded gas to be $2.00 per gallon or more on 30 Nov 08,39,4.5,Nov/24/2008 02:16:24
652541,NOV08.GAS.OVER$2.00,Average national price for regular unleaded gas to be $2.00 per gallon or more on 30 Nov 08,15,4.4,Nov/24/2008 02:16:24
652541,NOV08.GAS.OVER$2.00,Average national price for regular unleaded gas to be $2.00 per gallon or more on 30 Nov 08,1,4.0,Nov/24/2008 02:16:24
652541,NOV08.GAS.OVER$2.00,Average national price for regular unleaded gas to be $2.00 per gallon or more on 30 Nov 08,1,2.6,Nov/24/2008 16:11:55
652541,NOV08.GAS.OVER$2.00,Average national price for regular unleaded gas to be $2.00 per gallon or more on 30 Nov 08,9,5.7,Nov/24/2008 18:05:35
652541,NOV08.GAS.OVER$2.00,Average national price for regular unleaded gas to be $2.00 per gallon or more on 30 Nov 08,20,5.9,Nov/24/2008 18:05:35
652541,NOV08.GAS.OVER$2.00,Average national price for regular unleaded gas to be $2.00 per gallon or more on 30 Nov 08,45,5.6,Nov/24/2008 18:05:35
652541,NOV08.GAS.OVER$2.00,Average national price for regular unleaded gas to be $2.00 per gallon or more on 30 Nov 08,1,4.5,Nov/24/2008 18:46:16
652541,NOV08.GAS.OVER$2.00,Average national price for regular unleaded gas to be $2.00 per gallon or more on 30 Nov 08,1,6.8,Nov/24/2008 20:09:21
652541,NOV08.GAS.OVER$2.00,Average national price for regular unleaded gas to be $2.00 per gallon or more on 30 Nov 08,5,3.6,Nov/25/2008 01:10:05
652541,NOV08.GAS.OVER$2.00,Average national price for regular unleaded gas to be $2.00 per gallon or more on 30 Nov 08,5,4.5,Nov/25/2008 02:39:40
652541,NOV08.GAS.OVER$2.00,Average national price for regular unleaded gas to be $2.00 per gallon or more on 30 Nov 08,11,4.9,Nov/25/2008 02:57:38
652541,NOV08.GAS.OVER$2.00,Average national price for regular unleaded gas to be $2.00 per gallon or more on 30 Nov 08,9,5.0,Nov/25/2008 02:58:22
652541,NOV08.GAS.OVER$2.00,Average national price for regular unleaded gas to be $2.00 per gallon or more on 30 Nov 08,1,5.0,Nov/25/2008 03:13:20
652541,NOV08.GAS.OVER$2.00,Average national price for regular unleaded gas to be $2.00 per gallon or more on 30 Nov 08,6,5.1,Nov/25/2008 05:21:04
652541,NOV08.GAS.OVER$2.00,Average national price for regular unleaded gas to be $2.00 per gallon or more on 30 Nov 08,4,5.2,Nov/25/2008 05:21:04
652541,NOV08.GAS.OVER$2.00,Average national price for regular unleaded gas to be $2.00 per gallon or more on 30 Nov 08,94,5.1,Nov/25/2008 09:32:12
652541,NOV08.GAS.OVER$2.00,Average national price for regular unleaded gas to be $2.00 per gallon or more on 30 Nov 08,25,5.0,Nov/25/2008 12:40:26
652541,NOV08.GAS.OVER$2.00,Average national price for regular unleaded gas to be $2.00 per gallon or more on 30 Nov 08,15,5.0,Nov/25/2008 13:27:44
652541,NOV08.GAS.OVER$2.00,Average national price for regular unleaded gas to be $2.00 per gallon or more on 30 Nov 08,5,5.0,Nov/25/2008 14:00:01
652541,NOV08.GAS.OVER$2.00,Average national price for regular unleaded gas to be $2.00 per gallon or more on 30 Nov 08,55,5.0,Nov/25/2008 14:33:40
652541,NOV08.GAS.OVER$2.00,Average national price for regular unleaded gas to be $2.00 per gallon or more on 30 Nov 08,73,4.9,Nov/25/2008 14:59:04
652541,NOV08.GAS.OVER$2.00,Average national price for regular unleaded gas to be $2.00 per gallon or more on 30 Nov 08,9,4.9,Nov/25/2008 16:14:00
652541,NOV08.GAS.OVER$2.00,Average national price for regular unleaded gas to be $2.00 per gallon or more on 30 Nov 08,10,2.9,Nov/25/2008 21:08:18
652541,NOV08.GAS.OVER$2.00,Average national price for regular unleaded gas to be $2.00 per gallon or more on 30 Nov 08,3,2.7,Nov/26/2008 01:20:48
652541,NOV08.GAS.OVER$2.00,Average national price for regular unleaded gas to be $2.00 per gallon or more on 30 Nov 08,7,2.6,Nov/26/2008 01:20:48
652541,NOV08.GAS.OVER$2.00,Average national price for regular unleaded gas to be $2.00 per gallon or more on 30 Nov 08,1,2.1,Nov/26/2008 12:39:20
652541,NOV08.GAS.OVER$2.00,Average national price for regular unleaded gas to be $2.00 per gallon or more on 30 Nov 08,20,2.0,Nov/26/2008 12:39:20
652541,NOV08.GAS.OVER$2.00,Average national price for regular unleaded gas to be $2.00 per gallon or more on 30 Nov 08,5,1.4,Nov/26/2008 18:09:09
652541,NOV08.GAS.OVER$2.00,Average national price for regular unleaded gas to be $2.00 per gallon or more on 30 Nov 08,4,2.0,Nov/26/2008 20:51:56
652541,NOV08.GAS.OVER$2.00,Average national price for regular unleaded gas to be $2.00 per gallon or more on 30 Nov 08,20,1.6,Nov/26/2008 21:45:11
652541,NOV08.GAS.OVER$2.00,Average national price for regular unleaded gas to be $2.00 per gallon or more on 30 Nov 08,40,2.0,Nov/26/2008 23:23:57
652541,NOV08.GAS.OVER$2.00,Average national price for regular unleaded gas to be $2.00 per gallon or more on 30 Nov 08,2,1.9,Nov/27/2008 23:39:09
652541,NOV08.GAS.OVER$2.00,Average national price for regular unleaded gas to be $2.00 per gallon or more on 30 Nov 08,8,1.9,Nov/27/2008 23:39:48
652541,NOV08.GAS.OVER$2.00,Average national price for regular unleaded gas to be $2.00 per gallon or more on 30 Nov 08,19,2.0,Nov/28/2008 04:59:15
652541,NOV08.GAS.OVER$2.00,Average national price for regular unleaded gas to be $2.00 per gallon or more on 30 Nov 08,2,1.9,Nov/28/2008 04:59:15
652541,NOV08.GAS.OVER$2.00,Average national price for regular unleaded gas to be $2.00 per gallon or more on 30 Nov 08,4,1.8,Nov/28/2008 04:59:15
652541,NOV08.GAS.OVER$2.00,Average national price for regular unleaded gas to be $2.00 per gallon or more on 30 Nov 08,2,2.0,Nov/28/2008 04:59:24
652541,NOV08.GAS.OVER$2.00,Average national price for regular unleaded gas to be $2.00 per gallon or more on 30 Nov 08,430,1.0,Nov/29/2008 19:41:52
652541,NOV08.GAS.OVER$2.00,Average national price for regular unleaded gas to be $2.00 per gallon or more on 30 Nov 08,15,0.9,Nov/30/2008 01:29:13
652541,NOV08.GAS.OVER$2.00,Average national price for regular unleaded gas to be $2.00 per gallon or more on 30 Nov 08,189,0.9,Nov/30/2008 12:40:50
652541,NOV08.GAS.OVER$2.00,Average national price for regular unleaded gas to be $2.00 per gallon or more on 30 Nov 08,51,0.9,Nov/30/2008 18:31:38
652541,NOV08.GAS.OVER$2.00,Average national price for regular unleaded gas to be $2.00 per gallon or more on 30 Nov 08,32,0.9,Nov/30/2008 18:48:17
652541,NOV08.GAS.OVER$2.00,Average national price for regular unleaded gas to be $2.00 per gallon or more on 30 Nov 08,1,0.9,Nov/30/2008 18:48:17
652541,NOV08.GAS.OVER$2.00,Average national price for regular unleaded gas to be $2.00 per gallon or more on 30 Nov 08,2,0.9,Nov/30/2008 18:48:17
652541,NOV08.GAS.OVER$2.00,Average national price for regular unleaded gas to be $2.00 per gallon or more on 30 Nov 08,11,0.9,Nov/30/2008 18:48:17
652541,NOV08.GAS.OVER$2.00,Average national price for regular unleaded gas to be $2.00 per gallon or more on 30 Nov 08,119,0.9,Nov/30/2008 18:48:17
652541,NOV08.GAS.OVER$2.00,Average national price for regular unleaded gas to be $2.00 per gallon or more on 30 Nov 08,44,0.9,Nov/30/2008 18:59:29
652541,NOV08.GAS.OVER$2.00,Average national price for regular unleaded gas to be $2.00 per gallon or more on 30 Nov 08,21,0.9,Nov/30/2008 18:59:29
652541,NOV08.GAS.OVER$2.00,Average national price for regular unleaded gas to be $2.00 per gallon or more on 30 Nov 08,60,0.9,Nov/30/2008 18:59:29
652541,NOV08.GAS.OVER$2.00,Average national price for regular unleaded gas to be $2.00 per gallon or more on 30 Nov 08,17,0.9,Nov/30/2008 18:59:29
652541,NOV08.GAS.OVER$2.00,Average national price for regular unleaded gas to be $2.00 per gallon or more on 30 Nov 08,13,0.9,Nov/30/2008 18:59:29
652541,NOV08.GAS.OVER$2.00,Average national price for regular unleaded gas to be $2.00 per gallon or more on 30 Nov 08,3,0.9,Nov/30/2008 18:59:29
652541,NOV08.GAS.OVER$2.00,Average national price for regular unleaded gas to be $2.00 per gallon or more on 30 Nov 08,25,0.9,Nov/30/2008 18:59:29
652541,NOV08.GAS.OVER$2.00,Average national price for regular unleaded gas to be $2.00 per gallon or more on 30 Nov 08,6,0.9,Nov/30/2008 18:59:29
652541,NOV08.GAS.OVER$2.00,Average national price for regular unleaded gas to be $2.00 per gallon or more on 30 Nov 08,60,0.9,Nov/30/2008 18:59:29
652541,NOV08.GAS.OVER$2.00,Average national price for regular unleaded gas to be $2.00 per gallon or more on 30 Nov 08,1,0.9,Nov/30/2008 18:59:29
652541,NOV08.GAS.OVER$2.00,Average national price for regular unleaded gas to be $2.00 per gallon or more on 30 Nov 08,5,1.0,Nov/30/2008 20:05:39
652541,NOV08.GAS.OVER$2.00,Average national price for regular unleaded gas to be $2.00 per gallon or more on 30 Nov 08,1,0.9,Nov/30/2008 22:21:57
652541,NOV08.GAS.OVER$2.00,Average national price for regular unleaded gas to be $2.00 per gallon or more on 30 Nov 08,1,0.9,Nov/30/2008 22:22:02
652541,NOV08.GAS.OVER$2.00,Average national price for regular unleaded gas to be $2.00 per gallon or more on 30 Nov 08,1,0.9,Nov/30/2008 22:22:09
652541,NOV08.GAS.OVER$2.00,Average national price for regular unleaded gas to be $2.00 per gallon or more on 30 Nov 08,13,0.9,Dec/01/2008 02:31:48
652541,NOV08.GAS.OVER$2.00,Average national price for regular unleaded gas to be $2.00 per gallon or more on 30 Nov 08,10,0.9,Dec/01/2008 02:32:53
