market id,market symbol,market name,trade quantity,trade price,date/time [utc]
352371,2008DEM.NOM.BLAGOJEVICH,Rod Blagojevich to be Democratic Presidential Nominee in 2008,1,0.1,Apr/11/2006 12:44:40
352371,2008DEM.NOM.BLAGOJEVICH,Rod Blagojevich to be Democratic Presidential Nominee in 2008,20,0.1,Apr/12/2006 07:22:54
352371,2008DEM.NOM.BLAGOJEVICH,Rod Blagojevich to be Democratic Presidential Nominee in 2008,20,0.1,Apr/12/2006 07:22:54
352371,2008DEM.NOM.BLAGOJEVICH,Rod Blagojevich to be Democratic Presidential Nominee in 2008,4,0.1,Apr/12/2006 07:22:54
352371,2008DEM.NOM.BLAGOJEVICH,Rod Blagojevich to be Democratic Presidential Nominee in 2008,3,0.1,Apr/12/2006 07:22:54
352371,2008DEM.NOM.BLAGOJEVICH,Rod Blagojevich to be Democratic Presidential Nominee in 2008,2,0.1,Apr/12/2006 07:22:54
352371,2008DEM.NOM.BLAGOJEVICH,Rod Blagojevich to be Democratic Presidential Nominee in 2008,5,0.1,Apr/13/2006 14:26:17
352371,2008DEM.NOM.BLAGOJEVICH,Rod Blagojevich to be Democratic Presidential Nominee in 2008,2,0.1,Apr/13/2006 15:59:46
352371,2008DEM.NOM.BLAGOJEVICH,Rod Blagojevich to be Democratic Presidential Nominee in 2008,1,0.1,Apr/13/2006 16:00:19
352371,2008DEM.NOM.BLAGOJEVICH,Rod Blagojevich to be Democratic Presidential Nominee in 2008,1,0.1,Apr/13/2006 16:13:38
352371,2008DEM.NOM.BLAGOJEVICH,Rod Blagojevich to be Democratic Presidential Nominee in 2008,1,0.1,Apr/13/2006 18:06:09
352371,2008DEM.NOM.BLAGOJEVICH,Rod Blagojevich to be Democratic Presidential Nominee in 2008,1,0.1,Apr/13/2006 18:15:33
352371,2008DEM.NOM.BLAGOJEVICH,Rod Blagojevich to be Democratic Presidential Nominee in 2008,1,0.1,Apr/13/2006 18:16:27
352371,2008DEM.NOM.BLAGOJEVICH,Rod Blagojevich to be Democratic Presidential Nominee in 2008,1,0.1,Apr/13/2006 18:17:12
352371,2008DEM.NOM.BLAGOJEVICH,Rod Blagojevich to be Democratic Presidential Nominee in 2008,2,0.1,Apr/14/2006 07:06:32
352371,2008DEM.NOM.BLAGOJEVICH,Rod Blagojevich to be Democratic Presidential Nominee in 2008,2,0.1,Apr/14/2006 07:28:24
352371,2008DEM.NOM.BLAGOJEVICH,Rod Blagojevich to be Democratic Presidential Nominee in 2008,3,0.1,Apr/14/2006 07:47:48
352371,2008DEM.NOM.BLAGOJEVICH,Rod Blagojevich to be Democratic Presidential Nominee in 2008,7,0.1,Apr/14/2006 07:47:48
352371,2008DEM.NOM.BLAGOJEVICH,Rod Blagojevich to be Democratic Presidential Nominee in 2008,3,0.1,Apr/14/2006 07:54:14
352371,2008DEM.NOM.BLAGOJEVICH,Rod Blagojevich to be Democratic Presidential Nominee in 2008,9,0.1,May/31/2006 07:46:29
352371,2008DEM.NOM.BLAGOJEVICH,Rod Blagojevich to be Democratic Presidential Nominee in 2008,10,0.1,May/31/2006 07:46:29
352371,2008DEM.NOM.BLAGOJEVICH,Rod Blagojevich to be Democratic Presidential Nominee in 2008,7,0.1,May/31/2006 07:46:29
352371,2008DEM.NOM.BLAGOJEVICH,Rod Blagojevich to be Democratic Presidential Nominee in 2008,1,0.1,Jul/24/2006 20:04:34
352371,2008DEM.NOM.BLAGOJEVICH,Rod Blagojevich to be Democratic Presidential Nominee in 2008,10,0.1,Jul/24/2006 20:04:34
352371,2008DEM.NOM.BLAGOJEVICH,Rod Blagojevich to be Democratic Presidential Nominee in 2008,5,0.1,Jul/24/2006 20:04:34
352371,2008DEM.NOM.BLAGOJEVICH,Rod Blagojevich to be Democratic Presidential Nominee in 2008,4,0.1,Jul/24/2006 20:04:34
352371,2008DEM.NOM.BLAGOJEVICH,Rod Blagojevich to be Democratic Presidential Nominee in 2008,4,0.1,Aug/01/2006 05:28:45
352371,2008DEM.NOM.BLAGOJEVICH,Rod Blagojevich to be Democratic Presidential Nominee in 2008,5,0.1,Aug/01/2006 05:28:45
352371,2008DEM.NOM.BLAGOJEVICH,Rod Blagojevich to be Democratic Presidential Nominee in 2008,1,0.1,Aug/01/2006 05:28:45
352371,2008DEM.NOM.BLAGOJEVICH,Rod Blagojevich to be Democratic Presidential Nominee in 2008,1,0.1,Aug/02/2006 00:30:41
352371,2008DEM.NOM.BLAGOJEVICH,Rod Blagojevich to be Democratic Presidential Nominee in 2008,32,0.1,Aug/02/2006 00:30:41
352371,2008DEM.NOM.BLAGOJEVICH,Rod Blagojevich to be Democratic Presidential Nominee in 2008,9,0.1,Aug/02/2006 00:30:41
352371,2008DEM.NOM.BLAGOJEVICH,Rod Blagojevich to be Democratic Presidential Nominee in 2008,2,0.1,Aug/02/2006 00:30:41
352371,2008DEM.NOM.BLAGOJEVICH,Rod Blagojevich to be Democratic Presidential Nominee in 2008,6,0.1,Aug/02/2006 00:30:41
352371,2008DEM.NOM.BLAGOJEVICH,Rod Blagojevich to be Democratic Presidential Nominee in 2008,14,0.1,Aug/02/2006 12:16:42
352371,2008DEM.NOM.BLAGOJEVICH,Rod Blagojevich to be Democratic Presidential Nominee in 2008,1,0.1,Aug/02/2006 12:16:42
352371,2008DEM.NOM.BLAGOJEVICH,Rod Blagojevich to be Democratic Presidential Nominee in 2008,5,0.1,Aug/02/2006 12:16:42
352371,2008DEM.NOM.BLAGOJEVICH,Rod Blagojevich to be Democratic Presidential Nominee in 2008,4,0.1,Aug/02/2006 12:16:42
352371,2008DEM.NOM.BLAGOJEVICH,Rod Blagojevich to be Democratic Presidential Nominee in 2008,3,0.1,Aug/02/2006 12:16:42
352371,2008DEM.NOM.BLAGOJEVICH,Rod Blagojevich to be Democratic Presidential Nominee in 2008,3,0.1,Aug/02/2006 12:16:42
352371,2008DEM.NOM.BLAGOJEVICH,Rod Blagojevich to be Democratic Presidential Nominee in 2008,55,0.1,Aug/02/2006 12:16:42
352371,2008DEM.NOM.BLAGOJEVICH,Rod Blagojevich to be Democratic Presidential Nominee in 2008,1,0.1,Aug/02/2006 12:16:42
352371,2008DEM.NOM.BLAGOJEVICH,Rod Blagojevich to be Democratic Presidential Nominee in 2008,8,0.1,Aug/02/2006 12:16:42
352371,2008DEM.NOM.BLAGOJEVICH,Rod Blagojevich to be Democratic Presidential Nominee in 2008,1,0.1,Aug/02/2006 12:16:42
352371,2008DEM.NOM.BLAGOJEVICH,Rod Blagojevich to be Democratic Presidential Nominee in 2008,5,0.1,Aug/02/2006 12:16:42
352371,2008DEM.NOM.BLAGOJEVICH,Rod Blagojevich to be Democratic Presidential Nominee in 2008,4,0.1,Aug/02/2006 12:16:42
352371,2008DEM.NOM.BLAGOJEVICH,Rod Blagojevich to be Democratic Presidential Nominee in 2008,1,0.1,Aug/02/2006 12:16:42
352371,2008DEM.NOM.BLAGOJEVICH,Rod Blagojevich to be Democratic Presidential Nominee in 2008,10,0.1,Aug/02/2006 12:16:42
352371,2008DEM.NOM.BLAGOJEVICH,Rod Blagojevich to be Democratic Presidential Nominee in 2008,5,0.1,Aug/02/2006 12:16:42
352371,2008DEM.NOM.BLAGOJEVICH,Rod Blagojevich to be Democratic Presidential Nominee in 2008,10,0.1,Aug/11/2006 00:34:00
352371,2008DEM.NOM.BLAGOJEVICH,Rod Blagojevich to be Democratic Presidential Nominee in 2008,2,0.1,Aug/11/2006 00:34:00
352371,2008DEM.NOM.BLAGOJEVICH,Rod Blagojevich to be Democratic Presidential Nominee in 2008,10,0.1,Aug/11/2006 00:34:00
352371,2008DEM.NOM.BLAGOJEVICH,Rod Blagojevich to be Democratic Presidential Nominee in 2008,3,0.1,Aug/11/2006 00:34:00
352371,2008DEM.NOM.BLAGOJEVICH,Rod Blagojevich to be Democratic Presidential Nominee in 2008,2,0.1,Aug/11/2006 00:34:00
352371,2008DEM.NOM.BLAGOJEVICH,Rod Blagojevich to be Democratic Presidential Nominee in 2008,1,0.1,Aug/11/2006 00:34:00
352371,2008DEM.NOM.BLAGOJEVICH,Rod Blagojevich to be Democratic Presidential Nominee in 2008,2,0.1,Aug/11/2006 00:34:00
352371,2008DEM.NOM.BLAGOJEVICH,Rod Blagojevich to be Democratic Presidential Nominee in 2008,1,0.1,Aug/11/2006 00:34:00
352371,2008DEM.NOM.BLAGOJEVICH,Rod Blagojevich to be Democratic Presidential Nominee in 2008,2,0.1,Aug/11/2006 00:34:00
352371,2008DEM.NOM.BLAGOJEVICH,Rod Blagojevich to be Democratic Presidential Nominee in 2008,2,0.1,Aug/11/2006 00:34:00
352371,2008DEM.NOM.BLAGOJEVICH,Rod Blagojevich to be Democratic Presidential Nominee in 2008,2,0.1,Aug/11/2006 00:34:00
352371,2008DEM.NOM.BLAGOJEVICH,Rod Blagojevich to be Democratic Presidential Nominee in 2008,1,0.1,Aug/11/2006 00:34:00
352371,2008DEM.NOM.BLAGOJEVICH,Rod Blagojevich to be Democratic Presidential Nominee in 2008,2,0.1,Aug/11/2006 00:34:00
352371,2008DEM.NOM.BLAGOJEVICH,Rod Blagojevich to be Democratic Presidential Nominee in 2008,10,0.1,Aug/11/2006 00:34:00
352371,2008DEM.NOM.BLAGOJEVICH,Rod Blagojevich to be Democratic Presidential Nominee in 2008,2,0.1,Aug/21/2006 10:47:54
352371,2008DEM.NOM.BLAGOJEVICH,Rod Blagojevich to be Democratic Presidential Nominee in 2008,1,0.1,Aug/21/2006 10:47:54
352371,2008DEM.NOM.BLAGOJEVICH,Rod Blagojevich to be Democratic Presidential Nominee in 2008,13,0.1,Aug/21/2006 10:47:54
352371,2008DEM.NOM.BLAGOJEVICH,Rod Blagojevich to be Democratic Presidential Nominee in 2008,3,0.1,Aug/21/2006 10:47:54
352371,2008DEM.NOM.BLAGOJEVICH,Rod Blagojevich to be Democratic Presidential Nominee in 2008,12,0.1,Aug/21/2006 10:47:54
352371,2008DEM.NOM.BLAGOJEVICH,Rod Blagojevich to be Democratic Presidential Nominee in 2008,1,0.1,Aug/21/2006 10:47:54
352371,2008DEM.NOM.BLAGOJEVICH,Rod Blagojevich to be Democratic Presidential Nominee in 2008,2,0.1,Aug/21/2006 10:47:54
352371,2008DEM.NOM.BLAGOJEVICH,Rod Blagojevich to be Democratic Presidential Nominee in 2008,18,0.1,Aug/21/2006 10:47:54
352371,2008DEM.NOM.BLAGOJEVICH,Rod Blagojevich to be Democratic Presidential Nominee in 2008,1,0.1,Aug/21/2006 10:47:54
352371,2008DEM.NOM.BLAGOJEVICH,Rod Blagojevich to be Democratic Presidential Nominee in 2008,1,0.1,Aug/21/2006 10:47:54
352371,2008DEM.NOM.BLAGOJEVICH,Rod Blagojevich to be Democratic Presidential Nominee in 2008,1,0.1,Aug/21/2006 10:47:54
352371,2008DEM.NOM.BLAGOJEVICH,Rod Blagojevich to be Democratic Presidential Nominee in 2008,5,0.1,Aug/21/2006 10:47:54
352371,2008DEM.NOM.BLAGOJEVICH,Rod Blagojevich to be Democratic Presidential Nominee in 2008,4,0.1,Aug/21/2006 10:47:54
352371,2008DEM.NOM.BLAGOJEVICH,Rod Blagojevich to be Democratic Presidential Nominee in 2008,1,0.1,Aug/21/2006 10:47:54
352371,2008DEM.NOM.BLAGOJEVICH,Rod Blagojevich to be Democratic Presidential Nominee in 2008,8,0.1,Aug/21/2006 10:47:54
352371,2008DEM.NOM.BLAGOJEVICH,Rod Blagojevich to be Democratic Presidential Nominee in 2008,2,0.1,Aug/21/2006 10:47:54
352371,2008DEM.NOM.BLAGOJEVICH,Rod Blagojevich to be Democratic Presidential Nominee in 2008,3,0.1,Aug/21/2006 10:47:54
352371,2008DEM.NOM.BLAGOJEVICH,Rod Blagojevich to be Democratic Presidential Nominee in 2008,7,0.1,Aug/21/2006 10:47:54
352371,2008DEM.NOM.BLAGOJEVICH,Rod Blagojevich to be Democratic Presidential Nominee in 2008,7,0.1,Aug/21/2006 10:47:54
352371,2008DEM.NOM.BLAGOJEVICH,Rod Blagojevich to be Democratic Presidential Nominee in 2008,6,0.1,Aug/21/2006 10:47:54
352371,2008DEM.NOM.BLAGOJEVICH,Rod Blagojevich to be Democratic Presidential Nominee in 2008,3,0.1,Aug/21/2006 10:47:54
352371,2008DEM.NOM.BLAGOJEVICH,Rod Blagojevich to be Democratic Presidential Nominee in 2008,1,0.1,Aug/21/2006 10:47:54
352371,2008DEM.NOM.BLAGOJEVICH,Rod Blagojevich to be Democratic Presidential Nominee in 2008,2,0.1,Aug/21/2006 10:47:54
352371,2008DEM.NOM.BLAGOJEVICH,Rod Blagojevich to be Democratic Presidential Nominee in 2008,5,0.1,Aug/21/2006 10:47:54
352371,2008DEM.NOM.BLAGOJEVICH,Rod Blagojevich to be Democratic Presidential Nominee in 2008,1,0.1,Aug/21/2006 10:47:54
352371,2008DEM.NOM.BLAGOJEVICH,Rod Blagojevich to be Democratic Presidential Nominee in 2008,1,0.1,Aug/21/2006 10:47:54
352371,2008DEM.NOM.BLAGOJEVICH,Rod Blagojevich to be Democratic Presidential Nominee in 2008,9,0.1,Aug/21/2006 10:47:54
352371,2008DEM.NOM.BLAGOJEVICH,Rod Blagojevich to be Democratic Presidential Nominee in 2008,9,0.1,Aug/21/2006 10:47:54
352371,2008DEM.NOM.BLAGOJEVICH,Rod Blagojevich to be Democratic Presidential Nominee in 2008,44,0.1,Aug/21/2006 10:47:54
352371,2008DEM.NOM.BLAGOJEVICH,Rod Blagojevich to be Democratic Presidential Nominee in 2008,23,0.1,Aug/21/2006 10:47:54
352371,2008DEM.NOM.BLAGOJEVICH,Rod Blagojevich to be Democratic Presidential Nominee in 2008,1,0.1,Aug/21/2006 10:47:54
352371,2008DEM.NOM.BLAGOJEVICH,Rod Blagojevich to be Democratic Presidential Nominee in 2008,38,0.1,Aug/21/2006 10:47:54
352371,2008DEM.NOM.BLAGOJEVICH,Rod Blagojevich to be Democratic Presidential Nominee in 2008,29,0.1,Aug/21/2006 10:47:54
352371,2008DEM.NOM.BLAGOJEVICH,Rod Blagojevich to be Democratic Presidential Nominee in 2008,61,0.1,Aug/21/2006 10:47:54
352371,2008DEM.NOM.BLAGOJEVICH,Rod Blagojevich to be Democratic Presidential Nominee in 2008,36,0.1,Oct/12/2006 21:14:30
352371,2008DEM.NOM.BLAGOJEVICH,Rod Blagojevich to be Democratic Presidential Nominee in 2008,2,0.1,Oct/12/2006 21:14:30
352371,2008DEM.NOM.BLAGOJEVICH,Rod Blagojevich to be Democratic Presidential Nominee in 2008,3,0.1,Oct/12/2006 21:14:30
352371,2008DEM.NOM.BLAGOJEVICH,Rod Blagojevich to be Democratic Presidential Nominee in 2008,1,0.1,Oct/12/2006 21:14:30
352371,2008DEM.NOM.BLAGOJEVICH,Rod Blagojevich to be Democratic Presidential Nominee in 2008,18,0.1,Oct/12/2006 21:14:30
352371,2008DEM.NOM.BLAGOJEVICH,Rod Blagojevich to be Democratic Presidential Nominee in 2008,1,0.1,Oct/12/2006 21:14:30
352371,2008DEM.NOM.BLAGOJEVICH,Rod Blagojevich to be Democratic Presidential Nominee in 2008,1,0.1,Oct/12/2006 21:14:30
352371,2008DEM.NOM.BLAGOJEVICH,Rod Blagojevich to be Democratic Presidential Nominee in 2008,2,0.1,Oct/12/2006 21:14:30
352371,2008DEM.NOM.BLAGOJEVICH,Rod Blagojevich to be Democratic Presidential Nominee in 2008,3,0.1,Oct/12/2006 21:14:30
352371,2008DEM.NOM.BLAGOJEVICH,Rod Blagojevich to be Democratic Presidential Nominee in 2008,15,0.1,Oct/12/2006 21:14:30
352371,2008DEM.NOM.BLAGOJEVICH,Rod Blagojevich to be Democratic Presidential Nominee in 2008,7,0.1,Oct/12/2006 21:14:30
352371,2008DEM.NOM.BLAGOJEVICH,Rod Blagojevich to be Democratic Presidential Nominee in 2008,11,0.1,Oct/12/2006 21:14:30
352371,2008DEM.NOM.BLAGOJEVICH,Rod Blagojevich to be Democratic Presidential Nominee in 2008,5,0.1,Oct/22/2006 18:29:52
352371,2008DEM.NOM.BLAGOJEVICH,Rod Blagojevich to be Democratic Presidential Nominee in 2008,6,0.1,Oct/22/2006 18:29:52
352371,2008DEM.NOM.BLAGOJEVICH,Rod Blagojevich to be Democratic Presidential Nominee in 2008,10,0.1,Oct/22/2006 18:29:52
352371,2008DEM.NOM.BLAGOJEVICH,Rod Blagojevich to be Democratic Presidential Nominee in 2008,28,0.1,Oct/22/2006 18:29:52
352371,2008DEM.NOM.BLAGOJEVICH,Rod Blagojevich to be Democratic Presidential Nominee in 2008,4,0.1,Oct/22/2006 18:29:52
352371,2008DEM.NOM.BLAGOJEVICH,Rod Blagojevich to be Democratic Presidential Nominee in 2008,4,0.1,Oct/22/2006 18:29:52
352371,2008DEM.NOM.BLAGOJEVICH,Rod Blagojevich to be Democratic Presidential Nominee in 2008,6,0.1,Oct/22/2006 18:29:52
352371,2008DEM.NOM.BLAGOJEVICH,Rod Blagojevich to be Democratic Presidential Nominee in 2008,1,0.1,Oct/22/2006 18:29:52
352371,2008DEM.NOM.BLAGOJEVICH,Rod Blagojevich to be Democratic Presidential Nominee in 2008,2,0.1,Oct/22/2006 18:29:52
352371,2008DEM.NOM.BLAGOJEVICH,Rod Blagojevich to be Democratic Presidential Nominee in 2008,1,0.1,Oct/22/2006 18:29:52
352371,2008DEM.NOM.BLAGOJEVICH,Rod Blagojevich to be Democratic Presidential Nominee in 2008,9,0.1,Oct/22/2006 18:29:52
352371,2008DEM.NOM.BLAGOJEVICH,Rod Blagojevich to be Democratic Presidential Nominee in 2008,3,0.1,Oct/22/2006 18:29:52
352371,2008DEM.NOM.BLAGOJEVICH,Rod Blagojevich to be Democratic Presidential Nominee in 2008,10,0.1,Oct/22/2006 18:29:52
352371,2008DEM.NOM.BLAGOJEVICH,Rod Blagojevich to be Democratic Presidential Nominee in 2008,3,0.1,Oct/22/2006 18:29:52
352371,2008DEM.NOM.BLAGOJEVICH,Rod Blagojevich to be Democratic Presidential Nominee in 2008,3,0.1,Oct/22/2006 18:29:52
352371,2008DEM.NOM.BLAGOJEVICH,Rod Blagojevich to be Democratic Presidential Nominee in 2008,5,0.1,Oct/22/2006 18:29:52
352371,2008DEM.NOM.BLAGOJEVICH,Rod Blagojevich to be Democratic Presidential Nominee in 2008,32,0.1,Oct/23/2006 14:16:50
352371,2008DEM.NOM.BLAGOJEVICH,Rod Blagojevich to be Democratic Presidential Nominee in 2008,9,0.1,Oct/23/2006 14:16:50
352371,2008DEM.NOM.BLAGOJEVICH,Rod Blagojevich to be Democratic Presidential Nominee in 2008,9,0.1,Oct/23/2006 14:16:50
352371,2008DEM.NOM.BLAGOJEVICH,Rod Blagojevich to be Democratic Presidential Nominee in 2008,2,0.1,Oct/23/2006 14:16:50
352371,2008DEM.NOM.BLAGOJEVICH,Rod Blagojevich to be Democratic Presidential Nominee in 2008,26,0.1,Oct/23/2006 14:16:50
352371,2008DEM.NOM.BLAGOJEVICH,Rod Blagojevich to be Democratic Presidential Nominee in 2008,22,0.1,Oct/23/2006 14:16:50
352371,2008DEM.NOM.BLAGOJEVICH,Rod Blagojevich to be Democratic Presidential Nominee in 2008,3,0.1,Nov/09/2006 01:56:23
352371,2008DEM.NOM.BLAGOJEVICH,Rod Blagojevich to be Democratic Presidential Nominee in 2008,2,0.1,Nov/09/2006 01:56:23
352371,2008DEM.NOM.BLAGOJEVICH,Rod Blagojevich to be Democratic Presidential Nominee in 2008,8,0.1,Nov/09/2006 01:56:23
352371,2008DEM.NOM.BLAGOJEVICH,Rod Blagojevich to be Democratic Presidential Nominee in 2008,6,0.1,Nov/09/2006 01:56:23
352371,2008DEM.NOM.BLAGOJEVICH,Rod Blagojevich to be Democratic Presidential Nominee in 2008,19,0.1,Nov/09/2006 01:56:23
352371,2008DEM.NOM.BLAGOJEVICH,Rod Blagojevich to be Democratic Presidential Nominee in 2008,7,0.1,Nov/09/2006 01:56:23
352371,2008DEM.NOM.BLAGOJEVICH,Rod Blagojevich to be Democratic Presidential Nominee in 2008,2,0.1,Nov/09/2006 01:56:23
352371,2008DEM.NOM.BLAGOJEVICH,Rod Blagojevich to be Democratic Presidential Nominee in 2008,15,0.1,Nov/09/2006 01:56:23
352371,2008DEM.NOM.BLAGOJEVICH,Rod Blagojevich to be Democratic Presidential Nominee in 2008,1,0.1,Nov/09/2006 01:56:23
352371,2008DEM.NOM.BLAGOJEVICH,Rod Blagojevich to be Democratic Presidential Nominee in 2008,10,0.1,Nov/09/2006 01:56:23
352371,2008DEM.NOM.BLAGOJEVICH,Rod Blagojevich to be Democratic Presidential Nominee in 2008,1,0.1,Nov/09/2006 01:56:23
352371,2008DEM.NOM.BLAGOJEVICH,Rod Blagojevich to be Democratic Presidential Nominee in 2008,1,0.1,Nov/09/2006 01:56:23
352371,2008DEM.NOM.BLAGOJEVICH,Rod Blagojevich to be Democratic Presidential Nominee in 2008,10,0.1,Nov/09/2006 01:56:23
352371,2008DEM.NOM.BLAGOJEVICH,Rod Blagojevich to be Democratic Presidential Nominee in 2008,2,0.1,Nov/09/2006 01:56:23
352371,2008DEM.NOM.BLAGOJEVICH,Rod Blagojevich to be Democratic Presidential Nominee in 2008,1,0.1,Nov/09/2006 01:56:23
352371,2008DEM.NOM.BLAGOJEVICH,Rod Blagojevich to be Democratic Presidential Nominee in 2008,1,0.1,Nov/09/2006 01:56:23
352371,2008DEM.NOM.BLAGOJEVICH,Rod Blagojevich to be Democratic Presidential Nominee in 2008,2,0.1,Nov/09/2006 01:56:23
352371,2008DEM.NOM.BLAGOJEVICH,Rod Blagojevich to be Democratic Presidential Nominee in 2008,10,0.1,Nov/09/2006 01:56:23
352371,2008DEM.NOM.BLAGOJEVICH,Rod Blagojevich to be Democratic Presidential Nominee in 2008,13,0.1,Nov/09/2006 01:56:23
352371,2008DEM.NOM.BLAGOJEVICH,Rod Blagojevich to be Democratic Presidential Nominee in 2008,3,0.1,Nov/09/2006 01:56:23
352371,2008DEM.NOM.BLAGOJEVICH,Rod Blagojevich to be Democratic Presidential Nominee in 2008,2,0.1,Nov/09/2006 01:56:23
352371,2008DEM.NOM.BLAGOJEVICH,Rod Blagojevich to be Democratic Presidential Nominee in 2008,3,0.1,Nov/09/2006 01:56:23
352371,2008DEM.NOM.BLAGOJEVICH,Rod Blagojevich to be Democratic Presidential Nominee in 2008,5,0.1,Nov/09/2006 01:56:23
352371,2008DEM.NOM.BLAGOJEVICH,Rod Blagojevich to be Democratic Presidential Nominee in 2008,2,0.1,Nov/09/2006 01:56:23
352371,2008DEM.NOM.BLAGOJEVICH,Rod Blagojevich to be Democratic Presidential Nominee in 2008,1,0.1,Nov/09/2006 01:56:23
352371,2008DEM.NOM.BLAGOJEVICH,Rod Blagojevich to be Democratic Presidential Nominee in 2008,4,0.1,Nov/09/2006 01:56:23
352371,2008DEM.NOM.BLAGOJEVICH,Rod Blagojevich to be Democratic Presidential Nominee in 2008,40,0.1,Nov/09/2006 01:56:23
352371,2008DEM.NOM.BLAGOJEVICH,Rod Blagojevich to be Democratic Presidential Nominee in 2008,8,0.1,Nov/09/2006 01:56:23
352371,2008DEM.NOM.BLAGOJEVICH,Rod Blagojevich to be Democratic Presidential Nominee in 2008,2,0.1,Nov/09/2006 01:56:23
352371,2008DEM.NOM.BLAGOJEVICH,Rod Blagojevich to be Democratic Presidential Nominee in 2008,2,0.1,Nov/09/2006 01:56:23
352371,2008DEM.NOM.BLAGOJEVICH,Rod Blagojevich to be Democratic Presidential Nominee in 2008,2,0.1,Nov/09/2006 01:56:23
352371,2008DEM.NOM.BLAGOJEVICH,Rod Blagojevich to be Democratic Presidential Nominee in 2008,2,0.1,Nov/09/2006 01:56:23
352371,2008DEM.NOM.BLAGOJEVICH,Rod Blagojevich to be Democratic Presidential Nominee in 2008,1,0.1,Nov/09/2006 01:56:23
352371,2008DEM.NOM.BLAGOJEVICH,Rod Blagojevich to be Democratic Presidential Nominee in 2008,1,0.1,Nov/09/2006 01:56:23
352371,2008DEM.NOM.BLAGOJEVICH,Rod Blagojevich to be Democratic Presidential Nominee in 2008,4,0.1,Nov/09/2006 01:56:23
352371,2008DEM.NOM.BLAGOJEVICH,Rod Blagojevich to be Democratic Presidential Nominee in 2008,2,0.1,Nov/09/2006 01:56:23
352371,2008DEM.NOM.BLAGOJEVICH,Rod Blagojevich to be Democratic Presidential Nominee in 2008,4,0.1,Nov/09/2006 01:56:23
352371,2008DEM.NOM.BLAGOJEVICH,Rod Blagojevich to be Democratic Presidential Nominee in 2008,8,0.1,Nov/09/2006 01:56:23
352371,2008DEM.NOM.BLAGOJEVICH,Rod Blagojevich to be Democratic Presidential Nominee in 2008,2,0.1,Nov/09/2006 01:56:23
352371,2008DEM.NOM.BLAGOJEVICH,Rod Blagojevich to be Democratic Presidential Nominee in 2008,1,0.1,Nov/09/2006 01:56:23
352371,2008DEM.NOM.BLAGOJEVICH,Rod Blagojevich to be Democratic Presidential Nominee in 2008,3,0.1,Nov/09/2006 01:56:23
352371,2008DEM.NOM.BLAGOJEVICH,Rod Blagojevich to be Democratic Presidential Nominee in 2008,1,0.1,Nov/09/2006 01:56:23
352371,2008DEM.NOM.BLAGOJEVICH,Rod Blagojevich to be Democratic Presidential Nominee in 2008,3,0.1,Nov/09/2006 01:56:23
352371,2008DEM.NOM.BLAGOJEVICH,Rod Blagojevich to be Democratic Presidential Nominee in 2008,1,0.1,Nov/09/2006 01:56:23
352371,2008DEM.NOM.BLAGOJEVICH,Rod Blagojevich to be Democratic Presidential Nominee in 2008,10,0.1,Nov/09/2006 01:56:23
352371,2008DEM.NOM.BLAGOJEVICH,Rod Blagojevich to be Democratic Presidential Nominee in 2008,10,0.1,Nov/09/2006 01:56:23
352371,2008DEM.NOM.BLAGOJEVICH,Rod Blagojevich to be Democratic Presidential Nominee in 2008,10,0.1,Nov/09/2006 01:56:23
352371,2008DEM.NOM.BLAGOJEVICH,Rod Blagojevich to be Democratic Presidential Nominee in 2008,2,0.1,Nov/09/2006 01:56:23
352371,2008DEM.NOM.BLAGOJEVICH,Rod Blagojevich to be Democratic Presidential Nominee in 2008,2,0.1,Nov/09/2006 01:56:23
352371,2008DEM.NOM.BLAGOJEVICH,Rod Blagojevich to be Democratic Presidential Nominee in 2008,1,0.1,Nov/09/2006 01:56:23
352371,2008DEM.NOM.BLAGOJEVICH,Rod Blagojevich to be Democratic Presidential Nominee in 2008,16,0.1,Nov/09/2006 01:56:23
352371,2008DEM.NOM.BLAGOJEVICH,Rod Blagojevich to be Democratic Presidential Nominee in 2008,1,0.1,Nov/09/2006 01:56:23
352371,2008DEM.NOM.BLAGOJEVICH,Rod Blagojevich to be Democratic Presidential Nominee in 2008,3,0.1,Nov/09/2006 01:56:23
352371,2008DEM.NOM.BLAGOJEVICH,Rod Blagojevich to be Democratic Presidential Nominee in 2008,18,0.1,Nov/09/2006 01:56:23
352371,2008DEM.NOM.BLAGOJEVICH,Rod Blagojevich to be Democratic Presidential Nominee in 2008,1,0.1,Nov/09/2006 01:56:23
352371,2008DEM.NOM.BLAGOJEVICH,Rod Blagojevich to be Democratic Presidential Nominee in 2008,1,0.1,Nov/09/2006 01:56:23
352371,2008DEM.NOM.BLAGOJEVICH,Rod Blagojevich to be Democratic Presidential Nominee in 2008,124,0.1,Nov/09/2006 01:56:23
352371,2008DEM.NOM.BLAGOJEVICH,Rod Blagojevich to be Democratic Presidential Nominee in 2008,26,0.1,Nov/09/2006 01:56:23
352371,2008DEM.NOM.BLAGOJEVICH,Rod Blagojevich to be Democratic Presidential Nominee in 2008,1,0.1,Nov/09/2006 01:56:23
352371,2008DEM.NOM.BLAGOJEVICH,Rod Blagojevich to be Democratic Presidential Nominee in 2008,1,0.1,Nov/09/2006 01:56:23
352371,2008DEM.NOM.BLAGOJEVICH,Rod Blagojevich to be Democratic Presidential Nominee in 2008,8,0.1,Nov/09/2006 01:56:23
352371,2008DEM.NOM.BLAGOJEVICH,Rod Blagojevich to be Democratic Presidential Nominee in 2008,2,0.1,Nov/09/2006 01:56:23
352371,2008DEM.NOM.BLAGOJEVICH,Rod Blagojevich to be Democratic Presidential Nominee in 2008,1,0.1,Nov/09/2006 01:56:23
352371,2008DEM.NOM.BLAGOJEVICH,Rod Blagojevich to be Democratic Presidential Nominee in 2008,5,0.1,Nov/09/2006 01:56:23
352371,2008DEM.NOM.BLAGOJEVICH,Rod Blagojevich to be Democratic Presidential Nominee in 2008,23,0.1,Nov/09/2006 01:56:23
352371,2008DEM.NOM.BLAGOJEVICH,Rod Blagojevich to be Democratic Presidential Nominee in 2008,2,0.1,Nov/09/2006 01:56:23
352371,2008DEM.NOM.BLAGOJEVICH,Rod Blagojevich to be Democratic Presidential Nominee in 2008,2,0.1,Nov/09/2006 01:56:23
352371,2008DEM.NOM.BLAGOJEVICH,Rod Blagojevich to be Democratic Presidential Nominee in 2008,1,0.1,Nov/09/2006 01:56:23
352371,2008DEM.NOM.BLAGOJEVICH,Rod Blagojevich to be Democratic Presidential Nominee in 2008,3,0.1,Nov/09/2006 01:56:23
352371,2008DEM.NOM.BLAGOJEVICH,Rod Blagojevich to be Democratic Presidential Nominee in 2008,3,0.1,Nov/09/2006 01:56:23
352371,2008DEM.NOM.BLAGOJEVICH,Rod Blagojevich to be Democratic Presidential Nominee in 2008,3,0.1,Nov/09/2006 01:56:23
352371,2008DEM.NOM.BLAGOJEVICH,Rod Blagojevich to be Democratic Presidential Nominee in 2008,3,0.1,Nov/09/2006 01:56:23
352371,2008DEM.NOM.BLAGOJEVICH,Rod Blagojevich to be Democratic Presidential Nominee in 2008,2,0.1,Nov/09/2006 01:56:23
352371,2008DEM.NOM.BLAGOJEVICH,Rod Blagojevich to be Democratic Presidential Nominee in 2008,1,0.1,Nov/09/2006 01:56:23
352371,2008DEM.NOM.BLAGOJEVICH,Rod Blagojevich to be Democratic Presidential Nominee in 2008,10,0.1,Nov/09/2006 19:57:21
352371,2008DEM.NOM.BLAGOJEVICH,Rod Blagojevich to be Democratic Presidential Nominee in 2008,100,0.1,Mar/01/2007 09:43:49
352371,2008DEM.NOM.BLAGOJEVICH,Rod Blagojevich to be Democratic Presidential Nominee in 2008,50,0.1,Mar/01/2007 09:47:33
352371,2008DEM.NOM.BLAGOJEVICH,Rod Blagojevich to be Democratic Presidential Nominee in 2008,325,0.1,Mar/01/2007 10:08:46
352371,2008DEM.NOM.BLAGOJEVICH,Rod Blagojevich to be Democratic Presidential Nominee in 2008,100,0.1,Mar/01/2007 10:09:40
352371,2008DEM.NOM.BLAGOJEVICH,Rod Blagojevich to be Democratic Presidential Nominee in 2008,20,0.1,Mar/01/2007 10:09:52
352371,2008DEM.NOM.BLAGOJEVICH,Rod Blagojevich to be Democratic Presidential Nominee in 2008,49,0.1,Mar/01/2007 10:10:51
352371,2008DEM.NOM.BLAGOJEVICH,Rod Blagojevich to be Democratic Presidential Nominee in 2008,507,0.1,Mar/01/2007 10:17:31
352371,2008DEM.NOM.BLAGOJEVICH,Rod Blagojevich to be Democratic Presidential Nominee in 2008,270,0.1,Mar/01/2007 10:19:31
352371,2008DEM.NOM.BLAGOJEVICH,Rod Blagojevich to be Democratic Presidential Nominee in 2008,1472,0.1,Mar/01/2007 10:23:10
352371,2008DEM.NOM.BLAGOJEVICH,Rod Blagojevich to be Democratic Presidential Nominee in 2008,20,0.1,Oct/17/2007 13:21:02
352371,2008DEM.NOM.BLAGOJEVICH,Rod Blagojevich to be Democratic Presidential Nominee in 2008,10,0.1,Oct/17/2007 13:23:58
352371,2008DEM.NOM.BLAGOJEVICH,Rod Blagojevich to be Democratic Presidential Nominee in 2008,70,0.1,Oct/17/2007 13:24:49
352371,2008DEM.NOM.BLAGOJEVICH,Rod Blagojevich to be Democratic Presidential Nominee in 2008,2,0.1,Oct/17/2007 16:04:25
352371,2008DEM.NOM.BLAGOJEVICH,Rod Blagojevich to be Democratic Presidential Nominee in 2008,8,0.1,Oct/19/2007 05:52:28
352371,2008DEM.NOM.BLAGOJEVICH,Rod Blagojevich to be Democratic Presidential Nominee in 2008,15,0.1,Oct/19/2007 05:52:28
352371,2008DEM.NOM.BLAGOJEVICH,Rod Blagojevich to be Democratic Presidential Nominee in 2008,3,0.1,Oct/25/2007 12:54:21
352371,2008DEM.NOM.BLAGOJEVICH,Rod Blagojevich to be Democratic Presidential Nominee in 2008,2,0.1,Oct/25/2007 12:55:03
352371,2008DEM.NOM.BLAGOJEVICH,Rod Blagojevich to be Democratic Presidential Nominee in 2008,6,0.1,Oct/25/2007 12:55:12
352371,2008DEM.NOM.BLAGOJEVICH,Rod Blagojevich to be Democratic Presidential Nominee in 2008,2,0.1,Oct/25/2007 12:55:26
352371,2008DEM.NOM.BLAGOJEVICH,Rod Blagojevich to be Democratic Presidential Nominee in 2008,3,0.1,Oct/25/2007 12:55:39
352371,2008DEM.NOM.BLAGOJEVICH,Rod Blagojevich to be Democratic Presidential Nominee in 2008,30,0.1,Oct/25/2007 12:55:57
352371,2008DEM.NOM.BLAGOJEVICH,Rod Blagojevich to be Democratic Presidential Nominee in 2008,6,0.1,Oct/25/2007 12:57:04
352371,2008DEM.NOM.BLAGOJEVICH,Rod Blagojevich to be Democratic Presidential Nominee in 2008,43,0.1,Oct/25/2007 12:57:26
352371,2008DEM.NOM.BLAGOJEVICH,Rod Blagojevich to be Democratic Presidential Nominee in 2008,10,0.1,Oct/25/2007 12:57:26
352371,2008DEM.NOM.BLAGOJEVICH,Rod Blagojevich to be Democratic Presidential Nominee in 2008,21,0.1,Oct/25/2007 13:00:53
352371,2008DEM.NOM.BLAGOJEVICH,Rod Blagojevich to be Democratic Presidential Nominee in 2008,29,0.1,Oct/25/2007 13:01:08
352371,2008DEM.NOM.BLAGOJEVICH,Rod Blagojevich to be Democratic Presidential Nominee in 2008,10,0.1,Oct/25/2007 13:01:08
352371,2008DEM.NOM.BLAGOJEVICH,Rod Blagojevich to be Democratic Presidential Nominee in 2008,2,0.1,Oct/25/2007 13:01:08
352371,2008DEM.NOM.BLAGOJEVICH,Rod Blagojevich to be Democratic Presidential Nominee in 2008,19,0.1,Oct/25/2007 13:01:08
352371,2008DEM.NOM.BLAGOJEVICH,Rod Blagojevich to be Democratic Presidential Nominee in 2008,49,0.1,Oct/25/2007 13:01:27
352371,2008DEM.NOM.BLAGOJEVICH,Rod Blagojevich to be Democratic Presidential Nominee in 2008,5,0.1,Oct/25/2007 13:01:27
352371,2008DEM.NOM.BLAGOJEVICH,Rod Blagojevich to be Democratic Presidential Nominee in 2008,6,0.1,Oct/25/2007 13:01:27
352371,2008DEM.NOM.BLAGOJEVICH,Rod Blagojevich to be Democratic Presidential Nominee in 2008,34,0.1,Oct/25/2007 13:02:01
352371,2008DEM.NOM.BLAGOJEVICH,Rod Blagojevich to be Democratic Presidential Nominee in 2008,1,0.1,Oct/25/2007 13:02:12
352371,2008DEM.NOM.BLAGOJEVICH,Rod Blagojevich to be Democratic Presidential Nominee in 2008,83,0.1,Oct/25/2007 13:02:27
352371,2008DEM.NOM.BLAGOJEVICH,Rod Blagojevich to be Democratic Presidential Nominee in 2008,1,0.1,Oct/25/2007 13:02:27
352371,2008DEM.NOM.BLAGOJEVICH,Rod Blagojevich to be Democratic Presidential Nominee in 2008,11,0.1,Oct/25/2007 13:02:27
352371,2008DEM.NOM.BLAGOJEVICH,Rod Blagojevich to be Democratic Presidential Nominee in 2008,61,0.1,Oct/25/2007 13:02:27
352371,2008DEM.NOM.BLAGOJEVICH,Rod Blagojevich to be Democratic Presidential Nominee in 2008,1,0.1,Oct/25/2007 13:02:27
352371,2008DEM.NOM.BLAGOJEVICH,Rod Blagojevich to be Democratic Presidential Nominee in 2008,25,0.1,Oct/25/2007 13:02:27
352371,2008DEM.NOM.BLAGOJEVICH,Rod Blagojevich to be Democratic Presidential Nominee in 2008,3,0.1,Oct/25/2007 13:02:55
352371,2008DEM.NOM.BLAGOJEVICH,Rod Blagojevich to be Democratic Presidential Nominee in 2008,5,0.1,Oct/25/2007 13:03:04
352371,2008DEM.NOM.BLAGOJEVICH,Rod Blagojevich to be Democratic Presidential Nominee in 2008,4,0.1,Oct/25/2007 13:03:15
352371,2008DEM.NOM.BLAGOJEVICH,Rod Blagojevich to be Democratic Presidential Nominee in 2008,2,0.1,Oct/26/2007 15:55:43
352371,2008DEM.NOM.BLAGOJEVICH,Rod Blagojevich to be Democratic Presidential Nominee in 2008,8,0.1,Oct/26/2007 15:58:26
352371,2008DEM.NOM.BLAGOJEVICH,Rod Blagojevich to be Democratic Presidential Nominee in 2008,2,0.1,Oct/26/2007 19:02:27
352371,2008DEM.NOM.BLAGOJEVICH,Rod Blagojevich to be Democratic Presidential Nominee in 2008,2,0.1,Oct/26/2007 19:12:24
352371,2008DEM.NOM.BLAGOJEVICH,Rod Blagojevich to be Democratic Presidential Nominee in 2008,2,0.1,Oct/27/2007 11:22:46
352371,2008DEM.NOM.BLAGOJEVICH,Rod Blagojevich to be Democratic Presidential Nominee in 2008,2,0.1,Oct/27/2007 11:29:38
352371,2008DEM.NOM.BLAGOJEVICH,Rod Blagojevich to be Democratic Presidential Nominee in 2008,6,0.1,Oct/27/2007 11:31:29
352371,2008DEM.NOM.BLAGOJEVICH,Rod Blagojevich to be Democratic Presidential Nominee in 2008,27,0.1,Oct/27/2007 11:31:44
352371,2008DEM.NOM.BLAGOJEVICH,Rod Blagojevich to be Democratic Presidential Nominee in 2008,5,0.1,Oct/27/2007 11:32:15
352371,2008DEM.NOM.BLAGOJEVICH,Rod Blagojevich to be Democratic Presidential Nominee in 2008,8,0.1,Oct/27/2007 11:33:03
352371,2008DEM.NOM.BLAGOJEVICH,Rod Blagojevich to be Democratic Presidential Nominee in 2008,12,0.1,Oct/27/2007 11:34:25
352371,2008DEM.NOM.BLAGOJEVICH,Rod Blagojevich to be Democratic Presidential Nominee in 2008,2,0.1,Oct/27/2007 22:01:20
352371,2008DEM.NOM.BLAGOJEVICH,Rod Blagojevich to be Democratic Presidential Nominee in 2008,9,0.1,Oct/27/2007 22:02:23
352371,2008DEM.NOM.BLAGOJEVICH,Rod Blagojevich to be Democratic Presidential Nominee in 2008,26,0.1,Oct/27/2007 22:02:38
352371,2008DEM.NOM.BLAGOJEVICH,Rod Blagojevich to be Democratic Presidential Nominee in 2008,13,0.1,Oct/27/2007 22:02:54
352371,2008DEM.NOM.BLAGOJEVICH,Rod Blagojevich to be Democratic Presidential Nominee in 2008,15,0.1,Oct/27/2007 22:17:01
352371,2008DEM.NOM.BLAGOJEVICH,Rod Blagojevich to be Democratic Presidential Nominee in 2008,9,0.1,Oct/28/2007 17:27:05
352371,2008DEM.NOM.BLAGOJEVICH,Rod Blagojevich to be Democratic Presidential Nominee in 2008,5,0.1,Oct/28/2007 17:27:40
352371,2008DEM.NOM.BLAGOJEVICH,Rod Blagojevich to be Democratic Presidential Nominee in 2008,10,0.1,Oct/28/2007 22:04:42
352371,2008DEM.NOM.BLAGOJEVICH,Rod Blagojevich to be Democratic Presidential Nominee in 2008,13,0.1,Oct/28/2007 22:05:02
352371,2008DEM.NOM.BLAGOJEVICH,Rod Blagojevich to be Democratic Presidential Nominee in 2008,1,0.1,Oct/29/2007 07:51:28
352371,2008DEM.NOM.BLAGOJEVICH,Rod Blagojevich to be Democratic Presidential Nominee in 2008,9,0.1,Oct/29/2007 07:51:42
352371,2008DEM.NOM.BLAGOJEVICH,Rod Blagojevich to be Democratic Presidential Nominee in 2008,12,0.1,Oct/29/2007 07:52:09
352371,2008DEM.NOM.BLAGOJEVICH,Rod Blagojevich to be Democratic Presidential Nominee in 2008,4,0.1,Oct/29/2007 07:52:25
352371,2008DEM.NOM.BLAGOJEVICH,Rod Blagojevich to be Democratic Presidential Nominee in 2008,50,0.1,Oct/29/2007 07:55:58
352371,2008DEM.NOM.BLAGOJEVICH,Rod Blagojevich to be Democratic Presidential Nominee in 2008,9,0.1,Oct/30/2007 14:27:53
352371,2008DEM.NOM.BLAGOJEVICH,Rod Blagojevich to be Democratic Presidential Nominee in 2008,1,0.1,Nov/02/2007 20:23:21
352371,2008DEM.NOM.BLAGOJEVICH,Rod Blagojevich to be Democratic Presidential Nominee in 2008,1,0.1,Nov/02/2007 20:23:41
352371,2008DEM.NOM.BLAGOJEVICH,Rod Blagojevich to be Democratic Presidential Nominee in 2008,3,0.1,Nov/02/2007 20:24:02
352371,2008DEM.NOM.BLAGOJEVICH,Rod Blagojevich to be Democratic Presidential Nominee in 2008,11,0.1,Nov/03/2007 13:51:07
352371,2008DEM.NOM.BLAGOJEVICH,Rod Blagojevich to be Democratic Presidential Nominee in 2008,4,0.1,Nov/07/2007 06:45:47
352371,2008DEM.NOM.BLAGOJEVICH,Rod Blagojevich to be Democratic Presidential Nominee in 2008,4,0.1,Nov/11/2007 16:34:31
352371,2008DEM.NOM.BLAGOJEVICH,Rod Blagojevich to be Democratic Presidential Nominee in 2008,1,0.1,Nov/12/2007 18:14:17
352371,2008DEM.NOM.BLAGOJEVICH,Rod Blagojevich to be Democratic Presidential Nominee in 2008,4,0.1,Nov/12/2007 18:16:00
352371,2008DEM.NOM.BLAGOJEVICH,Rod Blagojevich to be Democratic Presidential Nominee in 2008,7,0.1,Nov/12/2007 18:16:56
352371,2008DEM.NOM.BLAGOJEVICH,Rod Blagojevich to be Democratic Presidential Nominee in 2008,12,0.1,Nov/12/2007 18:17:18
352371,2008DEM.NOM.BLAGOJEVICH,Rod Blagojevich to be Democratic Presidential Nominee in 2008,1,0.1,Nov/12/2007 18:17:31
352371,2008DEM.NOM.BLAGOJEVICH,Rod Blagojevich to be Democratic Presidential Nominee in 2008,1,0.1,Nov/12/2007 18:17:46
352371,2008DEM.NOM.BLAGOJEVICH,Rod Blagojevich to be Democratic Presidential Nominee in 2008,84,0.1,Nov/12/2007 18:18:01
352371,2008DEM.NOM.BLAGOJEVICH,Rod Blagojevich to be Democratic Presidential Nominee in 2008,20,0.1,Nov/12/2007 19:59:51
352371,2008DEM.NOM.BLAGOJEVICH,Rod Blagojevich to be Democratic Presidential Nominee in 2008,2,0.1,Nov/12/2007 20:15:21
352371,2008DEM.NOM.BLAGOJEVICH,Rod Blagojevich to be Democratic Presidential Nominee in 2008,18,0.1,Nov/12/2007 20:15:53
352371,2008DEM.NOM.BLAGOJEVICH,Rod Blagojevich to be Democratic Presidential Nominee in 2008,5,0.1,Nov/12/2007 20:16:13
352371,2008DEM.NOM.BLAGOJEVICH,Rod Blagojevich to be Democratic Presidential Nominee in 2008,53,0.1,Nov/12/2007 20:16:27
