market id,market symbol,market name,trade quantity,trade price,date/time [utc]
695705,AFGHAN.10K+TROOPS.DEC09,Announced before midnight ET on 31 Dec 2009 that 10,000+ additional troops to be sent to Afghanistan,5,60.0,Sep/22/2009 13:50:43
695705,AFGHAN.10K+TROOPS.DEC09,Announced before midnight ET on 31 Dec 2009 that 10,000+ additional troops to be sent to Afghanistan,100,55.0,Sep/23/2009 12:35:47
695705,AFGHAN.10K+TROOPS.DEC09,Announced before midnight ET on 31 Dec 2009 that 10,000+ additional troops to be sent to Afghanistan,100,55.0,Sep/23/2009 12:36:03
695705,AFGHAN.10K+TROOPS.DEC09,Announced before midnight ET on 31 Dec 2009 that 10,000+ additional troops to be sent to Afghanistan,1,55.0,Sep/26/2009 20:50:28
695705,AFGHAN.10K+TROOPS.DEC09,Announced before midnight ET on 31 Dec 2009 that 10,000+ additional troops to be sent to Afghanistan,17,62.0,Sep/27/2009 21:27:40
695705,AFGHAN.10K+TROOPS.DEC09,Announced before midnight ET on 31 Dec 2009 that 10,000+ additional troops to be sent to Afghanistan,5,60.0,Sep/27/2009 21:27:40
695705,AFGHAN.10K+TROOPS.DEC09,Announced before midnight ET on 31 Dec 2009 that 10,000+ additional troops to be sent to Afghanistan,3,62.0,Sep/27/2009 21:31:02
695705,AFGHAN.10K+TROOPS.DEC09,Announced before midnight ET on 31 Dec 2009 that 10,000+ additional troops to be sent to Afghanistan,4,65.0,Sep/27/2009 21:40:45
695705,AFGHAN.10K+TROOPS.DEC09,Announced before midnight ET on 31 Dec 2009 that 10,000+ additional troops to be sent to Afghanistan,1,65.0,Sep/28/2009 02:06:40
695705,AFGHAN.10K+TROOPS.DEC09,Announced before midnight ET on 31 Dec 2009 that 10,000+ additional troops to be sent to Afghanistan,4,65.0,Sep/28/2009 13:55:06
695705,AFGHAN.10K+TROOPS.DEC09,Announced before midnight ET on 31 Dec 2009 that 10,000+ additional troops to be sent to Afghanistan,16,65.0,Sep/28/2009 18:11:40
695705,AFGHAN.10K+TROOPS.DEC09,Announced before midnight ET on 31 Dec 2009 that 10,000+ additional troops to be sent to Afghanistan,5,67.5,Sep/28/2009 18:21:14
695705,AFGHAN.10K+TROOPS.DEC09,Announced before midnight ET on 31 Dec 2009 that 10,000+ additional troops to be sent to Afghanistan,10,70.5,Sep/28/2009 19:39:28
695705,AFGHAN.10K+TROOPS.DEC09,Announced before midnight ET on 31 Dec 2009 that 10,000+ additional troops to be sent to Afghanistan,5,71.0,Sep/28/2009 19:39:28
695705,AFGHAN.10K+TROOPS.DEC09,Announced before midnight ET on 31 Dec 2009 that 10,000+ additional troops to be sent to Afghanistan,20,72.0,Sep/28/2009 19:39:28
695705,AFGHAN.10K+TROOPS.DEC09,Announced before midnight ET on 31 Dec 2009 that 10,000+ additional troops to be sent to Afghanistan,1,69.9,Sep/28/2009 19:39:28
695705,AFGHAN.10K+TROOPS.DEC09,Announced before midnight ET on 31 Dec 2009 that 10,000+ additional troops to be sent to Afghanistan,1,79.9,Sep/30/2009 13:21:34
695705,AFGHAN.10K+TROOPS.DEC09,Announced before midnight ET on 31 Dec 2009 that 10,000+ additional troops to be sent to Afghanistan,4,79.0,Oct/01/2009 11:45:02
695705,AFGHAN.10K+TROOPS.DEC09,Announced before midnight ET on 31 Dec 2009 that 10,000+ additional troops to be sent to Afghanistan,1,76.2,Oct/02/2009 18:58:39
695705,AFGHAN.10K+TROOPS.DEC09,Announced before midnight ET on 31 Dec 2009 that 10,000+ additional troops to be sent to Afghanistan,1,76.2,Oct/02/2009 18:58:39
695705,AFGHAN.10K+TROOPS.DEC09,Announced before midnight ET on 31 Dec 2009 that 10,000+ additional troops to be sent to Afghanistan,5,76.1,Oct/02/2009 18:58:39
695705,AFGHAN.10K+TROOPS.DEC09,Announced before midnight ET on 31 Dec 2009 that 10,000+ additional troops to be sent to Afghanistan,10,76.0,Oct/02/2009 18:58:39
695705,AFGHAN.10K+TROOPS.DEC09,Announced before midnight ET on 31 Dec 2009 that 10,000+ additional troops to be sent to Afghanistan,1,78.9,Oct/02/2009 20:25:53
695705,AFGHAN.10K+TROOPS.DEC09,Announced before midnight ET on 31 Dec 2009 that 10,000+ additional troops to be sent to Afghanistan,1,78.9,Oct/03/2009 12:30:07
695705,AFGHAN.10K+TROOPS.DEC09,Announced before midnight ET on 31 Dec 2009 that 10,000+ additional troops to be sent to Afghanistan,1,78.9,Oct/03/2009 19:07:30
695705,AFGHAN.10K+TROOPS.DEC09,Announced before midnight ET on 31 Dec 2009 that 10,000+ additional troops to be sent to Afghanistan,10,74.9,Oct/04/2009 05:03:34
695705,AFGHAN.10K+TROOPS.DEC09,Announced before midnight ET on 31 Dec 2009 that 10,000+ additional troops to be sent to Afghanistan,1,79.0,Oct/04/2009 09:51:20
695705,AFGHAN.10K+TROOPS.DEC09,Announced before midnight ET on 31 Dec 2009 that 10,000+ additional troops to be sent to Afghanistan,4,79.8,Oct/04/2009 09:51:20
695705,AFGHAN.10K+TROOPS.DEC09,Announced before midnight ET on 31 Dec 2009 that 10,000+ additional troops to be sent to Afghanistan,1,79.1,Oct/05/2009 03:43:16
695705,AFGHAN.10K+TROOPS.DEC09,Announced before midnight ET on 31 Dec 2009 that 10,000+ additional troops to be sent to Afghanistan,1,79.2,Oct/05/2009 03:43:33
695705,AFGHAN.10K+TROOPS.DEC09,Announced before midnight ET on 31 Dec 2009 that 10,000+ additional troops to be sent to Afghanistan,1,79.3,Oct/05/2009 03:43:45
695705,AFGHAN.10K+TROOPS.DEC09,Announced before midnight ET on 31 Dec 2009 that 10,000+ additional troops to be sent to Afghanistan,1,79.4,Oct/05/2009 03:44:07
695705,AFGHAN.10K+TROOPS.DEC09,Announced before midnight ET on 31 Dec 2009 that 10,000+ additional troops to be sent to Afghanistan,1,79.5,Oct/05/2009 03:44:32
695705,AFGHAN.10K+TROOPS.DEC09,Announced before midnight ET on 31 Dec 2009 that 10,000+ additional troops to be sent to Afghanistan,1,79.6,Oct/05/2009 03:44:51
695705,AFGHAN.10K+TROOPS.DEC09,Announced before midnight ET on 31 Dec 2009 that 10,000+ additional troops to be sent to Afghanistan,1,79.8,Oct/05/2009 03:45:03
695705,AFGHAN.10K+TROOPS.DEC09,Announced before midnight ET on 31 Dec 2009 that 10,000+ additional troops to be sent to Afghanistan,1,79.9,Oct/05/2009 03:45:13
695705,AFGHAN.10K+TROOPS.DEC09,Announced before midnight ET on 31 Dec 2009 that 10,000+ additional troops to be sent to Afghanistan,1,79.5,Oct/05/2009 20:41:27
695705,AFGHAN.10K+TROOPS.DEC09,Announced before midnight ET on 31 Dec 2009 that 10,000+ additional troops to be sent to Afghanistan,1,79.6,Oct/05/2009 20:41:27
695705,AFGHAN.10K+TROOPS.DEC09,Announced before midnight ET on 31 Dec 2009 that 10,000+ additional troops to be sent to Afghanistan,1,79.7,Oct/05/2009 20:41:27
695705,AFGHAN.10K+TROOPS.DEC09,Announced before midnight ET on 31 Dec 2009 that 10,000+ additional troops to be sent to Afghanistan,1,79.8,Oct/05/2009 20:41:27
695705,AFGHAN.10K+TROOPS.DEC09,Announced before midnight ET on 31 Dec 2009 that 10,000+ additional troops to be sent to Afghanistan,1,79.9,Oct/05/2009 20:41:27
695705,AFGHAN.10K+TROOPS.DEC09,Announced before midnight ET on 31 Dec 2009 that 10,000+ additional troops to be sent to Afghanistan,1,79.5,Oct/06/2009 03:58:00
695705,AFGHAN.10K+TROOPS.DEC09,Announced before midnight ET on 31 Dec 2009 that 10,000+ additional troops to be sent to Afghanistan,1,79.6,Oct/06/2009 03:58:00
695705,AFGHAN.10K+TROOPS.DEC09,Announced before midnight ET on 31 Dec 2009 that 10,000+ additional troops to be sent to Afghanistan,1,79.7,Oct/06/2009 03:58:00
695705,AFGHAN.10K+TROOPS.DEC09,Announced before midnight ET on 31 Dec 2009 that 10,000+ additional troops to be sent to Afghanistan,1,79.8,Oct/06/2009 03:58:00
695705,AFGHAN.10K+TROOPS.DEC09,Announced before midnight ET on 31 Dec 2009 that 10,000+ additional troops to be sent to Afghanistan,1,79.9,Oct/06/2009 03:58:00
695705,AFGHAN.10K+TROOPS.DEC09,Announced before midnight ET on 31 Dec 2009 that 10,000+ additional troops to be sent to Afghanistan,20,80.0,Oct/06/2009 03:58:37
695705,AFGHAN.10K+TROOPS.DEC09,Announced before midnight ET on 31 Dec 2009 that 10,000+ additional troops to be sent to Afghanistan,5,80.0,Oct/06/2009 03:58:37
695705,AFGHAN.10K+TROOPS.DEC09,Announced before midnight ET on 31 Dec 2009 that 10,000+ additional troops to be sent to Afghanistan,1,79.5,Oct/06/2009 15:11:47
695705,AFGHAN.10K+TROOPS.DEC09,Announced before midnight ET on 31 Dec 2009 that 10,000+ additional troops to be sent to Afghanistan,1,79.6,Oct/06/2009 15:11:47
695705,AFGHAN.10K+TROOPS.DEC09,Announced before midnight ET on 31 Dec 2009 that 10,000+ additional troops to be sent to Afghanistan,2,76.5,Oct/06/2009 16:01:53
695705,AFGHAN.10K+TROOPS.DEC09,Announced before midnight ET on 31 Dec 2009 that 10,000+ additional troops to be sent to Afghanistan,20,75.0,Oct/06/2009 16:01:53
695705,AFGHAN.10K+TROOPS.DEC09,Announced before midnight ET on 31 Dec 2009 that 10,000+ additional troops to be sent to Afghanistan,1,77.0,Oct/06/2009 16:01:53
695705,AFGHAN.10K+TROOPS.DEC09,Announced before midnight ET on 31 Dec 2009 that 10,000+ additional troops to be sent to Afghanistan,1,77.1,Oct/06/2009 16:01:53
695705,AFGHAN.10K+TROOPS.DEC09,Announced before midnight ET on 31 Dec 2009 that 10,000+ additional troops to be sent to Afghanistan,1,75.0,Oct/06/2009 19:34:40
695705,AFGHAN.10K+TROOPS.DEC09,Announced before midnight ET on 31 Dec 2009 that 10,000+ additional troops to be sent to Afghanistan,1,75.0,Oct/06/2009 19:34:40
695705,AFGHAN.10K+TROOPS.DEC09,Announced before midnight ET on 31 Dec 2009 that 10,000+ additional troops to be sent to Afghanistan,2,75.0,Oct/06/2009 23:11:05
695705,AFGHAN.10K+TROOPS.DEC09,Announced before midnight ET on 31 Dec 2009 that 10,000+ additional troops to be sent to Afghanistan,1,60.0,Oct/07/2009 14:25:31
695705,AFGHAN.10K+TROOPS.DEC09,Announced before midnight ET on 31 Dec 2009 that 10,000+ additional troops to be sent to Afghanistan,3,60.0,Oct/07/2009 14:25:57
695705,AFGHAN.10K+TROOPS.DEC09,Announced before midnight ET on 31 Dec 2009 that 10,000+ additional troops to be sent to Afghanistan,1,60.0,Oct/07/2009 14:29:24
695705,AFGHAN.10K+TROOPS.DEC09,Announced before midnight ET on 31 Dec 2009 that 10,000+ additional troops to be sent to Afghanistan,2,57.0,Oct/08/2009 02:19:41
695705,AFGHAN.10K+TROOPS.DEC09,Announced before midnight ET on 31 Dec 2009 that 10,000+ additional troops to be sent to Afghanistan,2,61.0,Oct/08/2009 02:19:41
695705,AFGHAN.10K+TROOPS.DEC09,Announced before midnight ET on 31 Dec 2009 that 10,000+ additional troops to be sent to Afghanistan,1,61.1,Oct/08/2009 02:19:41
695705,AFGHAN.10K+TROOPS.DEC09,Announced before midnight ET on 31 Dec 2009 that 10,000+ additional troops to be sent to Afghanistan,5,61.0,Oct/08/2009 15:16:04
695705,AFGHAN.10K+TROOPS.DEC09,Announced before midnight ET on 31 Dec 2009 that 10,000+ additional troops to be sent to Afghanistan,4,69.9,Oct/08/2009 22:19:10
695705,AFGHAN.10K+TROOPS.DEC09,Announced before midnight ET on 31 Dec 2009 that 10,000+ additional troops to be sent to Afghanistan,1,69.8,Oct/08/2009 22:19:10
695705,AFGHAN.10K+TROOPS.DEC09,Announced before midnight ET on 31 Dec 2009 that 10,000+ additional troops to be sent to Afghanistan,2,69.0,Oct/08/2009 22:19:10
695705,AFGHAN.10K+TROOPS.DEC09,Announced before midnight ET on 31 Dec 2009 that 10,000+ additional troops to be sent to Afghanistan,6,70.0,Oct/08/2009 22:23:08
695705,AFGHAN.10K+TROOPS.DEC09,Announced before midnight ET on 31 Dec 2009 that 10,000+ additional troops to be sent to Afghanistan,5,70.0,Oct/09/2009 00:04:07
695705,AFGHAN.10K+TROOPS.DEC09,Announced before midnight ET on 31 Dec 2009 that 10,000+ additional troops to be sent to Afghanistan,9,70.0,Oct/09/2009 00:45:09
695705,AFGHAN.10K+TROOPS.DEC09,Announced before midnight ET on 31 Dec 2009 that 10,000+ additional troops to be sent to Afghanistan,10,75.0,Oct/09/2009 06:58:38
695705,AFGHAN.10K+TROOPS.DEC09,Announced before midnight ET on 31 Dec 2009 that 10,000+ additional troops to be sent to Afghanistan,5,75.0,Oct/09/2009 14:18:58
695705,AFGHAN.10K+TROOPS.DEC09,Announced before midnight ET on 31 Dec 2009 that 10,000+ additional troops to be sent to Afghanistan,5,72.0,Oct/09/2009 17:53:48
695705,AFGHAN.10K+TROOPS.DEC09,Announced before midnight ET on 31 Dec 2009 that 10,000+ additional troops to be sent to Afghanistan,1,73.5,Oct/09/2009 22:31:12
695705,AFGHAN.10K+TROOPS.DEC09,Announced before midnight ET on 31 Dec 2009 that 10,000+ additional troops to be sent to Afghanistan,1,73.5,Oct/09/2009 23:42:31
695705,AFGHAN.10K+TROOPS.DEC09,Announced before midnight ET on 31 Dec 2009 that 10,000+ additional troops to be sent to Afghanistan,10,74.0,Oct/10/2009 00:09:33
695705,AFGHAN.10K+TROOPS.DEC09,Announced before midnight ET on 31 Dec 2009 that 10,000+ additional troops to be sent to Afghanistan,1,73.0,Oct/10/2009 20:53:01
695705,AFGHAN.10K+TROOPS.DEC09,Announced before midnight ET on 31 Dec 2009 that 10,000+ additional troops to be sent to Afghanistan,1,73.0,Oct/10/2009 20:53:18
695705,AFGHAN.10K+TROOPS.DEC09,Announced before midnight ET on 31 Dec 2009 that 10,000+ additional troops to be sent to Afghanistan,3,73.0,Oct/10/2009 20:53:56
695705,AFGHAN.10K+TROOPS.DEC09,Announced before midnight ET on 31 Dec 2009 that 10,000+ additional troops to be sent to Afghanistan,3,73.0,Oct/11/2009 01:39:59
695705,AFGHAN.10K+TROOPS.DEC09,Announced before midnight ET on 31 Dec 2009 that 10,000+ additional troops to be sent to Afghanistan,2,73.0,Oct/11/2009 01:40:46
695705,AFGHAN.10K+TROOPS.DEC09,Announced before midnight ET on 31 Dec 2009 that 10,000+ additional troops to be sent to Afghanistan,5,73.0,Oct/11/2009 04:14:46
695705,AFGHAN.10K+TROOPS.DEC09,Announced before midnight ET on 31 Dec 2009 that 10,000+ additional troops to be sent to Afghanistan,4,74.9,Oct/12/2009 03:52:08
695705,AFGHAN.10K+TROOPS.DEC09,Announced before midnight ET on 31 Dec 2009 that 10,000+ additional troops to be sent to Afghanistan,10,74.9,Oct/12/2009 11:08:12
695705,AFGHAN.10K+TROOPS.DEC09,Announced before midnight ET on 31 Dec 2009 that 10,000+ additional troops to be sent to Afghanistan,1,74.9,Oct/12/2009 11:21:03
695705,AFGHAN.10K+TROOPS.DEC09,Announced before midnight ET on 31 Dec 2009 that 10,000+ additional troops to be sent to Afghanistan,19,74.9,Oct/12/2009 17:39:54
695705,AFGHAN.10K+TROOPS.DEC09,Announced before midnight ET on 31 Dec 2009 that 10,000+ additional troops to be sent to Afghanistan,3,74.9,Oct/12/2009 17:39:54
695705,AFGHAN.10K+TROOPS.DEC09,Announced before midnight ET on 31 Dec 2009 that 10,000+ additional troops to be sent to Afghanistan,4,75.1,Oct/12/2009 23:32:35
695705,AFGHAN.10K+TROOPS.DEC09,Announced before midnight ET on 31 Dec 2009 that 10,000+ additional troops to be sent to Afghanistan,15,80.0,Oct/13/2009 03:45:57
695705,AFGHAN.10K+TROOPS.DEC09,Announced before midnight ET on 31 Dec 2009 that 10,000+ additional troops to be sent to Afghanistan,5,79.9,Oct/13/2009 03:45:57
695705,AFGHAN.10K+TROOPS.DEC09,Announced before midnight ET on 31 Dec 2009 that 10,000+ additional troops to be sent to Afghanistan,5,85.0,Oct/13/2009 03:46:15
695705,AFGHAN.10K+TROOPS.DEC09,Announced before midnight ET on 31 Dec 2009 that 10,000+ additional troops to be sent to Afghanistan,20,90.0,Oct/13/2009 09:53:23
695705,AFGHAN.10K+TROOPS.DEC09,Announced before midnight ET on 31 Dec 2009 that 10,000+ additional troops to be sent to Afghanistan,1,90.9,Oct/13/2009 17:50:07
695705,AFGHAN.10K+TROOPS.DEC09,Announced before midnight ET on 31 Dec 2009 that 10,000+ additional troops to be sent to Afghanistan,4,91.0,Oct/13/2009 17:50:21
695705,AFGHAN.10K+TROOPS.DEC09,Announced before midnight ET on 31 Dec 2009 that 10,000+ additional troops to be sent to Afghanistan,1,90.0,Oct/13/2009 18:17:59
695705,AFGHAN.10K+TROOPS.DEC09,Announced before midnight ET on 31 Dec 2009 that 10,000+ additional troops to be sent to Afghanistan,1,78.1,Oct/13/2009 22:03:03
695705,AFGHAN.10K+TROOPS.DEC09,Announced before midnight ET on 31 Dec 2009 that 10,000+ additional troops to be sent to Afghanistan,3,78.0,Oct/13/2009 22:03:14
695705,AFGHAN.10K+TROOPS.DEC09,Announced before midnight ET on 31 Dec 2009 that 10,000+ additional troops to be sent to Afghanistan,3,89.0,Oct/14/2009 18:06:31
695705,AFGHAN.10K+TROOPS.DEC09,Announced before midnight ET on 31 Dec 2009 that 10,000+ additional troops to be sent to Afghanistan,1,92.5,Oct/14/2009 18:06:31
695705,AFGHAN.10K+TROOPS.DEC09,Announced before midnight ET on 31 Dec 2009 that 10,000+ additional troops to be sent to Afghanistan,2,97.0,Oct/14/2009 18:07:04
695705,AFGHAN.10K+TROOPS.DEC09,Announced before midnight ET on 31 Dec 2009 that 10,000+ additional troops to be sent to Afghanistan,5,96.9,Oct/14/2009 18:07:04
695705,AFGHAN.10K+TROOPS.DEC09,Announced before midnight ET on 31 Dec 2009 that 10,000+ additional troops to be sent to Afghanistan,5,92.7,Oct/14/2009 18:07:04
695705,AFGHAN.10K+TROOPS.DEC09,Announced before midnight ET on 31 Dec 2009 that 10,000+ additional troops to be sent to Afghanistan,1,92.6,Oct/14/2009 18:07:04
695705,AFGHAN.10K+TROOPS.DEC09,Announced before midnight ET on 31 Dec 2009 that 10,000+ additional troops to be sent to Afghanistan,1,81.2,Oct/16/2009 16:00:17
695705,AFGHAN.10K+TROOPS.DEC09,Announced before midnight ET on 31 Dec 2009 that 10,000+ additional troops to be sent to Afghanistan,1,81.3,Oct/16/2009 16:00:17
695705,AFGHAN.10K+TROOPS.DEC09,Announced before midnight ET on 31 Dec 2009 that 10,000+ additional troops to be sent to Afghanistan,3,81.0,Oct/16/2009 16:00:17
695705,AFGHAN.10K+TROOPS.DEC09,Announced before midnight ET on 31 Dec 2009 that 10,000+ additional troops to be sent to Afghanistan,1,89.9,Oct/17/2009 18:30:45
695705,AFGHAN.10K+TROOPS.DEC09,Announced before midnight ET on 31 Dec 2009 that 10,000+ additional troops to be sent to Afghanistan,5,90.0,Oct/17/2009 18:30:57
695705,AFGHAN.10K+TROOPS.DEC09,Announced before midnight ET on 31 Dec 2009 that 10,000+ additional troops to be sent to Afghanistan,1,82.0,Oct/17/2009 22:50:13
695705,AFGHAN.10K+TROOPS.DEC09,Announced before midnight ET on 31 Dec 2009 that 10,000+ additional troops to be sent to Afghanistan,41,81.1,Oct/17/2009 22:50:13
695705,AFGHAN.10K+TROOPS.DEC09,Announced before midnight ET on 31 Dec 2009 that 10,000+ additional troops to be sent to Afghanistan,1,82.1,Oct/17/2009 22:50:13
695705,AFGHAN.10K+TROOPS.DEC09,Announced before midnight ET on 31 Dec 2009 that 10,000+ additional troops to be sent to Afghanistan,1,82.2,Oct/17/2009 22:50:13
695705,AFGHAN.10K+TROOPS.DEC09,Announced before midnight ET on 31 Dec 2009 that 10,000+ additional troops to be sent to Afghanistan,2,81.5,Oct/17/2009 22:50:13
695705,AFGHAN.10K+TROOPS.DEC09,Announced before midnight ET on 31 Dec 2009 that 10,000+ additional troops to be sent to Afghanistan,4,81.1,Oct/17/2009 22:50:13
695705,AFGHAN.10K+TROOPS.DEC09,Announced before midnight ET on 31 Dec 2009 that 10,000+ additional troops to be sent to Afghanistan,16,81.0,Oct/17/2009 22:51:26
695705,AFGHAN.10K+TROOPS.DEC09,Announced before midnight ET on 31 Dec 2009 that 10,000+ additional troops to be sent to Afghanistan,9,81.1,Oct/17/2009 22:51:26
695705,AFGHAN.10K+TROOPS.DEC09,Announced before midnight ET on 31 Dec 2009 that 10,000+ additional troops to be sent to Afghanistan,9,81.0,Oct/17/2009 22:57:43
695705,AFGHAN.10K+TROOPS.DEC09,Announced before midnight ET on 31 Dec 2009 that 10,000+ additional troops to be sent to Afghanistan,1,81.1,Oct/17/2009 22:57:43
695705,AFGHAN.10K+TROOPS.DEC09,Announced before midnight ET on 31 Dec 2009 that 10,000+ additional troops to be sent to Afghanistan,4,80.5,Oct/18/2009 12:00:49
695705,AFGHAN.10K+TROOPS.DEC09,Announced before midnight ET on 31 Dec 2009 that 10,000+ additional troops to be sent to Afghanistan,1,80.0,Oct/18/2009 12:03:57
695705,AFGHAN.10K+TROOPS.DEC09,Announced before midnight ET on 31 Dec 2009 that 10,000+ additional troops to be sent to Afghanistan,4,80.0,Oct/18/2009 12:05:27
695705,AFGHAN.10K+TROOPS.DEC09,Announced before midnight ET on 31 Dec 2009 that 10,000+ additional troops to be sent to Afghanistan,1,75.1,Oct/18/2009 15:38:12
695705,AFGHAN.10K+TROOPS.DEC09,Announced before midnight ET on 31 Dec 2009 that 10,000+ additional troops to be sent to Afghanistan,21,78.0,Oct/18/2009 15:38:12
695705,AFGHAN.10K+TROOPS.DEC09,Announced before midnight ET on 31 Dec 2009 that 10,000+ additional troops to be sent to Afghanistan,3,75.0,Oct/18/2009 15:38:12
695705,AFGHAN.10K+TROOPS.DEC09,Announced before midnight ET on 31 Dec 2009 that 10,000+ additional troops to be sent to Afghanistan,5,75.0,Oct/18/2009 15:48:13
695705,AFGHAN.10K+TROOPS.DEC09,Announced before midnight ET on 31 Dec 2009 that 10,000+ additional troops to be sent to Afghanistan,1,75.0,Oct/18/2009 16:11:33
695705,AFGHAN.10K+TROOPS.DEC09,Announced before midnight ET on 31 Dec 2009 that 10,000+ additional troops to be sent to Afghanistan,7,75.5,Oct/18/2009 16:43:12
695705,AFGHAN.10K+TROOPS.DEC09,Announced before midnight ET on 31 Dec 2009 that 10,000+ additional troops to be sent to Afghanistan,10,78.0,Oct/20/2009 17:35:51
695705,AFGHAN.10K+TROOPS.DEC09,Announced before midnight ET on 31 Dec 2009 that 10,000+ additional troops to be sent to Afghanistan,3,72.0,Oct/20/2009 18:12:48
695705,AFGHAN.10K+TROOPS.DEC09,Announced before midnight ET on 31 Dec 2009 that 10,000+ additional troops to be sent to Afghanistan,17,70.0,Oct/20/2009 18:12:48
695705,AFGHAN.10K+TROOPS.DEC09,Announced before midnight ET on 31 Dec 2009 that 10,000+ additional troops to be sent to Afghanistan,4,79.9,Oct/21/2009 07:52:23
695705,AFGHAN.10K+TROOPS.DEC09,Announced before midnight ET on 31 Dec 2009 that 10,000+ additional troops to be sent to Afghanistan,3,80.0,Oct/21/2009 07:52:23
695705,AFGHAN.10K+TROOPS.DEC09,Announced before midnight ET on 31 Dec 2009 that 10,000+ additional troops to be sent to Afghanistan,3,83.9,Oct/21/2009 15:33:36
695705,AFGHAN.10K+TROOPS.DEC09,Announced before midnight ET on 31 Dec 2009 that 10,000+ additional troops to be sent to Afghanistan,5,83.5,Oct/22/2009 02:41:35
695705,AFGHAN.10K+TROOPS.DEC09,Announced before midnight ET on 31 Dec 2009 that 10,000+ additional troops to be sent to Afghanistan,1,83.9,Oct/22/2009 02:41:35
695705,AFGHAN.10K+TROOPS.DEC09,Announced before midnight ET on 31 Dec 2009 that 10,000+ additional troops to be sent to Afghanistan,3,84.0,Oct/22/2009 02:41:35
695705,AFGHAN.10K+TROOPS.DEC09,Announced before midnight ET on 31 Dec 2009 that 10,000+ additional troops to be sent to Afghanistan,4,84.9,Oct/22/2009 16:01:37
695705,AFGHAN.10K+TROOPS.DEC09,Announced before midnight ET on 31 Dec 2009 that 10,000+ additional troops to be sent to Afghanistan,1,80.1,Oct/23/2009 18:57:51
695705,AFGHAN.10K+TROOPS.DEC09,Announced before midnight ET on 31 Dec 2009 that 10,000+ additional troops to be sent to Afghanistan,19,80.1,Oct/24/2009 17:29:22
695705,AFGHAN.10K+TROOPS.DEC09,Announced before midnight ET on 31 Dec 2009 that 10,000+ additional troops to be sent to Afghanistan,3,80.0,Oct/24/2009 17:29:22
695705,AFGHAN.10K+TROOPS.DEC09,Announced before midnight ET on 31 Dec 2009 that 10,000+ additional troops to be sent to Afghanistan,5,80.2,Oct/24/2009 17:29:22
695705,AFGHAN.10K+TROOPS.DEC09,Announced before midnight ET on 31 Dec 2009 that 10,000+ additional troops to be sent to Afghanistan,1,83.5,Oct/26/2009 04:42:05
695705,AFGHAN.10K+TROOPS.DEC09,Announced before midnight ET on 31 Dec 2009 that 10,000+ additional troops to be sent to Afghanistan,4,83.5,Oct/26/2009 16:33:24
695705,AFGHAN.10K+TROOPS.DEC09,Announced before midnight ET on 31 Dec 2009 that 10,000+ additional troops to be sent to Afghanistan,6,84.0,Oct/26/2009 19:52:52
695705,AFGHAN.10K+TROOPS.DEC09,Announced before midnight ET on 31 Dec 2009 that 10,000+ additional troops to be sent to Afghanistan,1,83.0,Oct/27/2009 17:22:49
695705,AFGHAN.10K+TROOPS.DEC09,Announced before midnight ET on 31 Dec 2009 that 10,000+ additional troops to be sent to Afghanistan,1,80.4,Oct/27/2009 21:08:50
695705,AFGHAN.10K+TROOPS.DEC09,Announced before midnight ET on 31 Dec 2009 that 10,000+ additional troops to be sent to Afghanistan,3,80.3,Oct/27/2009 21:08:50
695705,AFGHAN.10K+TROOPS.DEC09,Announced before midnight ET on 31 Dec 2009 that 10,000+ additional troops to be sent to Afghanistan,20,79.0,Oct/28/2009 05:26:23
695705,AFGHAN.10K+TROOPS.DEC09,Announced before midnight ET on 31 Dec 2009 that 10,000+ additional troops to be sent to Afghanistan,1,80.0,Oct/28/2009 08:55:28
695705,AFGHAN.10K+TROOPS.DEC09,Announced before midnight ET on 31 Dec 2009 that 10,000+ additional troops to be sent to Afghanistan,5,82.5,Oct/28/2009 13:35:48
695705,AFGHAN.10K+TROOPS.DEC09,Announced before midnight ET on 31 Dec 2009 that 10,000+ additional troops to be sent to Afghanistan,1,83.0,Oct/28/2009 13:36:00
695705,AFGHAN.10K+TROOPS.DEC09,Announced before midnight ET on 31 Dec 2009 that 10,000+ additional troops to be sent to Afghanistan,4,83.0,Oct/28/2009 15:36:20
695705,AFGHAN.10K+TROOPS.DEC09,Announced before midnight ET on 31 Dec 2009 that 10,000+ additional troops to be sent to Afghanistan,40,80.0,Oct/29/2009 00:02:10
695705,AFGHAN.10K+TROOPS.DEC09,Announced before midnight ET on 31 Dec 2009 that 10,000+ additional troops to be sent to Afghanistan,1,78.0,Oct/29/2009 03:35:52
695705,AFGHAN.10K+TROOPS.DEC09,Announced before midnight ET on 31 Dec 2009 that 10,000+ additional troops to be sent to Afghanistan,4,78.0,Oct/29/2009 03:35:52
695705,AFGHAN.10K+TROOPS.DEC09,Announced before midnight ET on 31 Dec 2009 that 10,000+ additional troops to be sent to Afghanistan,5,78.0,Oct/29/2009 03:36:29
695705,AFGHAN.10K+TROOPS.DEC09,Announced before midnight ET on 31 Dec 2009 that 10,000+ additional troops to be sent to Afghanistan,1,80.0,Oct/30/2009 00:06:03
695705,AFGHAN.10K+TROOPS.DEC09,Announced before midnight ET on 31 Dec 2009 that 10,000+ additional troops to be sent to Afghanistan,1,79.0,Oct/30/2009 00:06:22
695705,AFGHAN.10K+TROOPS.DEC09,Announced before midnight ET on 31 Dec 2009 that 10,000+ additional troops to be sent to Afghanistan,16,80.0,Oct/30/2009 15:51:51
695705,AFGHAN.10K+TROOPS.DEC09,Announced before midnight ET on 31 Dec 2009 that 10,000+ additional troops to be sent to Afghanistan,1,80.0,Oct/31/2009 16:14:07
695705,AFGHAN.10K+TROOPS.DEC09,Announced before midnight ET on 31 Dec 2009 that 10,000+ additional troops to be sent to Afghanistan,4,83.0,Oct/31/2009 19:10:59
695705,AFGHAN.10K+TROOPS.DEC09,Announced before midnight ET on 31 Dec 2009 that 10,000+ additional troops to be sent to Afghanistan,10,83.0,Oct/31/2009 19:10:59
695705,AFGHAN.10K+TROOPS.DEC09,Announced before midnight ET on 31 Dec 2009 that 10,000+ additional troops to be sent to Afghanistan,25,85.0,Oct/31/2009 19:11:57
695705,AFGHAN.10K+TROOPS.DEC09,Announced before midnight ET on 31 Dec 2009 that 10,000+ additional troops to be sent to Afghanistan,1,85.6,Oct/31/2009 23:40:02
695705,AFGHAN.10K+TROOPS.DEC09,Announced before midnight ET on 31 Dec 2009 that 10,000+ additional troops to be sent to Afghanistan,6,85.0,Nov/02/2009 00:47:47
695705,AFGHAN.10K+TROOPS.DEC09,Announced before midnight ET on 31 Dec 2009 that 10,000+ additional troops to be sent to Afghanistan,3,80.0,Nov/03/2009 20:03:14
695705,AFGHAN.10K+TROOPS.DEC09,Announced before midnight ET on 31 Dec 2009 that 10,000+ additional troops to be sent to Afghanistan,10,80.0,Nov/04/2009 01:40:54
695705,AFGHAN.10K+TROOPS.DEC09,Announced before midnight ET on 31 Dec 2009 that 10,000+ additional troops to be sent to Afghanistan,5,85.2,Nov/04/2009 18:18:27
695705,AFGHAN.10K+TROOPS.DEC09,Announced before midnight ET on 31 Dec 2009 that 10,000+ additional troops to be sent to Afghanistan,5,85.3,Nov/04/2009 18:19:04
695705,AFGHAN.10K+TROOPS.DEC09,Announced before midnight ET on 31 Dec 2009 that 10,000+ additional troops to be sent to Afghanistan,1,85.3,Nov/04/2009 21:52:07
695705,AFGHAN.10K+TROOPS.DEC09,Announced before midnight ET on 31 Dec 2009 that 10,000+ additional troops to be sent to Afghanistan,4,85.3,Nov/04/2009 22:15:55
695705,AFGHAN.10K+TROOPS.DEC09,Announced before midnight ET on 31 Dec 2009 that 10,000+ additional troops to be sent to Afghanistan,1,85.9,Nov/05/2009 17:23:55
695705,AFGHAN.10K+TROOPS.DEC09,Announced before midnight ET on 31 Dec 2009 that 10,000+ additional troops to be sent to Afghanistan,4,86.9,Nov/07/2009 12:45:54
695705,AFGHAN.10K+TROOPS.DEC09,Announced before midnight ET on 31 Dec 2009 that 10,000+ additional troops to be sent to Afghanistan,1,86.9,Nov/07/2009 12:46:02
695705,AFGHAN.10K+TROOPS.DEC09,Announced before midnight ET on 31 Dec 2009 that 10,000+ additional troops to be sent to Afghanistan,4,89.9,Nov/07/2009 16:16:16
695705,AFGHAN.10K+TROOPS.DEC09,Announced before midnight ET on 31 Dec 2009 that 10,000+ additional troops to be sent to Afghanistan,1,89.7,Nov/07/2009 16:16:16
695705,AFGHAN.10K+TROOPS.DEC09,Announced before midnight ET on 31 Dec 2009 that 10,000+ additional troops to be sent to Afghanistan,7,89.8,Nov/07/2009 16:16:16
695705,AFGHAN.10K+TROOPS.DEC09,Announced before midnight ET on 31 Dec 2009 that 10,000+ additional troops to be sent to Afghanistan,20,90.0,Nov/07/2009 16:16:16
695705,AFGHAN.10K+TROOPS.DEC09,Announced before midnight ET on 31 Dec 2009 that 10,000+ additional troops to be sent to Afghanistan,50,90.0,Nov/07/2009 16:16:16
695705,AFGHAN.10K+TROOPS.DEC09,Announced before midnight ET on 31 Dec 2009 that 10,000+ additional troops to be sent to Afghanistan,1,88.0,Nov/07/2009 18:26:31
695705,AFGHAN.10K+TROOPS.DEC09,Announced before midnight ET on 31 Dec 2009 that 10,000+ additional troops to be sent to Afghanistan,1,87.0,Nov/07/2009 19:48:27
695705,AFGHAN.10K+TROOPS.DEC09,Announced before midnight ET on 31 Dec 2009 that 10,000+ additional troops to be sent to Afghanistan,3,86.9,Nov/08/2009 02:25:58
695705,AFGHAN.10K+TROOPS.DEC09,Announced before midnight ET on 31 Dec 2009 that 10,000+ additional troops to be sent to Afghanistan,1,87.0,Nov/08/2009 02:27:30
695705,AFGHAN.10K+TROOPS.DEC09,Announced before midnight ET on 31 Dec 2009 that 10,000+ additional troops to be sent to Afghanistan,8,87.0,Nov/08/2009 04:42:06
695705,AFGHAN.10K+TROOPS.DEC09,Announced before midnight ET on 31 Dec 2009 that 10,000+ additional troops to be sent to Afghanistan,1,90.0,Nov/08/2009 04:49:01
695705,AFGHAN.10K+TROOPS.DEC09,Announced before midnight ET on 31 Dec 2009 that 10,000+ additional troops to be sent to Afghanistan,5,91.9,Nov/08/2009 12:35:57
695705,AFGHAN.10K+TROOPS.DEC09,Announced before midnight ET on 31 Dec 2009 that 10,000+ additional troops to be sent to Afghanistan,25,92.5,Nov/08/2009 12:36:29
695705,AFGHAN.10K+TROOPS.DEC09,Announced before midnight ET on 31 Dec 2009 that 10,000+ additional troops to be sent to Afghanistan,1,93.0,Nov/08/2009 14:21:57
695705,AFGHAN.10K+TROOPS.DEC09,Announced before midnight ET on 31 Dec 2009 that 10,000+ additional troops to be sent to Afghanistan,1,92.0,Nov/08/2009 15:40:49
695705,AFGHAN.10K+TROOPS.DEC09,Announced before midnight ET on 31 Dec 2009 that 10,000+ additional troops to be sent to Afghanistan,1,92.0,Nov/08/2009 20:23:15
695705,AFGHAN.10K+TROOPS.DEC09,Announced before midnight ET on 31 Dec 2009 that 10,000+ additional troops to be sent to Afghanistan,5,91.9,Nov/08/2009 21:49:23
695705,AFGHAN.10K+TROOPS.DEC09,Announced before midnight ET on 31 Dec 2009 that 10,000+ additional troops to be sent to Afghanistan,3,92.0,Nov/08/2009 21:49:23
695705,AFGHAN.10K+TROOPS.DEC09,Announced before midnight ET on 31 Dec 2009 that 10,000+ additional troops to be sent to Afghanistan,1,95.0,Nov/08/2009 21:50:09
695705,AFGHAN.10K+TROOPS.DEC09,Announced before midnight ET on 31 Dec 2009 that 10,000+ additional troops to be sent to Afghanistan,1,91.0,Nov/08/2009 23:49:14
695705,AFGHAN.10K+TROOPS.DEC09,Announced before midnight ET on 31 Dec 2009 that 10,000+ additional troops to be sent to Afghanistan,1,90.0,Nov/09/2009 02:41:09
695705,AFGHAN.10K+TROOPS.DEC09,Announced before midnight ET on 31 Dec 2009 that 10,000+ additional troops to be sent to Afghanistan,13,93.0,Nov/09/2009 13:48:26
695705,AFGHAN.10K+TROOPS.DEC09,Announced before midnight ET on 31 Dec 2009 that 10,000+ additional troops to be sent to Afghanistan,1,91.9,Nov/09/2009 23:38:10
695705,AFGHAN.10K+TROOPS.DEC09,Announced before midnight ET on 31 Dec 2009 that 10,000+ additional troops to be sent to Afghanistan,2,92.9,Nov/10/2009 00:07:30
695705,AFGHAN.10K+TROOPS.DEC09,Announced before midnight ET on 31 Dec 2009 that 10,000+ additional troops to be sent to Afghanistan,4,92.8,Nov/10/2009 00:07:30
695705,AFGHAN.10K+TROOPS.DEC09,Announced before midnight ET on 31 Dec 2009 that 10,000+ additional troops to be sent to Afghanistan,3,92.4,Nov/10/2009 00:07:30
695705,AFGHAN.10K+TROOPS.DEC09,Announced before midnight ET on 31 Dec 2009 that 10,000+ additional troops to be sent to Afghanistan,1,91.9,Nov/10/2009 00:07:30
695705,AFGHAN.10K+TROOPS.DEC09,Announced before midnight ET on 31 Dec 2009 that 10,000+ additional troops to be sent to Afghanistan,10,93.0,Nov/10/2009 01:52:06
695705,AFGHAN.10K+TROOPS.DEC09,Announced before midnight ET on 31 Dec 2009 that 10,000+ additional troops to be sent to Afghanistan,3,92.9,Nov/10/2009 01:52:06
695705,AFGHAN.10K+TROOPS.DEC09,Announced before midnight ET on 31 Dec 2009 that 10,000+ additional troops to be sent to Afghanistan,3,93.7,Nov/10/2009 01:52:41
695705,AFGHAN.10K+TROOPS.DEC09,Announced before midnight ET on 31 Dec 2009 that 10,000+ additional troops to be sent to Afghanistan,15,94.0,Nov/10/2009 01:52:41
695705,AFGHAN.10K+TROOPS.DEC09,Announced before midnight ET on 31 Dec 2009 that 10,000+ additional troops to be sent to Afghanistan,32,94.0,Nov/10/2009 01:52:41
695705,AFGHAN.10K+TROOPS.DEC09,Announced before midnight ET on 31 Dec 2009 that 10,000+ additional troops to be sent to Afghanistan,10,93.9,Nov/10/2009 05:30:43
695705,AFGHAN.10K+TROOPS.DEC09,Announced before midnight ET on 31 Dec 2009 that 10,000+ additional troops to be sent to Afghanistan,21,95.0,Nov/10/2009 05:30:43
695705,AFGHAN.10K+TROOPS.DEC09,Announced before midnight ET on 31 Dec 2009 that 10,000+ additional troops to be sent to Afghanistan,18,94.0,Nov/10/2009 05:30:43
695705,AFGHAN.10K+TROOPS.DEC09,Announced before midnight ET on 31 Dec 2009 that 10,000+ additional troops to be sent to Afghanistan,1,92.0,Nov/10/2009 05:30:43
695705,AFGHAN.10K+TROOPS.DEC09,Announced before midnight ET on 31 Dec 2009 that 10,000+ additional troops to be sent to Afghanistan,15,94.0,Nov/11/2009 01:19:34
695705,AFGHAN.10K+TROOPS.DEC09,Announced before midnight ET on 31 Dec 2009 that 10,000+ additional troops to be sent to Afghanistan,20,92.0,Nov/11/2009 09:56:40
695705,AFGHAN.10K+TROOPS.DEC09,Announced before midnight ET on 31 Dec 2009 that 10,000+ additional troops to be sent to Afghanistan,1,91.1,Nov/11/2009 09:56:58
695705,AFGHAN.10K+TROOPS.DEC09,Announced before midnight ET on 31 Dec 2009 that 10,000+ additional troops to be sent to Afghanistan,6,91.0,Nov/11/2009 09:57:31
695705,AFGHAN.10K+TROOPS.DEC09,Announced before midnight ET on 31 Dec 2009 that 10,000+ additional troops to be sent to Afghanistan,1,93.0,Nov/12/2009 00:36:46
695705,AFGHAN.10K+TROOPS.DEC09,Announced before midnight ET on 31 Dec 2009 that 10,000+ additional troops to be sent to Afghanistan,3,91.1,Nov/12/2009 00:36:46
695705,AFGHAN.10K+TROOPS.DEC09,Announced before midnight ET on 31 Dec 2009 that 10,000+ additional troops to be sent to Afghanistan,4,91.0,Nov/12/2009 00:36:46
695705,AFGHAN.10K+TROOPS.DEC09,Announced before midnight ET on 31 Dec 2009 that 10,000+ additional troops to be sent to Afghanistan,2,92.0,Nov/12/2009 00:36:46
695705,AFGHAN.10K+TROOPS.DEC09,Announced before midnight ET on 31 Dec 2009 that 10,000+ additional troops to be sent to Afghanistan,5,90.5,Nov/12/2009 01:36:15
695705,AFGHAN.10K+TROOPS.DEC09,Announced before midnight ET on 31 Dec 2009 that 10,000+ additional troops to be sent to Afghanistan,2,91.0,Nov/12/2009 01:36:15
695705,AFGHAN.10K+TROOPS.DEC09,Announced before midnight ET on 31 Dec 2009 that 10,000+ additional troops to be sent to Afghanistan,56,90.0,Nov/12/2009 01:36:15
695705,AFGHAN.10K+TROOPS.DEC09,Announced before midnight ET on 31 Dec 2009 that 10,000+ additional troops to be sent to Afghanistan,44,90.0,Nov/12/2009 03:25:06
695705,AFGHAN.10K+TROOPS.DEC09,Announced before midnight ET on 31 Dec 2009 that 10,000+ additional troops to be sent to Afghanistan,25,85.0,Nov/12/2009 06:00:03
695705,AFGHAN.10K+TROOPS.DEC09,Announced before midnight ET on 31 Dec 2009 that 10,000+ additional troops to be sent to Afghanistan,19,85.0,Nov/12/2009 06:00:49
695705,AFGHAN.10K+TROOPS.DEC09,Announced before midnight ET on 31 Dec 2009 that 10,000+ additional troops to be sent to Afghanistan,1,81.0,Nov/12/2009 06:00:49
695705,AFGHAN.10K+TROOPS.DEC09,Announced before midnight ET on 31 Dec 2009 that 10,000+ additional troops to be sent to Afghanistan,22,80.0,Nov/12/2009 06:00:49
695705,AFGHAN.10K+TROOPS.DEC09,Announced before midnight ET on 31 Dec 2009 that 10,000+ additional troops to be sent to Afghanistan,8,75.0,Nov/12/2009 06:00:49
695705,AFGHAN.10K+TROOPS.DEC09,Announced before midnight ET on 31 Dec 2009 that 10,000+ additional troops to be sent to Afghanistan,12,75.0,Nov/12/2009 06:08:18
695705,AFGHAN.10K+TROOPS.DEC09,Announced before midnight ET on 31 Dec 2009 that 10,000+ additional troops to be sent to Afghanistan,10,75.0,Nov/12/2009 08:09:50
695705,AFGHAN.10K+TROOPS.DEC09,Announced before midnight ET on 31 Dec 2009 that 10,000+ additional troops to be sent to Afghanistan,28,75.0,Nov/12/2009 10:34:00
695705,AFGHAN.10K+TROOPS.DEC09,Announced before midnight ET on 31 Dec 2009 that 10,000+ additional troops to be sent to Afghanistan,10,72.0,Nov/12/2009 11:48:16
695705,AFGHAN.10K+TROOPS.DEC09,Announced before midnight ET on 31 Dec 2009 that 10,000+ additional troops to be sent to Afghanistan,3,80.0,Nov/12/2009 17:45:41
695705,AFGHAN.10K+TROOPS.DEC09,Announced before midnight ET on 31 Dec 2009 that 10,000+ additional troops to be sent to Afghanistan,2,89.9,Nov/12/2009 18:34:17
695705,AFGHAN.10K+TROOPS.DEC09,Announced before midnight ET on 31 Dec 2009 that 10,000+ additional troops to be sent to Afghanistan,3,89.9,Nov/12/2009 18:38:30
695705,AFGHAN.10K+TROOPS.DEC09,Announced before midnight ET on 31 Dec 2009 that 10,000+ additional troops to be sent to Afghanistan,50,82.0,Nov/12/2009 22:13:03
695705,AFGHAN.10K+TROOPS.DEC09,Announced before midnight ET on 31 Dec 2009 that 10,000+ additional troops to be sent to Afghanistan,1,82.1,Nov/12/2009 22:13:03
695705,AFGHAN.10K+TROOPS.DEC09,Announced before midnight ET on 31 Dec 2009 that 10,000+ additional troops to be sent to Afghanistan,2,75.0,Nov/12/2009 22:16:20
695705,AFGHAN.10K+TROOPS.DEC09,Announced before midnight ET on 31 Dec 2009 that 10,000+ additional troops to be sent to Afghanistan,3,75.0,Nov/12/2009 22:16:20
695705,AFGHAN.10K+TROOPS.DEC09,Announced before midnight ET on 31 Dec 2009 that 10,000+ additional troops to be sent to Afghanistan,3,75.0,Nov/12/2009 22:16:20
695705,AFGHAN.10K+TROOPS.DEC09,Announced before midnight ET on 31 Dec 2009 that 10,000+ additional troops to be sent to Afghanistan,1,75.0,Nov/12/2009 22:27:14
695705,AFGHAN.10K+TROOPS.DEC09,Announced before midnight ET on 31 Dec 2009 that 10,000+ additional troops to be sent to Afghanistan,5,75.0,Nov/12/2009 23:17:51
695705,AFGHAN.10K+TROOPS.DEC09,Announced before midnight ET on 31 Dec 2009 that 10,000+ additional troops to be sent to Afghanistan,1,75.0,Nov/13/2009 00:55:40
695705,AFGHAN.10K+TROOPS.DEC09,Announced before midnight ET on 31 Dec 2009 that 10,000+ additional troops to be sent to Afghanistan,43,75.0,Nov/13/2009 10:30:48
695705,AFGHAN.10K+TROOPS.DEC09,Announced before midnight ET on 31 Dec 2009 that 10,000+ additional troops to be sent to Afghanistan,30,80.0,Nov/13/2009 16:56:42
695705,AFGHAN.10K+TROOPS.DEC09,Announced before midnight ET on 31 Dec 2009 that 10,000+ additional troops to be sent to Afghanistan,19,80.0,Nov/13/2009 17:13:03
695705,AFGHAN.10K+TROOPS.DEC09,Announced before midnight ET on 31 Dec 2009 that 10,000+ additional troops to be sent to Afghanistan,5,85.0,Nov/13/2009 19:09:24
695705,AFGHAN.10K+TROOPS.DEC09,Announced before midnight ET on 31 Dec 2009 that 10,000+ additional troops to be sent to Afghanistan,40,85.0,Nov/13/2009 19:48:21
695705,AFGHAN.10K+TROOPS.DEC09,Announced before midnight ET on 31 Dec 2009 that 10,000+ additional troops to be sent to Afghanistan,20,79.0,Nov/15/2009 01:49:06
695705,AFGHAN.10K+TROOPS.DEC09,Announced before midnight ET on 31 Dec 2009 that 10,000+ additional troops to be sent to Afghanistan,19,75.0,Nov/15/2009 01:49:06
695705,AFGHAN.10K+TROOPS.DEC09,Announced before midnight ET on 31 Dec 2009 that 10,000+ additional troops to be sent to Afghanistan,20,75.0,Nov/15/2009 02:02:49
695705,AFGHAN.10K+TROOPS.DEC09,Announced before midnight ET on 31 Dec 2009 that 10,000+ additional troops to be sent to Afghanistan,2,73.0,Nov/15/2009 04:36:13
695705,AFGHAN.10K+TROOPS.DEC09,Announced before midnight ET on 31 Dec 2009 that 10,000+ additional troops to be sent to Afghanistan,3,73.0,Nov/15/2009 04:38:16
695705,AFGHAN.10K+TROOPS.DEC09,Announced before midnight ET on 31 Dec 2009 that 10,000+ additional troops to be sent to Afghanistan,50,71.0,Nov/15/2009 06:44:55
695705,AFGHAN.10K+TROOPS.DEC09,Announced before midnight ET on 31 Dec 2009 that 10,000+ additional troops to be sent to Afghanistan,1,70.0,Nov/15/2009 11:29:05
695705,AFGHAN.10K+TROOPS.DEC09,Announced before midnight ET on 31 Dec 2009 that 10,000+ additional troops to be sent to Afghanistan,1,70.1,Nov/15/2009 11:29:05
695705,AFGHAN.10K+TROOPS.DEC09,Announced before midnight ET on 31 Dec 2009 that 10,000+ additional troops to be sent to Afghanistan,1,69.0,Nov/15/2009 11:29:05
695705,AFGHAN.10K+TROOPS.DEC09,Announced before midnight ET on 31 Dec 2009 that 10,000+ additional troops to be sent to Afghanistan,7,60.1,Nov/15/2009 11:29:47
695705,AFGHAN.10K+TROOPS.DEC09,Announced before midnight ET on 31 Dec 2009 that 10,000+ additional troops to be sent to Afghanistan,1,65.1,Nov/15/2009 12:55:40
695705,AFGHAN.10K+TROOPS.DEC09,Announced before midnight ET on 31 Dec 2009 that 10,000+ additional troops to be sent to Afghanistan,1,70.1,Nov/15/2009 16:58:03
695705,AFGHAN.10K+TROOPS.DEC09,Announced before midnight ET on 31 Dec 2009 that 10,000+ additional troops to be sent to Afghanistan,1,69.1,Nov/15/2009 16:59:39
695705,AFGHAN.10K+TROOPS.DEC09,Announced before midnight ET on 31 Dec 2009 that 10,000+ additional troops to be sent to Afghanistan,1,78.0,Nov/15/2009 20:50:14
695705,AFGHAN.10K+TROOPS.DEC09,Announced before midnight ET on 31 Dec 2009 that 10,000+ additional troops to be sent to Afghanistan,1,79.0,Nov/18/2009 15:49:18
695705,AFGHAN.10K+TROOPS.DEC09,Announced before midnight ET on 31 Dec 2009 that 10,000+ additional troops to be sent to Afghanistan,3,79.9,Nov/18/2009 15:49:18
695705,AFGHAN.10K+TROOPS.DEC09,Announced before midnight ET on 31 Dec 2009 that 10,000+ additional troops to be sent to Afghanistan,1,84.9,Nov/18/2009 15:49:18
695705,AFGHAN.10K+TROOPS.DEC09,Announced before midnight ET on 31 Dec 2009 that 10,000+ additional troops to be sent to Afghanistan,5,86.0,Nov/18/2009 15:49:18
695705,AFGHAN.10K+TROOPS.DEC09,Announced before midnight ET on 31 Dec 2009 that 10,000+ additional troops to be sent to Afghanistan,10,88.0,Nov/18/2009 15:49:18
695705,AFGHAN.10K+TROOPS.DEC09,Announced before midnight ET on 31 Dec 2009 that 10,000+ additional troops to be sent to Afghanistan,10,88.0,Nov/18/2009 15:55:46
695705,AFGHAN.10K+TROOPS.DEC09,Announced before midnight ET on 31 Dec 2009 that 10,000+ additional troops to be sent to Afghanistan,5,88.0,Nov/18/2009 16:01:15
695705,AFGHAN.10K+TROOPS.DEC09,Announced before midnight ET on 31 Dec 2009 that 10,000+ additional troops to be sent to Afghanistan,4,85.0,Nov/18/2009 19:23:19
695705,AFGHAN.10K+TROOPS.DEC09,Announced before midnight ET on 31 Dec 2009 that 10,000+ additional troops to be sent to Afghanistan,1,87.5,Nov/18/2009 19:44:10
695705,AFGHAN.10K+TROOPS.DEC09,Announced before midnight ET on 31 Dec 2009 that 10,000+ additional troops to be sent to Afghanistan,3,80.1,Nov/18/2009 23:10:45
695705,AFGHAN.10K+TROOPS.DEC09,Announced before midnight ET on 31 Dec 2009 that 10,000+ additional troops to be sent to Afghanistan,20,80.0,Nov/18/2009 23:10:45
695705,AFGHAN.10K+TROOPS.DEC09,Announced before midnight ET on 31 Dec 2009 that 10,000+ additional troops to be sent to Afghanistan,7,76.9,Nov/18/2009 23:14:46
695705,AFGHAN.10K+TROOPS.DEC09,Announced before midnight ET on 31 Dec 2009 that 10,000+ additional troops to be sent to Afghanistan,12,78.0,Nov/18/2009 23:32:14
695705,AFGHAN.10K+TROOPS.DEC09,Announced before midnight ET on 31 Dec 2009 that 10,000+ additional troops to be sent to Afghanistan,2,76.9,Nov/18/2009 23:32:14
695705,AFGHAN.10K+TROOPS.DEC09,Announced before midnight ET on 31 Dec 2009 that 10,000+ additional troops to be sent to Afghanistan,1,77.0,Nov/18/2009 23:32:14
695705,AFGHAN.10K+TROOPS.DEC09,Announced before midnight ET on 31 Dec 2009 that 10,000+ additional troops to be sent to Afghanistan,3,80.0,Nov/18/2009 23:32:29
695705,AFGHAN.10K+TROOPS.DEC09,Announced before midnight ET on 31 Dec 2009 that 10,000+ additional troops to be sent to Afghanistan,27,80.0,Nov/18/2009 23:53:31
695705,AFGHAN.10K+TROOPS.DEC09,Announced before midnight ET on 31 Dec 2009 that 10,000+ additional troops to be sent to Afghanistan,4,82.5,Nov/19/2009 11:15:18
695705,AFGHAN.10K+TROOPS.DEC09,Announced before midnight ET on 31 Dec 2009 that 10,000+ additional troops to be sent to Afghanistan,7,83.0,Nov/19/2009 11:15:18
695705,AFGHAN.10K+TROOPS.DEC09,Announced before midnight ET on 31 Dec 2009 that 10,000+ additional troops to be sent to Afghanistan,1,82.5,Nov/19/2009 11:15:18
695705,AFGHAN.10K+TROOPS.DEC09,Announced before midnight ET on 31 Dec 2009 that 10,000+ additional troops to be sent to Afghanistan,8,83.0,Nov/19/2009 13:03:25
695705,AFGHAN.10K+TROOPS.DEC09,Announced before midnight ET on 31 Dec 2009 that 10,000+ additional troops to be sent to Afghanistan,1,83.0,Nov/19/2009 13:03:36
695705,AFGHAN.10K+TROOPS.DEC09,Announced before midnight ET on 31 Dec 2009 that 10,000+ additional troops to be sent to Afghanistan,4,83.0,Nov/19/2009 18:28:02
695705,AFGHAN.10K+TROOPS.DEC09,Announced before midnight ET on 31 Dec 2009 that 10,000+ additional troops to be sent to Afghanistan,2,78.1,Nov/19/2009 19:15:30
695705,AFGHAN.10K+TROOPS.DEC09,Announced before midnight ET on 31 Dec 2009 that 10,000+ additional troops to be sent to Afghanistan,2,78.0,Nov/19/2009 19:15:30
695705,AFGHAN.10K+TROOPS.DEC09,Announced before midnight ET on 31 Dec 2009 that 10,000+ additional troops to be sent to Afghanistan,3,78.0,Nov/19/2009 19:15:49
695705,AFGHAN.10K+TROOPS.DEC09,Announced before midnight ET on 31 Dec 2009 that 10,000+ additional troops to be sent to Afghanistan,1,84.0,Nov/19/2009 21:34:54
695705,AFGHAN.10K+TROOPS.DEC09,Announced before midnight ET on 31 Dec 2009 that 10,000+ additional troops to be sent to Afghanistan,1,83.0,Nov/19/2009 21:34:54
695705,AFGHAN.10K+TROOPS.DEC09,Announced before midnight ET on 31 Dec 2009 that 10,000+ additional troops to be sent to Afghanistan,1,84.0,Nov/19/2009 21:34:54
695705,AFGHAN.10K+TROOPS.DEC09,Announced before midnight ET on 31 Dec 2009 that 10,000+ additional troops to be sent to Afghanistan,5,84.9,Nov/19/2009 21:34:54
695705,AFGHAN.10K+TROOPS.DEC09,Announced before midnight ET on 31 Dec 2009 that 10,000+ additional troops to be sent to Afghanistan,12,85.0,Nov/19/2009 21:34:54
695705,AFGHAN.10K+TROOPS.DEC09,Announced before midnight ET on 31 Dec 2009 that 10,000+ additional troops to be sent to Afghanistan,1,84.8,Nov/20/2009 08:21:26
695705,AFGHAN.10K+TROOPS.DEC09,Announced before midnight ET on 31 Dec 2009 that 10,000+ additional troops to be sent to Afghanistan,2,84.0,Nov/21/2009 19:38:35
695705,AFGHAN.10K+TROOPS.DEC09,Announced before midnight ET on 31 Dec 2009 that 10,000+ additional troops to be sent to Afghanistan,24,84.0,Nov/21/2009 20:47:41
695705,AFGHAN.10K+TROOPS.DEC09,Announced before midnight ET on 31 Dec 2009 that 10,000+ additional troops to be sent to Afghanistan,10,82.1,Nov/21/2009 20:48:24
695705,AFGHAN.10K+TROOPS.DEC09,Announced before midnight ET on 31 Dec 2009 that 10,000+ additional troops to be sent to Afghanistan,10,82.0,Nov/21/2009 20:48:24
695705,AFGHAN.10K+TROOPS.DEC09,Announced before midnight ET on 31 Dec 2009 that 10,000+ additional troops to be sent to Afghanistan,1,83.0,Nov/22/2009 01:27:26
695705,AFGHAN.10K+TROOPS.DEC09,Announced before midnight ET on 31 Dec 2009 that 10,000+ additional troops to be sent to Afghanistan,1,82.0,Nov/22/2009 01:27:26
695705,AFGHAN.10K+TROOPS.DEC09,Announced before midnight ET on 31 Dec 2009 that 10,000+ additional troops to be sent to Afghanistan,1,81.0,Nov/22/2009 01:27:26
695705,AFGHAN.10K+TROOPS.DEC09,Announced before midnight ET on 31 Dec 2009 that 10,000+ additional troops to be sent to Afghanistan,1,84.0,Nov/22/2009 01:27:26
695705,AFGHAN.10K+TROOPS.DEC09,Announced before midnight ET on 31 Dec 2009 that 10,000+ additional troops to be sent to Afghanistan,5,84.8,Nov/22/2009 01:27:26
695705,AFGHAN.10K+TROOPS.DEC09,Announced before midnight ET on 31 Dec 2009 that 10,000+ additional troops to be sent to Afghanistan,20,85.0,Nov/22/2009 01:27:52
695705,AFGHAN.10K+TROOPS.DEC09,Announced before midnight ET on 31 Dec 2009 that 10,000+ additional troops to be sent to Afghanistan,1,78.1,Nov/22/2009 05:01:10
695705,AFGHAN.10K+TROOPS.DEC09,Announced before midnight ET on 31 Dec 2009 that 10,000+ additional troops to be sent to Afghanistan,2,78.0,Nov/22/2009 05:01:10
695705,AFGHAN.10K+TROOPS.DEC09,Announced before midnight ET on 31 Dec 2009 that 10,000+ additional troops to be sent to Afghanistan,1,80.0,Nov/22/2009 05:01:10
695705,AFGHAN.10K+TROOPS.DEC09,Announced before midnight ET on 31 Dec 2009 that 10,000+ additional troops to be sent to Afghanistan,1,79.0,Nov/22/2009 05:01:10
695705,AFGHAN.10K+TROOPS.DEC09,Announced before midnight ET on 31 Dec 2009 that 10,000+ additional troops to be sent to Afghanistan,3,75.0,Nov/22/2009 05:01:32
695705,AFGHAN.10K+TROOPS.DEC09,Announced before midnight ET on 31 Dec 2009 that 10,000+ additional troops to be sent to Afghanistan,1,75.1,Nov/22/2009 05:01:32
695705,AFGHAN.10K+TROOPS.DEC09,Announced before midnight ET on 31 Dec 2009 that 10,000+ additional troops to be sent to Afghanistan,1,76.0,Nov/22/2009 05:01:32
695705,AFGHAN.10K+TROOPS.DEC09,Announced before midnight ET on 31 Dec 2009 that 10,000+ additional troops to be sent to Afghanistan,2,75.0,Nov/22/2009 05:01:51
695705,AFGHAN.10K+TROOPS.DEC09,Announced before midnight ET on 31 Dec 2009 that 10,000+ additional troops to be sent to Afghanistan,3,75.0,Nov/22/2009 08:00:59
695705,AFGHAN.10K+TROOPS.DEC09,Announced before midnight ET on 31 Dec 2009 that 10,000+ additional troops to be sent to Afghanistan,1,83.0,Nov/23/2009 09:22:41
695705,AFGHAN.10K+TROOPS.DEC09,Announced before midnight ET on 31 Dec 2009 that 10,000+ additional troops to be sent to Afghanistan,3,80.0,Nov/23/2009 18:33:41
695705,AFGHAN.10K+TROOPS.DEC09,Announced before midnight ET on 31 Dec 2009 that 10,000+ additional troops to be sent to Afghanistan,1,81.0,Nov/23/2009 19:01:46
695705,AFGHAN.10K+TROOPS.DEC09,Announced before midnight ET on 31 Dec 2009 that 10,000+ additional troops to be sent to Afghanistan,1,83.5,Nov/23/2009 21:42:21
695705,AFGHAN.10K+TROOPS.DEC09,Announced before midnight ET on 31 Dec 2009 that 10,000+ additional troops to be sent to Afghanistan,1,83.8,Nov/23/2009 23:01:18
695705,AFGHAN.10K+TROOPS.DEC09,Announced before midnight ET on 31 Dec 2009 that 10,000+ additional troops to be sent to Afghanistan,1,83.5,Nov/23/2009 23:01:18
695705,AFGHAN.10K+TROOPS.DEC09,Announced before midnight ET on 31 Dec 2009 that 10,000+ additional troops to be sent to Afghanistan,1,84.9,Nov/24/2009 00:48:45
695705,AFGHAN.10K+TROOPS.DEC09,Announced before midnight ET on 31 Dec 2009 that 10,000+ additional troops to be sent to Afghanistan,1,84.9,Nov/24/2009 00:48:45
695705,AFGHAN.10K+TROOPS.DEC09,Announced before midnight ET on 31 Dec 2009 that 10,000+ additional troops to be sent to Afghanistan,8,85.0,Nov/24/2009 00:48:45
695705,AFGHAN.10K+TROOPS.DEC09,Announced before midnight ET on 31 Dec 2009 that 10,000+ additional troops to be sent to Afghanistan,1,84.9,Nov/24/2009 02:08:20
695705,AFGHAN.10K+TROOPS.DEC09,Announced before midnight ET on 31 Dec 2009 that 10,000+ additional troops to be sent to Afghanistan,5,85.0,Nov/24/2009 04:58:00
695705,AFGHAN.10K+TROOPS.DEC09,Announced before midnight ET on 31 Dec 2009 that 10,000+ additional troops to be sent to Afghanistan,8,85.0,Nov/24/2009 04:58:58
695705,AFGHAN.10K+TROOPS.DEC09,Announced before midnight ET on 31 Dec 2009 that 10,000+ additional troops to be sent to Afghanistan,2,85.0,Nov/24/2009 04:58:58
695705,AFGHAN.10K+TROOPS.DEC09,Announced before midnight ET on 31 Dec 2009 that 10,000+ additional troops to be sent to Afghanistan,5,85.0,Nov/24/2009 05:00:19
695705,AFGHAN.10K+TROOPS.DEC09,Announced before midnight ET on 31 Dec 2009 that 10,000+ additional troops to be sent to Afghanistan,1,83.0,Nov/24/2009 07:12:21
695705,AFGHAN.10K+TROOPS.DEC09,Announced before midnight ET on 31 Dec 2009 that 10,000+ additional troops to be sent to Afghanistan,13,85.0,Nov/24/2009 07:12:21
695705,AFGHAN.10K+TROOPS.DEC09,Announced before midnight ET on 31 Dec 2009 that 10,000+ additional troops to be sent to Afghanistan,1,89.0,Nov/24/2009 07:29:17
695705,AFGHAN.10K+TROOPS.DEC09,Announced before midnight ET on 31 Dec 2009 that 10,000+ additional troops to be sent to Afghanistan,2,89.0,Nov/24/2009 12:05:12
695705,AFGHAN.10K+TROOPS.DEC09,Announced before midnight ET on 31 Dec 2009 that 10,000+ additional troops to be sent to Afghanistan,1,88.9,Nov/24/2009 12:05:12
695705,AFGHAN.10K+TROOPS.DEC09,Announced before midnight ET on 31 Dec 2009 that 10,000+ additional troops to be sent to Afghanistan,4,89.0,Nov/24/2009 13:08:49
695705,AFGHAN.10K+TROOPS.DEC09,Announced before midnight ET on 31 Dec 2009 that 10,000+ additional troops to be sent to Afghanistan,15,90.0,Nov/24/2009 13:09:55
695705,AFGHAN.10K+TROOPS.DEC09,Announced before midnight ET on 31 Dec 2009 that 10,000+ additional troops to be sent to Afghanistan,1,89.9,Nov/24/2009 14:20:29
695705,AFGHAN.10K+TROOPS.DEC09,Announced before midnight ET on 31 Dec 2009 that 10,000+ additional troops to be sent to Afghanistan,1,90.0,Nov/24/2009 14:21:03
695705,AFGHAN.10K+TROOPS.DEC09,Announced before midnight ET on 31 Dec 2009 that 10,000+ additional troops to be sent to Afghanistan,2,90.0,Nov/24/2009 14:21:42
695705,AFGHAN.10K+TROOPS.DEC09,Announced before midnight ET on 31 Dec 2009 that 10,000+ additional troops to be sent to Afghanistan,3,90.0,Nov/24/2009 14:22:30
695705,AFGHAN.10K+TROOPS.DEC09,Announced before midnight ET on 31 Dec 2009 that 10,000+ additional troops to be sent to Afghanistan,1,89.9,Nov/24/2009 14:22:30
695705,AFGHAN.10K+TROOPS.DEC09,Announced before midnight ET on 31 Dec 2009 that 10,000+ additional troops to be sent to Afghanistan,29,90.0,Nov/24/2009 14:31:31
695705,AFGHAN.10K+TROOPS.DEC09,Announced before midnight ET on 31 Dec 2009 that 10,000+ additional troops to be sent to Afghanistan,1,94.7,Nov/24/2009 16:32:11
695705,AFGHAN.10K+TROOPS.DEC09,Announced before midnight ET on 31 Dec 2009 that 10,000+ additional troops to be sent to Afghanistan,1,94.7,Nov/24/2009 16:32:11
695705,AFGHAN.10K+TROOPS.DEC09,Announced before midnight ET on 31 Dec 2009 that 10,000+ additional troops to be sent to Afghanistan,5,94.6,Nov/24/2009 16:54:29
695705,AFGHAN.10K+TROOPS.DEC09,Announced before midnight ET on 31 Dec 2009 that 10,000+ additional troops to be sent to Afghanistan,10,94.7,Nov/24/2009 16:54:40
695705,AFGHAN.10K+TROOPS.DEC09,Announced before midnight ET on 31 Dec 2009 that 10,000+ additional troops to be sent to Afghanistan,5,94.8,Nov/24/2009 16:55:13
695705,AFGHAN.10K+TROOPS.DEC09,Announced before midnight ET on 31 Dec 2009 that 10,000+ additional troops to be sent to Afghanistan,1,94.8,Nov/24/2009 16:55:36
695705,AFGHAN.10K+TROOPS.DEC09,Announced before midnight ET on 31 Dec 2009 that 10,000+ additional troops to be sent to Afghanistan,1,94.9,Nov/24/2009 16:55:36
695705,AFGHAN.10K+TROOPS.DEC09,Announced before midnight ET on 31 Dec 2009 that 10,000+ additional troops to be sent to Afghanistan,3,95.0,Nov/24/2009 16:55:36
695705,AFGHAN.10K+TROOPS.DEC09,Announced before midnight ET on 31 Dec 2009 that 10,000+ additional troops to be sent to Afghanistan,1,95.0,Nov/24/2009 16:55:57
695705,AFGHAN.10K+TROOPS.DEC09,Announced before midnight ET on 31 Dec 2009 that 10,000+ additional troops to be sent to Afghanistan,1,95.0,Nov/24/2009 18:18:21
695705,AFGHAN.10K+TROOPS.DEC09,Announced before midnight ET on 31 Dec 2009 that 10,000+ additional troops to be sent to Afghanistan,1,94.9,Nov/24/2009 19:44:50
695705,AFGHAN.10K+TROOPS.DEC09,Announced before midnight ET on 31 Dec 2009 that 10,000+ additional troops to be sent to Afghanistan,5,94.9,Nov/24/2009 20:35:22
695705,AFGHAN.10K+TROOPS.DEC09,Announced before midnight ET on 31 Dec 2009 that 10,000+ additional troops to be sent to Afghanistan,5,95.0,Nov/24/2009 20:56:19
695705,AFGHAN.10K+TROOPS.DEC09,Announced before midnight ET on 31 Dec 2009 that 10,000+ additional troops to be sent to Afghanistan,7,95.0,Nov/24/2009 21:32:40
695705,AFGHAN.10K+TROOPS.DEC09,Announced before midnight ET on 31 Dec 2009 that 10,000+ additional troops to be sent to Afghanistan,3,94.1,Nov/24/2009 21:34:43
695705,AFGHAN.10K+TROOPS.DEC09,Announced before midnight ET on 31 Dec 2009 that 10,000+ additional troops to be sent to Afghanistan,2,95.0,Nov/25/2009 03:09:43
695705,AFGHAN.10K+TROOPS.DEC09,Announced before midnight ET on 31 Dec 2009 that 10,000+ additional troops to be sent to Afghanistan,2,95.0,Nov/25/2009 03:09:43
695705,AFGHAN.10K+TROOPS.DEC09,Announced before midnight ET on 31 Dec 2009 that 10,000+ additional troops to be sent to Afghanistan,1,94.9,Nov/25/2009 03:09:43
695705,AFGHAN.10K+TROOPS.DEC09,Announced before midnight ET on 31 Dec 2009 that 10,000+ additional troops to be sent to Afghanistan,1,95.8,Nov/25/2009 03:11:09
695705,AFGHAN.10K+TROOPS.DEC09,Announced before midnight ET on 31 Dec 2009 that 10,000+ additional troops to be sent to Afghanistan,1,95.8,Nov/25/2009 03:11:09
695705,AFGHAN.10K+TROOPS.DEC09,Announced before midnight ET on 31 Dec 2009 that 10,000+ additional troops to be sent to Afghanistan,1,95.9,Nov/25/2009 03:11:09
695705,AFGHAN.10K+TROOPS.DEC09,Announced before midnight ET on 31 Dec 2009 that 10,000+ additional troops to be sent to Afghanistan,1,96.0,Nov/25/2009 03:11:09
695705,AFGHAN.10K+TROOPS.DEC09,Announced before midnight ET on 31 Dec 2009 that 10,000+ additional troops to be sent to Afghanistan,1,96.0,Nov/25/2009 03:11:09
695705,AFGHAN.10K+TROOPS.DEC09,Announced before midnight ET on 31 Dec 2009 that 10,000+ additional troops to be sent to Afghanistan,1,95.5,Nov/25/2009 06:22:18
695705,AFGHAN.10K+TROOPS.DEC09,Announced before midnight ET on 31 Dec 2009 that 10,000+ additional troops to be sent to Afghanistan,1,95.7,Nov/25/2009 06:23:03
695705,AFGHAN.10K+TROOPS.DEC09,Announced before midnight ET on 31 Dec 2009 that 10,000+ additional troops to be sent to Afghanistan,1,95.8,Nov/25/2009 06:25:46
695705,AFGHAN.10K+TROOPS.DEC09,Announced before midnight ET on 31 Dec 2009 that 10,000+ additional troops to be sent to Afghanistan,1,95.9,Nov/25/2009 08:19:14
695705,AFGHAN.10K+TROOPS.DEC09,Announced before midnight ET on 31 Dec 2009 that 10,000+ additional troops to be sent to Afghanistan,10,95.9,Nov/25/2009 15:43:38
695705,AFGHAN.10K+TROOPS.DEC09,Announced before midnight ET on 31 Dec 2009 that 10,000+ additional troops to be sent to Afghanistan,1,96.3,Nov/25/2009 19:52:22
695705,AFGHAN.10K+TROOPS.DEC09,Announced before midnight ET on 31 Dec 2009 that 10,000+ additional troops to be sent to Afghanistan,1,95.3,Nov/25/2009 23:06:42
695705,AFGHAN.10K+TROOPS.DEC09,Announced before midnight ET on 31 Dec 2009 that 10,000+ additional troops to be sent to Afghanistan,17,95.2,Nov/25/2009 23:06:42
695705,AFGHAN.10K+TROOPS.DEC09,Announced before midnight ET on 31 Dec 2009 that 10,000+ additional troops to be sent to Afghanistan,1,95.0,Nov/25/2009 23:06:42
695705,AFGHAN.10K+TROOPS.DEC09,Announced before midnight ET on 31 Dec 2009 that 10,000+ additional troops to be sent to Afghanistan,1,95.3,Nov/25/2009 23:06:42
695705,AFGHAN.10K+TROOPS.DEC09,Announced before midnight ET on 31 Dec 2009 that 10,000+ additional troops to be sent to Afghanistan,2,96.4,Nov/26/2009 04:46:24
695705,AFGHAN.10K+TROOPS.DEC09,Announced before midnight ET on 31 Dec 2009 that 10,000+ additional troops to be sent to Afghanistan,1,96.9,Nov/26/2009 04:49:12
695705,AFGHAN.10K+TROOPS.DEC09,Announced before midnight ET on 31 Dec 2009 that 10,000+ additional troops to be sent to Afghanistan,25,97.0,Nov/26/2009 08:57:20
695705,AFGHAN.10K+TROOPS.DEC09,Announced before midnight ET on 31 Dec 2009 that 10,000+ additional troops to be sent to Afghanistan,1,97.0,Nov/26/2009 10:41:28
695705,AFGHAN.10K+TROOPS.DEC09,Announced before midnight ET on 31 Dec 2009 that 10,000+ additional troops to be sent to Afghanistan,24,97.0,Nov/26/2009 12:14:27
695705,AFGHAN.10K+TROOPS.DEC09,Announced before midnight ET on 31 Dec 2009 that 10,000+ additional troops to be sent to Afghanistan,1,97.5,Nov/27/2009 03:10:22
695705,AFGHAN.10K+TROOPS.DEC09,Announced before midnight ET on 31 Dec 2009 that 10,000+ additional troops to be sent to Afghanistan,2,97.9,Nov/27/2009 03:10:58
695705,AFGHAN.10K+TROOPS.DEC09,Announced before midnight ET on 31 Dec 2009 that 10,000+ additional troops to be sent to Afghanistan,2,98.0,Nov/27/2009 03:11:26
695705,AFGHAN.10K+TROOPS.DEC09,Announced before midnight ET on 31 Dec 2009 that 10,000+ additional troops to be sent to Afghanistan,1,97.1,Nov/27/2009 03:36:54
695705,AFGHAN.10K+TROOPS.DEC09,Announced before midnight ET on 31 Dec 2009 that 10,000+ additional troops to be sent to Afghanistan,25,97.0,Nov/27/2009 03:36:54
695705,AFGHAN.10K+TROOPS.DEC09,Announced before midnight ET on 31 Dec 2009 that 10,000+ additional troops to be sent to Afghanistan,24,96.9,Nov/27/2009 03:36:54
695705,AFGHAN.10K+TROOPS.DEC09,Announced before midnight ET on 31 Dec 2009 that 10,000+ additional troops to be sent to Afghanistan,25,96.8,Nov/27/2009 14:15:10
695705,AFGHAN.10K+TROOPS.DEC09,Announced before midnight ET on 31 Dec 2009 that 10,000+ additional troops to be sent to Afghanistan,1,96.9,Nov/27/2009 14:15:10
695705,AFGHAN.10K+TROOPS.DEC09,Announced before midnight ET on 31 Dec 2009 that 10,000+ additional troops to be sent to Afghanistan,1,96.1,Nov/28/2009 20:03:28
695705,AFGHAN.10K+TROOPS.DEC09,Announced before midnight ET on 31 Dec 2009 that 10,000+ additional troops to be sent to Afghanistan,3,96.9,Nov/30/2009 01:07:46
695705,AFGHAN.10K+TROOPS.DEC09,Announced before midnight ET on 31 Dec 2009 that 10,000+ additional troops to be sent to Afghanistan,1,97.7,Nov/30/2009 01:33:57
695705,AFGHAN.10K+TROOPS.DEC09,Announced before midnight ET on 31 Dec 2009 that 10,000+ additional troops to be sent to Afghanistan,1,97.8,Nov/30/2009 01:33:57
695705,AFGHAN.10K+TROOPS.DEC09,Announced before midnight ET on 31 Dec 2009 that 10,000+ additional troops to be sent to Afghanistan,2,97.9,Nov/30/2009 01:34:13
695705,AFGHAN.10K+TROOPS.DEC09,Announced before midnight ET on 31 Dec 2009 that 10,000+ additional troops to be sent to Afghanistan,8,97.9,Nov/30/2009 01:34:13
695705,AFGHAN.10K+TROOPS.DEC09,Announced before midnight ET on 31 Dec 2009 that 10,000+ additional troops to be sent to Afghanistan,3,98.0,Nov/30/2009 01:34:43
695705,AFGHAN.10K+TROOPS.DEC09,Announced before midnight ET on 31 Dec 2009 that 10,000+ additional troops to be sent to Afghanistan,6,98.0,Nov/30/2009 01:34:43
695705,AFGHAN.10K+TROOPS.DEC09,Announced before midnight ET on 31 Dec 2009 that 10,000+ additional troops to be sent to Afghanistan,1,97.1,Nov/30/2009 16:56:14
695705,AFGHAN.10K+TROOPS.DEC09,Announced before midnight ET on 31 Dec 2009 that 10,000+ additional troops to be sent to Afghanistan,4,97.0,Nov/30/2009 16:56:14
695705,AFGHAN.10K+TROOPS.DEC09,Announced before midnight ET on 31 Dec 2009 that 10,000+ additional troops to be sent to Afghanistan,7,96.9,Nov/30/2009 16:57:04
695705,AFGHAN.10K+TROOPS.DEC09,Announced before midnight ET on 31 Dec 2009 that 10,000+ additional troops to be sent to Afghanistan,13,96.8,Nov/30/2009 16:57:04
695705,AFGHAN.10K+TROOPS.DEC09,Announced before midnight ET on 31 Dec 2009 that 10,000+ additional troops to be sent to Afghanistan,12,96.8,Nov/30/2009 17:05:17
695705,AFGHAN.10K+TROOPS.DEC09,Announced before midnight ET on 31 Dec 2009 that 10,000+ additional troops to be sent to Afghanistan,1,97.8,Nov/30/2009 17:12:55
695705,AFGHAN.10K+TROOPS.DEC09,Announced before midnight ET on 31 Dec 2009 that 10,000+ additional troops to be sent to Afghanistan,1,96.5,Nov/30/2009 17:50:25
695705,AFGHAN.10K+TROOPS.DEC09,Announced before midnight ET on 31 Dec 2009 that 10,000+ additional troops to be sent to Afghanistan,17,98.0,Nov/30/2009 19:11:31
695705,AFGHAN.10K+TROOPS.DEC09,Announced before midnight ET on 31 Dec 2009 that 10,000+ additional troops to be sent to Afghanistan,1,97.9,Nov/30/2009 19:11:31
695705,AFGHAN.10K+TROOPS.DEC09,Announced before midnight ET on 31 Dec 2009 that 10,000+ additional troops to be sent to Afghanistan,2,97.9,Nov/30/2009 19:11:31
695705,AFGHAN.10K+TROOPS.DEC09,Announced before midnight ET on 31 Dec 2009 that 10,000+ additional troops to be sent to Afghanistan,1,97.5,Nov/30/2009 19:11:31
695705,AFGHAN.10K+TROOPS.DEC09,Announced before midnight ET on 31 Dec 2009 that 10,000+ additional troops to be sent to Afghanistan,4,97.5,Nov/30/2009 19:11:31
695705,AFGHAN.10K+TROOPS.DEC09,Announced before midnight ET on 31 Dec 2009 that 10,000+ additional troops to be sent to Afghanistan,1,97.4,Nov/30/2009 19:11:31
695705,AFGHAN.10K+TROOPS.DEC09,Announced before midnight ET on 31 Dec 2009 that 10,000+ additional troops to be sent to Afghanistan,23,99.3,Nov/30/2009 19:12:52
695705,AFGHAN.10K+TROOPS.DEC09,Announced before midnight ET on 31 Dec 2009 that 10,000+ additional troops to be sent to Afghanistan,9,98.0,Nov/30/2009 19:12:52
695705,AFGHAN.10K+TROOPS.DEC09,Announced before midnight ET on 31 Dec 2009 that 10,000+ additional troops to be sent to Afghanistan,7,99.2,Nov/30/2009 19:12:52
695705,AFGHAN.10K+TROOPS.DEC09,Announced before midnight ET on 31 Dec 2009 that 10,000+ additional troops to be sent to Afghanistan,3,99.0,Dec/01/2009 03:17:04
695705,AFGHAN.10K+TROOPS.DEC09,Announced before midnight ET on 31 Dec 2009 that 10,000+ additional troops to be sent to Afghanistan,3,99.1,Dec/01/2009 03:17:04
695705,AFGHAN.10K+TROOPS.DEC09,Announced before midnight ET on 31 Dec 2009 that 10,000+ additional troops to be sent to Afghanistan,2,99.1,Dec/01/2009 03:17:04
695705,AFGHAN.10K+TROOPS.DEC09,Announced before midnight ET on 31 Dec 2009 that 10,000+ additional troops to be sent to Afghanistan,2,99.0,Dec/01/2009 12:41:20
695705,AFGHAN.10K+TROOPS.DEC09,Announced before midnight ET on 31 Dec 2009 that 10,000+ additional troops to be sent to Afghanistan,8,99.0,Dec/01/2009 15:20:13
695705,AFGHAN.10K+TROOPS.DEC09,Announced before midnight ET on 31 Dec 2009 that 10,000+ additional troops to be sent to Afghanistan,1,98.4,Dec/02/2009 03:46:08
695705,AFGHAN.10K+TROOPS.DEC09,Announced before midnight ET on 31 Dec 2009 that 10,000+ additional troops to be sent to Afghanistan,4,97.0,Dec/02/2009 03:46:08
695705,AFGHAN.10K+TROOPS.DEC09,Announced before midnight ET on 31 Dec 2009 that 10,000+ additional troops to be sent to Afghanistan,3,97.0,Dec/02/2009 03:46:08
695705,AFGHAN.10K+TROOPS.DEC09,Announced before midnight ET on 31 Dec 2009 that 10,000+ additional troops to be sent to Afghanistan,10,98.3,Dec/02/2009 03:46:08
695705,AFGHAN.10K+TROOPS.DEC09,Announced before midnight ET on 31 Dec 2009 that 10,000+ additional troops to be sent to Afghanistan,1,98.4,Dec/02/2009 03:46:08
695705,AFGHAN.10K+TROOPS.DEC09,Announced before midnight ET on 31 Dec 2009 that 10,000+ additional troops to be sent to Afghanistan,1,98.4,Dec/02/2009 03:46:08
695705,AFGHAN.10K+TROOPS.DEC09,Announced before midnight ET on 31 Dec 2009 that 10,000+ additional troops to be sent to Afghanistan,1,97.0,Dec/02/2009 03:58:55
695705,AFGHAN.10K+TROOPS.DEC09,Announced before midnight ET on 31 Dec 2009 that 10,000+ additional troops to be sent to Afghanistan,5,97.0,Dec/02/2009 04:03:06
695705,AFGHAN.10K+TROOPS.DEC09,Announced before midnight ET on 31 Dec 2009 that 10,000+ additional troops to be sent to Afghanistan,9,96.0,Dec/02/2009 05:40:46
695705,AFGHAN.10K+TROOPS.DEC09,Announced before midnight ET on 31 Dec 2009 that 10,000+ additional troops to be sent to Afghanistan,1,95.5,Dec/02/2009 05:40:46
695705,AFGHAN.10K+TROOPS.DEC09,Announced before midnight ET on 31 Dec 2009 that 10,000+ additional troops to be sent to Afghanistan,1,96.0,Dec/02/2009 05:41:30
