market id,market symbol,market name,trade quantity,trade price,date/time [utc]
751712,NEVADA.PAUL(RON),Ron Paul to win the 2012 Nevada Caucus,2,12.0,Sep/20/2011 20:11:41
751712,NEVADA.PAUL(RON),Ron Paul to win the 2012 Nevada Caucus,1,5.0,Oct/26/2011 07:49:24
751712,NEVADA.PAUL(RON),Ron Paul to win the 2012 Nevada Caucus,1,6.0,Oct/26/2011 07:49:24
751712,NEVADA.PAUL(RON),Ron Paul to win the 2012 Nevada Caucus,1,7.0,Oct/26/2011 07:49:24
751712,NEVADA.PAUL(RON),Ron Paul to win the 2012 Nevada Caucus,2,4.0,Oct/31/2011 21:52:53
751712,NEVADA.PAUL(RON),Ron Paul to win the 2012 Nevada Caucus,4,4.0,Oct/31/2011 22:35:14
751712,NEVADA.PAUL(RON),Ron Paul to win the 2012 Nevada Caucus,5,4.0,Nov/02/2011 19:30:49
751712,NEVADA.PAUL(RON),Ron Paul to win the 2012 Nevada Caucus,10,2.0,Nov/06/2011 20:02:20
751712,NEVADA.PAUL(RON),Ron Paul to win the 2012 Nevada Caucus,10,2.0,Nov/06/2011 20:02:31
751712,NEVADA.PAUL(RON),Ron Paul to win the 2012 Nevada Caucus,5,2.0,Nov/06/2011 20:02:41
751712,NEVADA.PAUL(RON),Ron Paul to win the 2012 Nevada Caucus,1,2.0,Nov/06/2011 23:23:11
751712,NEVADA.PAUL(RON),Ron Paul to win the 2012 Nevada Caucus,1,2.0,Nov/06/2011 23:23:42
751712,NEVADA.PAUL(RON),Ron Paul to win the 2012 Nevada Caucus,24,2.0,Nov/06/2011 23:24:02
751712,NEVADA.PAUL(RON),Ron Paul to win the 2012 Nevada Caucus,14,2.0,Nov/08/2011 22:58:28
751712,NEVADA.PAUL(RON),Ron Paul to win the 2012 Nevada Caucus,1,2.0,Nov/08/2011 22:59:50
751712,NEVADA.PAUL(RON),Ron Paul to win the 2012 Nevada Caucus,10,2.0,Nov/08/2011 22:59:50
751712,NEVADA.PAUL(RON),Ron Paul to win the 2012 Nevada Caucus,5,4.0,Nov/09/2011 17:52:21
751712,NEVADA.PAUL(RON),Ron Paul to win the 2012 Nevada Caucus,5,4.0,Nov/09/2011 17:52:21
751712,NEVADA.PAUL(RON),Ron Paul to win the 2012 Nevada Caucus,5,2.0,Nov/09/2011 18:26:23
751712,NEVADA.PAUL(RON),Ron Paul to win the 2012 Nevada Caucus,5,2.0,Nov/09/2011 18:26:55
751712,NEVADA.PAUL(RON),Ron Paul to win the 2012 Nevada Caucus,6,2.0,Nov/09/2011 18:27:16
751712,NEVADA.PAUL(RON),Ron Paul to win the 2012 Nevada Caucus,9,2.0,Nov/09/2011 18:27:16
751712,NEVADA.PAUL(RON),Ron Paul to win the 2012 Nevada Caucus,11,2.0,Nov/09/2011 20:01:02
751712,NEVADA.PAUL(RON),Ron Paul to win the 2012 Nevada Caucus,14,2.0,Nov/09/2011 20:01:02
751712,NEVADA.PAUL(RON),Ron Paul to win the 2012 Nevada Caucus,5,3.0,Nov/11/2011 19:52:14
751712,NEVADA.PAUL(RON),Ron Paul to win the 2012 Nevada Caucus,10,3.5,Nov/15/2011 12:25:44
751712,NEVADA.PAUL(RON),Ron Paul to win the 2012 Nevada Caucus,5,4.0,Nov/15/2011 12:25:50
751712,NEVADA.PAUL(RON),Ron Paul to win the 2012 Nevada Caucus,5,4.0,Nov/15/2011 12:25:50
751712,NEVADA.PAUL(RON),Ron Paul to win the 2012 Nevada Caucus,1,4.5,Nov/16/2011 19:05:56
751712,NEVADA.PAUL(RON),Ron Paul to win the 2012 Nevada Caucus,2,4.5,Nov/16/2011 19:05:56
751712,NEVADA.PAUL(RON),Ron Paul to win the 2012 Nevada Caucus,5,5.0,Nov/17/2011 02:03:56
751712,NEVADA.PAUL(RON),Ron Paul to win the 2012 Nevada Caucus,5,5.0,Nov/17/2011 02:03:56
751712,NEVADA.PAUL(RON),Ron Paul to win the 2012 Nevada Caucus,2,5.0,Nov/17/2011 02:03:56
751712,NEVADA.PAUL(RON),Ron Paul to win the 2012 Nevada Caucus,2,5.5,Nov/17/2011 02:04:52
751712,NEVADA.PAUL(RON),Ron Paul to win the 2012 Nevada Caucus,5,4.0,Nov/22/2011 15:40:16
751712,NEVADA.PAUL(RON),Ron Paul to win the 2012 Nevada Caucus,10,4.0,Nov/23/2011 19:09:35
751712,NEVADA.PAUL(RON),Ron Paul to win the 2012 Nevada Caucus,4,4.4,Nov/25/2011 00:38:42
751712,NEVADA.PAUL(RON),Ron Paul to win the 2012 Nevada Caucus,10,4.5,Nov/25/2011 00:38:51
751712,NEVADA.PAUL(RON),Ron Paul to win the 2012 Nevada Caucus,2,5.0,Nov/25/2011 17:22:49
751712,NEVADA.PAUL(RON),Ron Paul to win the 2012 Nevada Caucus,1,5.9,Nov/25/2011 17:45:21
751712,NEVADA.PAUL(RON),Ron Paul to win the 2012 Nevada Caucus,1,6.0,Nov/25/2011 17:45:21
751712,NEVADA.PAUL(RON),Ron Paul to win the 2012 Nevada Caucus,1,6.0,Nov/25/2011 17:45:21
751712,NEVADA.PAUL(RON),Ron Paul to win the 2012 Nevada Caucus,28,6.0,Nov/25/2011 17:45:21
751712,NEVADA.PAUL(RON),Ron Paul to win the 2012 Nevada Caucus,2,6.1,Dec/04/2011 06:50:52
751712,NEVADA.PAUL(RON),Ron Paul to win the 2012 Nevada Caucus,14,8.0,Dec/06/2011 22:23:40
751712,NEVADA.PAUL(RON),Ron Paul to win the 2012 Nevada Caucus,2,8.0,Dec/07/2011 01:09:06
751712,NEVADA.PAUL(RON),Ron Paul to win the 2012 Nevada Caucus,24,8.0,Dec/07/2011 04:23:14
751712,NEVADA.PAUL(RON),Ron Paul to win the 2012 Nevada Caucus,5,7.9,Dec/08/2011 01:02:32
751712,NEVADA.PAUL(RON),Ron Paul to win the 2012 Nevada Caucus,1,8.0,Dec/08/2011 01:02:57
751712,NEVADA.PAUL(RON),Ron Paul to win the 2012 Nevada Caucus,5,8.0,Dec/08/2011 01:03:26
751712,NEVADA.PAUL(RON),Ron Paul to win the 2012 Nevada Caucus,1,9.8,Dec/08/2011 01:17:45
751712,NEVADA.PAUL(RON),Ron Paul to win the 2012 Nevada Caucus,10,11.0,Dec/08/2011 01:18:20
751712,NEVADA.PAUL(RON),Ron Paul to win the 2012 Nevada Caucus,1,11.0,Dec/08/2011 02:55:45
751712,NEVADA.PAUL(RON),Ron Paul to win the 2012 Nevada Caucus,10,10.0,Dec/08/2011 21:12:08
751712,NEVADA.PAUL(RON),Ron Paul to win the 2012 Nevada Caucus,22,14.9,Dec/09/2011 01:00:40
751712,NEVADA.PAUL(RON),Ron Paul to win the 2012 Nevada Caucus,10,14.0,Dec/09/2011 03:50:48
751712,NEVADA.PAUL(RON),Ron Paul to win the 2012 Nevada Caucus,22,14.0,Dec/09/2011 03:50:54
751712,NEVADA.PAUL(RON),Ron Paul to win the 2012 Nevada Caucus,50,14.0,Dec/09/2011 03:58:16
751712,NEVADA.PAUL(RON),Ron Paul to win the 2012 Nevada Caucus,40,20.0,Dec/09/2011 03:58:16
751712,NEVADA.PAUL(RON),Ron Paul to win the 2012 Nevada Caucus,50,15.0,Dec/09/2011 03:58:16
751712,NEVADA.PAUL(RON),Ron Paul to win the 2012 Nevada Caucus,10,19.9,Dec/09/2011 03:58:16
751712,NEVADA.PAUL(RON),Ron Paul to win the 2012 Nevada Caucus,10,14.9,Dec/09/2011 15:30:23
751712,NEVADA.PAUL(RON),Ron Paul to win the 2012 Nevada Caucus,30,15.0,Dec/10/2011 12:32:14
751712,NEVADA.PAUL(RON),Ron Paul to win the 2012 Nevada Caucus,10,15.0,Dec/10/2011 16:11:28
751712,NEVADA.PAUL(RON),Ron Paul to win the 2012 Nevada Caucus,4,17.4,Dec/11/2011 01:13:36
751712,NEVADA.PAUL(RON),Ron Paul to win the 2012 Nevada Caucus,10,15.0,Dec/11/2011 18:45:32
751712,NEVADA.PAUL(RON),Ron Paul to win the 2012 Nevada Caucus,2,15.5,Dec/13/2011 15:12:04
751712,NEVADA.PAUL(RON),Ron Paul to win the 2012 Nevada Caucus,8,15.5,Dec/14/2011 07:48:15
751712,NEVADA.PAUL(RON),Ron Paul to win the 2012 Nevada Caucus,2,15.5,Dec/15/2011 20:48:42
751712,NEVADA.PAUL(RON),Ron Paul to win the 2012 Nevada Caucus,1,13.0,Dec/18/2011 00:25:34
751712,NEVADA.PAUL(RON),Ron Paul to win the 2012 Nevada Caucus,10,12.0,Dec/19/2011 09:44:25
751712,NEVADA.PAUL(RON),Ron Paul to win the 2012 Nevada Caucus,1,13.0,Dec/19/2011 15:56:51
751712,NEVADA.PAUL(RON),Ron Paul to win the 2012 Nevada Caucus,50,7.5,Dec/19/2011 18:23:07
751712,NEVADA.PAUL(RON),Ron Paul to win the 2012 Nevada Caucus,1,9.9,Dec/19/2011 18:23:07
751712,NEVADA.PAUL(RON),Ron Paul to win the 2012 Nevada Caucus,20,9.0,Dec/19/2011 18:23:07
751712,NEVADA.PAUL(RON),Ron Paul to win the 2012 Nevada Caucus,15,7.6,Dec/19/2011 18:23:07
751712,NEVADA.PAUL(RON),Ron Paul to win the 2012 Nevada Caucus,5,9.1,Dec/19/2011 18:23:07
751712,NEVADA.PAUL(RON),Ron Paul to win the 2012 Nevada Caucus,2,9.0,Dec/19/2011 18:23:07
751712,NEVADA.PAUL(RON),Ron Paul to win the 2012 Nevada Caucus,10,6.1,Dec/19/2011 18:23:07
751712,NEVADA.PAUL(RON),Ron Paul to win the 2012 Nevada Caucus,10,6.2,Dec/19/2011 18:23:07
751712,NEVADA.PAUL(RON),Ron Paul to win the 2012 Nevada Caucus,50,6.0,Dec/19/2011 18:23:07
751712,NEVADA.PAUL(RON),Ron Paul to win the 2012 Nevada Caucus,5,8.0,Dec/19/2011 18:23:07
751712,NEVADA.PAUL(RON),Ron Paul to win the 2012 Nevada Caucus,1,8.9,Dec/19/2011 18:23:07
751712,NEVADA.PAUL(RON),Ron Paul to win the 2012 Nevada Caucus,15,6.0,Dec/19/2011 18:23:46
751712,NEVADA.PAUL(RON),Ron Paul to win the 2012 Nevada Caucus,2,10.0,Dec/19/2011 20:28:13
751712,NEVADA.PAUL(RON),Ron Paul to win the 2012 Nevada Caucus,5,10.0,Dec/19/2011 20:41:01
751712,NEVADA.PAUL(RON),Ron Paul to win the 2012 Nevada Caucus,5,12.0,Dec/19/2011 20:41:20
751712,NEVADA.PAUL(RON),Ron Paul to win the 2012 Nevada Caucus,5,12.5,Dec/19/2011 20:41:20
751712,NEVADA.PAUL(RON),Ron Paul to win the 2012 Nevada Caucus,1,14.0,Dec/20/2011 01:43:17
751712,NEVADA.PAUL(RON),Ron Paul to win the 2012 Nevada Caucus,5,14.9,Dec/20/2011 01:43:42
751712,NEVADA.PAUL(RON),Ron Paul to win the 2012 Nevada Caucus,10,15.0,Dec/20/2011 01:43:58
751712,NEVADA.PAUL(RON),Ron Paul to win the 2012 Nevada Caucus,8,10.9,Dec/21/2011 21:34:53
751712,NEVADA.PAUL(RON),Ron Paul to win the 2012 Nevada Caucus,10,11.5,Dec/21/2011 21:34:53
751712,NEVADA.PAUL(RON),Ron Paul to win the 2012 Nevada Caucus,2,11.6,Dec/21/2011 21:34:53
751712,NEVADA.PAUL(RON),Ron Paul to win the 2012 Nevada Caucus,30,11.0,Dec/21/2011 21:34:53
751712,NEVADA.PAUL(RON),Ron Paul to win the 2012 Nevada Caucus,2,10.9,Dec/22/2011 00:57:46
751712,NEVADA.PAUL(RON),Ron Paul to win the 2012 Nevada Caucus,1,9.4,Dec/22/2011 02:21:41
751712,NEVADA.PAUL(RON),Ron Paul to win the 2012 Nevada Caucus,4,12.5,Dec/22/2011 08:40:59
751712,NEVADA.PAUL(RON),Ron Paul to win the 2012 Nevada Caucus,3,14.0,Dec/25/2011 13:13:27
751712,NEVADA.PAUL(RON),Ron Paul to win the 2012 Nevada Caucus,1,12.0,Dec/25/2011 15:44:32
751712,NEVADA.PAUL(RON),Ron Paul to win the 2012 Nevada Caucus,1,12.0,Dec/25/2011 15:47:42
751712,NEVADA.PAUL(RON),Ron Paul to win the 2012 Nevada Caucus,19,12.0,Dec/25/2011 15:47:42
751712,NEVADA.PAUL(RON),Ron Paul to win the 2012 Nevada Caucus,23,12.0,Dec/25/2011 15:48:27
751712,NEVADA.PAUL(RON),Ron Paul to win the 2012 Nevada Caucus,7,12.0,Dec/25/2011 15:48:59
751712,NEVADA.PAUL(RON),Ron Paul to win the 2012 Nevada Caucus,1,12.0,Dec/25/2011 15:51:42
751712,NEVADA.PAUL(RON),Ron Paul to win the 2012 Nevada Caucus,22,12.0,Dec/25/2011 15:51:42
751712,NEVADA.PAUL(RON),Ron Paul to win the 2012 Nevada Caucus,10,14.8,Dec/25/2011 23:54:49
751712,NEVADA.PAUL(RON),Ron Paul to win the 2012 Nevada Caucus,4,15.0,Dec/25/2011 23:55:58
751712,NEVADA.PAUL(RON),Ron Paul to win the 2012 Nevada Caucus,1,15.0,Dec/25/2011 23:56:05
751712,NEVADA.PAUL(RON),Ron Paul to win the 2012 Nevada Caucus,15,15.9,Dec/26/2011 13:06:01
751712,NEVADA.PAUL(RON),Ron Paul to win the 2012 Nevada Caucus,10,16.0,Dec/27/2011 02:10:13
751712,NEVADA.PAUL(RON),Ron Paul to win the 2012 Nevada Caucus,5,16.0,Dec/27/2011 05:50:29
751712,NEVADA.PAUL(RON),Ron Paul to win the 2012 Nevada Caucus,1,13.1,Dec/28/2011 04:40:35
751712,NEVADA.PAUL(RON),Ron Paul to win the 2012 Nevada Caucus,9,13.1,Dec/28/2011 05:09:21
751712,NEVADA.PAUL(RON),Ron Paul to win the 2012 Nevada Caucus,15,14.0,Dec/28/2011 09:06:47
751712,NEVADA.PAUL(RON),Ron Paul to win the 2012 Nevada Caucus,1,14.0,Dec/28/2011 14:05:57
751712,NEVADA.PAUL(RON),Ron Paul to win the 2012 Nevada Caucus,1,15.0,Dec/28/2011 18:10:37
751712,NEVADA.PAUL(RON),Ron Paul to win the 2012 Nevada Caucus,3,16.5,Dec/28/2011 18:11:16
751712,NEVADA.PAUL(RON),Ron Paul to win the 2012 Nevada Caucus,1,15.0,Dec/28/2011 19:47:17
751712,NEVADA.PAUL(RON),Ron Paul to win the 2012 Nevada Caucus,20,15.5,Dec/28/2011 22:24:53
751712,NEVADA.PAUL(RON),Ron Paul to win the 2012 Nevada Caucus,4,15.5,Dec/28/2011 22:25:01
751712,NEVADA.PAUL(RON),Ron Paul to win the 2012 Nevada Caucus,1,14.9,Dec/29/2011 02:55:11
751712,NEVADA.PAUL(RON),Ron Paul to win the 2012 Nevada Caucus,1,16.0,Dec/29/2011 03:38:39
751712,NEVADA.PAUL(RON),Ron Paul to win the 2012 Nevada Caucus,1,15.9,Dec/29/2011 03:38:39
751712,NEVADA.PAUL(RON),Ron Paul to win the 2012 Nevada Caucus,1,14.9,Dec/30/2011 12:33:38
751712,NEVADA.PAUL(RON),Ron Paul to win the 2012 Nevada Caucus,10,12.0,Dec/30/2011 18:04:48
751712,NEVADA.PAUL(RON),Ron Paul to win the 2012 Nevada Caucus,1,12.0,Dec/30/2011 19:32:27
751712,NEVADA.PAUL(RON),Ron Paul to win the 2012 Nevada Caucus,12,12.0,Dec/30/2011 19:55:45
751712,NEVADA.PAUL(RON),Ron Paul to win the 2012 Nevada Caucus,4,11.1,Dec/31/2011 14:44:59
751712,NEVADA.PAUL(RON),Ron Paul to win the 2012 Nevada Caucus,11,11.2,Dec/31/2011 19:44:15
751712,NEVADA.PAUL(RON),Ron Paul to win the 2012 Nevada Caucus,6,11.1,Dec/31/2011 19:44:15
751712,NEVADA.PAUL(RON),Ron Paul to win the 2012 Nevada Caucus,10,7.0,Jan/02/2012 17:48:50
751712,NEVADA.PAUL(RON),Ron Paul to win the 2012 Nevada Caucus,3,7.0,Jan/03/2012 02:12:27
751712,NEVADA.PAUL(RON),Ron Paul to win the 2012 Nevada Caucus,1,7.0,Jan/03/2012 02:12:45
751712,NEVADA.PAUL(RON),Ron Paul to win the 2012 Nevada Caucus,6,7.0,Jan/03/2012 20:07:05
751712,NEVADA.PAUL(RON),Ron Paul to win the 2012 Nevada Caucus,10,8.0,Jan/04/2012 00:09:29
751712,NEVADA.PAUL(RON),Ron Paul to win the 2012 Nevada Caucus,1,8.4,Jan/04/2012 02:12:19
751712,NEVADA.PAUL(RON),Ron Paul to win the 2012 Nevada Caucus,10,8.5,Jan/04/2012 02:17:24
751712,NEVADA.PAUL(RON),Ron Paul to win the 2012 Nevada Caucus,15,9.0,Jan/04/2012 02:21:55
751712,NEVADA.PAUL(RON),Ron Paul to win the 2012 Nevada Caucus,1,4.5,Jan/04/2012 12:47:53
751712,NEVADA.PAUL(RON),Ron Paul to win the 2012 Nevada Caucus,10,5.0,Jan/04/2012 17:36:16
751712,NEVADA.PAUL(RON),Ron Paul to win the 2012 Nevada Caucus,1,5.0,Jan/04/2012 19:37:00
751712,NEVADA.PAUL(RON),Ron Paul to win the 2012 Nevada Caucus,3,5.0,Jan/04/2012 20:51:33
751712,NEVADA.PAUL(RON),Ron Paul to win the 2012 Nevada Caucus,6,5.0,Jan/04/2012 21:51:17
751712,NEVADA.PAUL(RON),Ron Paul to win the 2012 Nevada Caucus,2,4.2,Jan/05/2012 14:11:08
751712,NEVADA.PAUL(RON),Ron Paul to win the 2012 Nevada Caucus,4,4.1,Jan/05/2012 14:11:08
751712,NEVADA.PAUL(RON),Ron Paul to win the 2012 Nevada Caucus,6,4.0,Jan/05/2012 14:11:08
751712,NEVADA.PAUL(RON),Ron Paul to win the 2012 Nevada Caucus,2,5.4,Jan/05/2012 17:17:55
751712,NEVADA.PAUL(RON),Ron Paul to win the 2012 Nevada Caucus,2,5.4,Jan/05/2012 17:18:36
751712,NEVADA.PAUL(RON),Ron Paul to win the 2012 Nevada Caucus,6,5.5,Jan/05/2012 17:19:20
751712,NEVADA.PAUL(RON),Ron Paul to win the 2012 Nevada Caucus,4,4.2,Jan/06/2012 18:07:18
751712,NEVADA.PAUL(RON),Ron Paul to win the 2012 Nevada Caucus,29,4.0,Jan/06/2012 18:07:18
751712,NEVADA.PAUL(RON),Ron Paul to win the 2012 Nevada Caucus,3,4.1,Jan/06/2012 18:07:18
751712,NEVADA.PAUL(RON),Ron Paul to win the 2012 Nevada Caucus,5,4.0,Jan/07/2012 04:49:58
751712,NEVADA.PAUL(RON),Ron Paul to win the 2012 Nevada Caucus,5,2.2,Jan/08/2012 07:53:10
751712,NEVADA.PAUL(RON),Ron Paul to win the 2012 Nevada Caucus,10,3.0,Jan/09/2012 17:25:06
751712,NEVADA.PAUL(RON),Ron Paul to win the 2012 Nevada Caucus,1,4.0,Jan/09/2012 23:47:52
751712,NEVADA.PAUL(RON),Ron Paul to win the 2012 Nevada Caucus,4,4.0,Jan/11/2012 00:59:54
751712,NEVADA.PAUL(RON),Ron Paul to win the 2012 Nevada Caucus,12,4.0,Jan/11/2012 01:16:25
751712,NEVADA.PAUL(RON),Ron Paul to win the 2012 Nevada Caucus,1,2.5,Jan/11/2012 02:49:45
751712,NEVADA.PAUL(RON),Ron Paul to win the 2012 Nevada Caucus,4,2.1,Jan/11/2012 02:49:45
751712,NEVADA.PAUL(RON),Ron Paul to win the 2012 Nevada Caucus,5,2.2,Jan/11/2012 02:52:20
751712,NEVADA.PAUL(RON),Ron Paul to win the 2012 Nevada Caucus,5,2.2,Jan/11/2012 02:52:46
751712,NEVADA.PAUL(RON),Ron Paul to win the 2012 Nevada Caucus,5,2.3,Jan/11/2012 02:53:15
751712,NEVADA.PAUL(RON),Ron Paul to win the 2012 Nevada Caucus,5,2.2,Jan/11/2012 02:53:51
751712,NEVADA.PAUL(RON),Ron Paul to win the 2012 Nevada Caucus,10,2.2,Jan/11/2012 02:54:09
751712,NEVADA.PAUL(RON),Ron Paul to win the 2012 Nevada Caucus,20,2.2,Jan/11/2012 02:54:39
751712,NEVADA.PAUL(RON),Ron Paul to win the 2012 Nevada Caucus,5,2.3,Jan/11/2012 02:55:27
751712,NEVADA.PAUL(RON),Ron Paul to win the 2012 Nevada Caucus,20,3.0,Jan/11/2012 03:00:52
751712,NEVADA.PAUL(RON),Ron Paul to win the 2012 Nevada Caucus,28,3.0,Jan/11/2012 03:00:58
751712,NEVADA.PAUL(RON),Ron Paul to win the 2012 Nevada Caucus,1,4.0,Jan/11/2012 03:13:45
751712,NEVADA.PAUL(RON),Ron Paul to win the 2012 Nevada Caucus,10,4.0,Jan/11/2012 03:16:55
751712,NEVADA.PAUL(RON),Ron Paul to win the 2012 Nevada Caucus,9,4.0,Jan/11/2012 03:41:43
751712,NEVADA.PAUL(RON),Ron Paul to win the 2012 Nevada Caucus,7,4.9,Jan/11/2012 05:03:55
751712,NEVADA.PAUL(RON),Ron Paul to win the 2012 Nevada Caucus,3,4.9,Jan/11/2012 05:08:02
751712,NEVADA.PAUL(RON),Ron Paul to win the 2012 Nevada Caucus,12,5.0,Jan/11/2012 05:08:32
751712,NEVADA.PAUL(RON),Ron Paul to win the 2012 Nevada Caucus,3,4.9,Jan/11/2012 05:08:32
751712,NEVADA.PAUL(RON),Ron Paul to win the 2012 Nevada Caucus,3,5.0,Jan/11/2012 05:08:56
751712,NEVADA.PAUL(RON),Ron Paul to win the 2012 Nevada Caucus,3,5.3,Jan/11/2012 06:37:41
751712,NEVADA.PAUL(RON),Ron Paul to win the 2012 Nevada Caucus,2,5.8,Jan/11/2012 09:36:54
751712,NEVADA.PAUL(RON),Ron Paul to win the 2012 Nevada Caucus,10,5.9,Jan/11/2012 12:31:15
751712,NEVADA.PAUL(RON),Ron Paul to win the 2012 Nevada Caucus,1,6.0,Jan/11/2012 12:31:55
751712,NEVADA.PAUL(RON),Ron Paul to win the 2012 Nevada Caucus,9,6.1,Jan/11/2012 15:14:01
751712,NEVADA.PAUL(RON),Ron Paul to win the 2012 Nevada Caucus,6,6.1,Jan/11/2012 15:14:01
751712,NEVADA.PAUL(RON),Ron Paul to win the 2012 Nevada Caucus,33,6.0,Jan/11/2012 15:14:01
751712,NEVADA.PAUL(RON),Ron Paul to win the 2012 Nevada Caucus,10,6.0,Jan/11/2012 15:42:27
751712,NEVADA.PAUL(RON),Ron Paul to win the 2012 Nevada Caucus,3,4.0,Jan/11/2012 18:49:05
751712,NEVADA.PAUL(RON),Ron Paul to win the 2012 Nevada Caucus,5,6.9,Jan/11/2012 19:58:49
751712,NEVADA.PAUL(RON),Ron Paul to win the 2012 Nevada Caucus,7,6.9,Jan/11/2012 19:58:49
751712,NEVADA.PAUL(RON),Ron Paul to win the 2012 Nevada Caucus,1,4.0,Jan/12/2012 06:31:22
751712,NEVADA.PAUL(RON),Ron Paul to win the 2012 Nevada Caucus,1,4.0,Jan/13/2012 03:47:16
751712,NEVADA.PAUL(RON),Ron Paul to win the 2012 Nevada Caucus,2,3.2,Jan/13/2012 04:16:17
751712,NEVADA.PAUL(RON),Ron Paul to win the 2012 Nevada Caucus,1,3.3,Jan/13/2012 05:34:47
751712,NEVADA.PAUL(RON),Ron Paul to win the 2012 Nevada Caucus,1,6.3,Jan/13/2012 14:56:04
751712,NEVADA.PAUL(RON),Ron Paul to win the 2012 Nevada Caucus,1,6.3,Jan/13/2012 14:56:30
751712,NEVADA.PAUL(RON),Ron Paul to win the 2012 Nevada Caucus,3,6.4,Jan/13/2012 16:22:54
751712,NEVADA.PAUL(RON),Ron Paul to win the 2012 Nevada Caucus,25,6.5,Jan/13/2012 18:30:19
751712,NEVADA.PAUL(RON),Ron Paul to win the 2012 Nevada Caucus,2,4.8,Jan/13/2012 21:05:44
751712,NEVADA.PAUL(RON),Ron Paul to win the 2012 Nevada Caucus,9,5.6,Jan/13/2012 21:23:48
751712,NEVADA.PAUL(RON),Ron Paul to win the 2012 Nevada Caucus,4,5.6,Jan/13/2012 21:40:40
751712,NEVADA.PAUL(RON),Ron Paul to win the 2012 Nevada Caucus,25,5.5,Jan/13/2012 21:40:40
751712,NEVADA.PAUL(RON),Ron Paul to win the 2012 Nevada Caucus,2,5.0,Jan/13/2012 23:31:48
751712,NEVADA.PAUL(RON),Ron Paul to win the 2012 Nevada Caucus,4,5.1,Jan/13/2012 23:31:48
751712,NEVADA.PAUL(RON),Ron Paul to win the 2012 Nevada Caucus,9,4.6,Jan/13/2012 23:55:07
751712,NEVADA.PAUL(RON),Ron Paul to win the 2012 Nevada Caucus,18,5.0,Jan/13/2012 23:55:07
751712,NEVADA.PAUL(RON),Ron Paul to win the 2012 Nevada Caucus,3,4.5,Jan/13/2012 23:55:07
751712,NEVADA.PAUL(RON),Ron Paul to win the 2012 Nevada Caucus,10,5.0,Jan/14/2012 01:56:16
751712,NEVADA.PAUL(RON),Ron Paul to win the 2012 Nevada Caucus,6,4.9,Jan/14/2012 01:56:16
751712,NEVADA.PAUL(RON),Ron Paul to win the 2012 Nevada Caucus,10,5.4,Jan/14/2012 02:49:28
751712,NEVADA.PAUL(RON),Ron Paul to win the 2012 Nevada Caucus,10,5.5,Jan/14/2012 02:49:37
751712,NEVADA.PAUL(RON),Ron Paul to win the 2012 Nevada Caucus,4,4.6,Jan/15/2012 00:22:33
751712,NEVADA.PAUL(RON),Ron Paul to win the 2012 Nevada Caucus,11,4.5,Jan/15/2012 00:22:33
751712,NEVADA.PAUL(RON),Ron Paul to win the 2012 Nevada Caucus,3,4.8,Jan/15/2012 00:22:33
751712,NEVADA.PAUL(RON),Ron Paul to win the 2012 Nevada Caucus,5,5.6,Jan/15/2012 12:19:09
751712,NEVADA.PAUL(RON),Ron Paul to win the 2012 Nevada Caucus,7,5.6,Jan/15/2012 12:19:09
751712,NEVADA.PAUL(RON),Ron Paul to win the 2012 Nevada Caucus,30,5.8,Jan/15/2012 12:19:28
751712,NEVADA.PAUL(RON),Ron Paul to win the 2012 Nevada Caucus,10,5.5,Jan/15/2012 16:33:58
751712,NEVADA.PAUL(RON),Ron Paul to win the 2012 Nevada Caucus,10,6.0,Jan/15/2012 16:36:28
751712,NEVADA.PAUL(RON),Ron Paul to win the 2012 Nevada Caucus,10,6.5,Jan/15/2012 17:52:51
751712,NEVADA.PAUL(RON),Ron Paul to win the 2012 Nevada Caucus,20,6.8,Jan/15/2012 17:53:59
751712,NEVADA.PAUL(RON),Ron Paul to win the 2012 Nevada Caucus,3,6.9,Jan/15/2012 18:02:22
751712,NEVADA.PAUL(RON),Ron Paul to win the 2012 Nevada Caucus,1,6.9,Jan/15/2012 18:02:22
751712,NEVADA.PAUL(RON),Ron Paul to win the 2012 Nevada Caucus,40,7.0,Jan/15/2012 18:32:39
751712,NEVADA.PAUL(RON),Ron Paul to win the 2012 Nevada Caucus,50,7.0,Jan/15/2012 18:32:39
751712,NEVADA.PAUL(RON),Ron Paul to win the 2012 Nevada Caucus,5,6.5,Jan/15/2012 18:34:45
751712,NEVADA.PAUL(RON),Ron Paul to win the 2012 Nevada Caucus,1,8.4,Jan/15/2012 20:06:34
751712,NEVADA.PAUL(RON),Ron Paul to win the 2012 Nevada Caucus,6,8.0,Jan/15/2012 20:06:49
751712,NEVADA.PAUL(RON),Ron Paul to win the 2012 Nevada Caucus,10,8.4,Jan/15/2012 21:06:17
751712,NEVADA.PAUL(RON),Ron Paul to win the 2012 Nevada Caucus,8,8.5,Jan/15/2012 21:06:29
751712,NEVADA.PAUL(RON),Ron Paul to win the 2012 Nevada Caucus,5,8.5,Jan/15/2012 21:06:47
751712,NEVADA.PAUL(RON),Ron Paul to win the 2012 Nevada Caucus,3,8.4,Jan/15/2012 21:16:34
751712,NEVADA.PAUL(RON),Ron Paul to win the 2012 Nevada Caucus,2,8.4,Jan/15/2012 21:16:50
751712,NEVADA.PAUL(RON),Ron Paul to win the 2012 Nevada Caucus,3,8.5,Jan/15/2012 21:17:11
751712,NEVADA.PAUL(RON),Ron Paul to win the 2012 Nevada Caucus,5,8.5,Jan/15/2012 21:17:11
751712,NEVADA.PAUL(RON),Ron Paul to win the 2012 Nevada Caucus,30,8.4,Jan/15/2012 21:19:01
751712,NEVADA.PAUL(RON),Ron Paul to win the 2012 Nevada Caucus,10,8.4,Jan/15/2012 21:19:56
751712,NEVADA.PAUL(RON),Ron Paul to win the 2012 Nevada Caucus,20,8.4,Jan/15/2012 21:20:42
751712,NEVADA.PAUL(RON),Ron Paul to win the 2012 Nevada Caucus,9,8.4,Jan/15/2012 21:21:03
751712,NEVADA.PAUL(RON),Ron Paul to win the 2012 Nevada Caucus,2,8.2,Jan/15/2012 21:21:07
751712,NEVADA.PAUL(RON),Ron Paul to win the 2012 Nevada Caucus,2,8.2,Jan/15/2012 21:21:07
751712,NEVADA.PAUL(RON),Ron Paul to win the 2012 Nevada Caucus,20,8.1,Jan/15/2012 21:21:12
751712,NEVADA.PAUL(RON),Ron Paul to win the 2012 Nevada Caucus,3,8.1,Jan/16/2012 00:04:13
751712,NEVADA.PAUL(RON),Ron Paul to win the 2012 Nevada Caucus,25,8.1,Jan/16/2012 00:04:13
751712,NEVADA.PAUL(RON),Ron Paul to win the 2012 Nevada Caucus,2,5.2,Jan/16/2012 04:25:46
751712,NEVADA.PAUL(RON),Ron Paul to win the 2012 Nevada Caucus,18,5.1,Jan/16/2012 04:25:46
751712,NEVADA.PAUL(RON),Ron Paul to win the 2012 Nevada Caucus,5,5.1,Jan/16/2012 05:09:39
751712,NEVADA.PAUL(RON),Ron Paul to win the 2012 Nevada Caucus,1,5.9,Jan/16/2012 08:32:28
751712,NEVADA.PAUL(RON),Ron Paul to win the 2012 Nevada Caucus,22,5.1,Jan/16/2012 13:04:10
751712,NEVADA.PAUL(RON),Ron Paul to win the 2012 Nevada Caucus,5,5.0,Jan/17/2012 22:15:06
751712,NEVADA.PAUL(RON),Ron Paul to win the 2012 Nevada Caucus,1,5.0,Jan/17/2012 22:35:33
751712,NEVADA.PAUL(RON),Ron Paul to win the 2012 Nevada Caucus,9,5.0,Jan/17/2012 22:35:33
751712,NEVADA.PAUL(RON),Ron Paul to win the 2012 Nevada Caucus,2,5.0,Jan/18/2012 00:24:00
751712,NEVADA.PAUL(RON),Ron Paul to win the 2012 Nevada Caucus,1,5.0,Jan/18/2012 00:51:30
751712,NEVADA.PAUL(RON),Ron Paul to win the 2012 Nevada Caucus,6,5.0,Jan/18/2012 18:11:22
751712,NEVADA.PAUL(RON),Ron Paul to win the 2012 Nevada Caucus,4,5.0,Jan/18/2012 18:11:22
751712,NEVADA.PAUL(RON),Ron Paul to win the 2012 Nevada Caucus,9,5.1,Jan/18/2012 18:13:58
751712,NEVADA.PAUL(RON),Ron Paul to win the 2012 Nevada Caucus,15,5.1,Jan/18/2012 20:53:04
751712,NEVADA.PAUL(RON),Ron Paul to win the 2012 Nevada Caucus,1,5.0,Jan/18/2012 20:53:04
751712,NEVADA.PAUL(RON),Ron Paul to win the 2012 Nevada Caucus,1,5.1,Jan/18/2012 23:25:35
751712,NEVADA.PAUL(RON),Ron Paul to win the 2012 Nevada Caucus,20,5.8,Jan/19/2012 00:37:40
751712,NEVADA.PAUL(RON),Ron Paul to win the 2012 Nevada Caucus,2,5.8,Jan/19/2012 00:37:40
751712,NEVADA.PAUL(RON),Ron Paul to win the 2012 Nevada Caucus,1,6.0,Jan/19/2012 04:22:01
751712,NEVADA.PAUL(RON),Ron Paul to win the 2012 Nevada Caucus,10,6.0,Jan/19/2012 04:22:01
751712,NEVADA.PAUL(RON),Ron Paul to win the 2012 Nevada Caucus,1,6.0,Jan/19/2012 04:22:06
751712,NEVADA.PAUL(RON),Ron Paul to win the 2012 Nevada Caucus,8,6.0,Jan/19/2012 04:23:52
751712,NEVADA.PAUL(RON),Ron Paul to win the 2012 Nevada Caucus,1,6.0,Jan/19/2012 04:26:06
751712,NEVADA.PAUL(RON),Ron Paul to win the 2012 Nevada Caucus,25,6.5,Jan/19/2012 09:10:28
751712,NEVADA.PAUL(RON),Ron Paul to win the 2012 Nevada Caucus,3,6.3,Jan/19/2012 09:12:51
751712,NEVADA.PAUL(RON),Ron Paul to win the 2012 Nevada Caucus,15,6.0,Jan/19/2012 17:58:09
751712,NEVADA.PAUL(RON),Ron Paul to win the 2012 Nevada Caucus,6,6.1,Jan/19/2012 17:58:09
751712,NEVADA.PAUL(RON),Ron Paul to win the 2012 Nevada Caucus,9,6.2,Jan/19/2012 17:58:09
751712,NEVADA.PAUL(RON),Ron Paul to win the 2012 Nevada Caucus,13,6.1,Jan/19/2012 17:58:09
751712,NEVADA.PAUL(RON),Ron Paul to win the 2012 Nevada Caucus,3,5.2,Jan/19/2012 18:37:21
751712,NEVADA.PAUL(RON),Ron Paul to win the 2012 Nevada Caucus,2,5.1,Jan/19/2012 18:44:31
751712,NEVADA.PAUL(RON),Ron Paul to win the 2012 Nevada Caucus,8,5.1,Jan/19/2012 18:44:31
751712,NEVADA.PAUL(RON),Ron Paul to win the 2012 Nevada Caucus,6,5.2,Jan/19/2012 18:44:31
751712,NEVADA.PAUL(RON),Ron Paul to win the 2012 Nevada Caucus,3,5.2,Jan/19/2012 18:44:31
751712,NEVADA.PAUL(RON),Ron Paul to win the 2012 Nevada Caucus,1,6.9,Jan/19/2012 19:16:16
751712,NEVADA.PAUL(RON),Ron Paul to win the 2012 Nevada Caucus,1,7.0,Jan/19/2012 19:16:42
751712,NEVADA.PAUL(RON),Ron Paul to win the 2012 Nevada Caucus,3,5.5,Jan/20/2012 04:16:24
751712,NEVADA.PAUL(RON),Ron Paul to win the 2012 Nevada Caucus,1,5.5,Jan/20/2012 05:25:19
751712,NEVADA.PAUL(RON),Ron Paul to win the 2012 Nevada Caucus,1,5.6,Jan/20/2012 15:17:19
751712,NEVADA.PAUL(RON),Ron Paul to win the 2012 Nevada Caucus,1,5.9,Jan/20/2012 15:22:24
751712,NEVADA.PAUL(RON),Ron Paul to win the 2012 Nevada Caucus,3,6.0,Jan/20/2012 15:22:51
751712,NEVADA.PAUL(RON),Ron Paul to win the 2012 Nevada Caucus,1,6.1,Jan/20/2012 16:52:17
751712,NEVADA.PAUL(RON),Ron Paul to win the 2012 Nevada Caucus,5,5.9,Jan/20/2012 20:32:19
751712,NEVADA.PAUL(RON),Ron Paul to win the 2012 Nevada Caucus,1,6.0,Jan/20/2012 22:50:40
751712,NEVADA.PAUL(RON),Ron Paul to win the 2012 Nevada Caucus,4,5.9,Jan/20/2012 22:51:31
751712,NEVADA.PAUL(RON),Ron Paul to win the 2012 Nevada Caucus,3,5.8,Jan/20/2012 23:00:58
751712,NEVADA.PAUL(RON),Ron Paul to win the 2012 Nevada Caucus,1,6.4,Jan/21/2012 01:08:29
751712,NEVADA.PAUL(RON),Ron Paul to win the 2012 Nevada Caucus,1,6.5,Jan/21/2012 01:09:07
751712,NEVADA.PAUL(RON),Ron Paul to win the 2012 Nevada Caucus,9,5.8,Jan/21/2012 04:07:23
751712,NEVADA.PAUL(RON),Ron Paul to win the 2012 Nevada Caucus,13,6.4,Jan/21/2012 04:45:00
751712,NEVADA.PAUL(RON),Ron Paul to win the 2012 Nevada Caucus,6,6.4,Jan/21/2012 04:45:00
751712,NEVADA.PAUL(RON),Ron Paul to win the 2012 Nevada Caucus,2,5.7,Jan/21/2012 07:58:14
751712,NEVADA.PAUL(RON),Ron Paul to win the 2012 Nevada Caucus,2,5.8,Jan/21/2012 07:58:30
751712,NEVADA.PAUL(RON),Ron Paul to win the 2012 Nevada Caucus,2,5.6,Jan/21/2012 11:08:30
751712,NEVADA.PAUL(RON),Ron Paul to win the 2012 Nevada Caucus,2,5.6,Jan/21/2012 16:57:06
751712,NEVADA.PAUL(RON),Ron Paul to win the 2012 Nevada Caucus,2,5.9,Jan/21/2012 16:57:57
751712,NEVADA.PAUL(RON),Ron Paul to win the 2012 Nevada Caucus,5,6.0,Jan/21/2012 17:42:01
751712,NEVADA.PAUL(RON),Ron Paul to win the 2012 Nevada Caucus,80,6.5,Jan/21/2012 17:44:31
751712,NEVADA.PAUL(RON),Ron Paul to win the 2012 Nevada Caucus,1,7.0,Jan/21/2012 18:04:51
751712,NEVADA.PAUL(RON),Ron Paul to win the 2012 Nevada Caucus,2,5.6,Jan/21/2012 22:41:42
751712,NEVADA.PAUL(RON),Ron Paul to win the 2012 Nevada Caucus,1,5.6,Jan/21/2012 22:42:27
751712,NEVADA.PAUL(RON),Ron Paul to win the 2012 Nevada Caucus,1,5.6,Jan/21/2012 22:42:47
751712,NEVADA.PAUL(RON),Ron Paul to win the 2012 Nevada Caucus,1,5.6,Jan/21/2012 22:46:40
751712,NEVADA.PAUL(RON),Ron Paul to win the 2012 Nevada Caucus,1,5.6,Jan/21/2012 22:48:31
751712,NEVADA.PAUL(RON),Ron Paul to win the 2012 Nevada Caucus,5,5.6,Jan/21/2012 23:00:28
751712,NEVADA.PAUL(RON),Ron Paul to win the 2012 Nevada Caucus,7,5.6,Jan/21/2012 23:00:44
751712,NEVADA.PAUL(RON),Ron Paul to win the 2012 Nevada Caucus,10,5.6,Jan/21/2012 23:13:53
751712,NEVADA.PAUL(RON),Ron Paul to win the 2012 Nevada Caucus,4,5.6,Jan/21/2012 23:22:01
751712,NEVADA.PAUL(RON),Ron Paul to win the 2012 Nevada Caucus,3,5.6,Jan/21/2012 23:25:16
751712,NEVADA.PAUL(RON),Ron Paul to win the 2012 Nevada Caucus,3,5.6,Jan/21/2012 23:28:07
751712,NEVADA.PAUL(RON),Ron Paul to win the 2012 Nevada Caucus,6,5.6,Jan/21/2012 23:29:23
751712,NEVADA.PAUL(RON),Ron Paul to win the 2012 Nevada Caucus,2,5.6,Jan/21/2012 23:29:38
751712,NEVADA.PAUL(RON),Ron Paul to win the 2012 Nevada Caucus,2,5.6,Jan/21/2012 23:44:24
751712,NEVADA.PAUL(RON),Ron Paul to win the 2012 Nevada Caucus,3,6.0,Jan/21/2012 23:51:03
751712,NEVADA.PAUL(RON),Ron Paul to win the 2012 Nevada Caucus,7,6.0,Jan/22/2012 00:11:19
751712,NEVADA.PAUL(RON),Ron Paul to win the 2012 Nevada Caucus,3,6.1,Jan/22/2012 00:11:19
751712,NEVADA.PAUL(RON),Ron Paul to win the 2012 Nevada Caucus,1,7.0,Jan/22/2012 02:14:04
751712,NEVADA.PAUL(RON),Ron Paul to win the 2012 Nevada Caucus,4,7.0,Jan/22/2012 02:14:04
751712,NEVADA.PAUL(RON),Ron Paul to win the 2012 Nevada Caucus,2,7.0,Jan/22/2012 02:15:28
751712,NEVADA.PAUL(RON),Ron Paul to win the 2012 Nevada Caucus,1,7.0,Jan/22/2012 04:26:49
751712,NEVADA.PAUL(RON),Ron Paul to win the 2012 Nevada Caucus,4,8.7,Jan/22/2012 04:35:44
751712,NEVADA.PAUL(RON),Ron Paul to win the 2012 Nevada Caucus,7,8.5,Jan/22/2012 11:41:49
751712,NEVADA.PAUL(RON),Ron Paul to win the 2012 Nevada Caucus,2,8.5,Jan/22/2012 13:00:50
751712,NEVADA.PAUL(RON),Ron Paul to win the 2012 Nevada Caucus,10,8.5,Jan/22/2012 13:47:26
751712,NEVADA.PAUL(RON),Ron Paul to win the 2012 Nevada Caucus,3,8.5,Jan/22/2012 13:47:57
751712,NEVADA.PAUL(RON),Ron Paul to win the 2012 Nevada Caucus,3,8.5,Jan/22/2012 13:48:17
751712,NEVADA.PAUL(RON),Ron Paul to win the 2012 Nevada Caucus,3,8.5,Jan/22/2012 13:48:26
751712,NEVADA.PAUL(RON),Ron Paul to win the 2012 Nevada Caucus,5,6.0,Jan/22/2012 13:49:01
751712,NEVADA.PAUL(RON),Ron Paul to win the 2012 Nevada Caucus,1,5.7,Jan/22/2012 13:49:01
751712,NEVADA.PAUL(RON),Ron Paul to win the 2012 Nevada Caucus,22,8.5,Jan/22/2012 13:49:01
751712,NEVADA.PAUL(RON),Ron Paul to win the 2012 Nevada Caucus,7,5.8,Jan/22/2012 14:11:56
751712,NEVADA.PAUL(RON),Ron Paul to win the 2012 Nevada Caucus,1,5.7,Jan/22/2012 14:12:31
751712,NEVADA.PAUL(RON),Ron Paul to win the 2012 Nevada Caucus,5,5.7,Jan/22/2012 14:14:27
751712,NEVADA.PAUL(RON),Ron Paul to win the 2012 Nevada Caucus,9,5.8,Jan/22/2012 14:30:59
751712,NEVADA.PAUL(RON),Ron Paul to win the 2012 Nevada Caucus,1,5.8,Jan/22/2012 14:30:59
751712,NEVADA.PAUL(RON),Ron Paul to win the 2012 Nevada Caucus,10,5.7,Jan/22/2012 14:41:05
751712,NEVADA.PAUL(RON),Ron Paul to win the 2012 Nevada Caucus,2,5.8,Jan/22/2012 14:42:26
751712,NEVADA.PAUL(RON),Ron Paul to win the 2012 Nevada Caucus,2,5.8,Jan/22/2012 14:42:26
751712,NEVADA.PAUL(RON),Ron Paul to win the 2012 Nevada Caucus,6,5.7,Jan/22/2012 14:42:51
751712,NEVADA.PAUL(RON),Ron Paul to win the 2012 Nevada Caucus,1,5.7,Jan/22/2012 14:43:55
751712,NEVADA.PAUL(RON),Ron Paul to win the 2012 Nevada Caucus,76,5.7,Jan/22/2012 14:45:36
751712,NEVADA.PAUL(RON),Ron Paul to win the 2012 Nevada Caucus,23,5.7,Jan/22/2012 14:45:36
751712,NEVADA.PAUL(RON),Ron Paul to win the 2012 Nevada Caucus,51,5.5,Jan/22/2012 14:45:42
751712,NEVADA.PAUL(RON),Ron Paul to win the 2012 Nevada Caucus,8,5.5,Jan/22/2012 14:53:04
751712,NEVADA.PAUL(RON),Ron Paul to win the 2012 Nevada Caucus,7,6.9,Jan/22/2012 15:12:41
751712,NEVADA.PAUL(RON),Ron Paul to win the 2012 Nevada Caucus,10,6.9,Jan/22/2012 15:12:41
751712,NEVADA.PAUL(RON),Ron Paul to win the 2012 Nevada Caucus,1,7.0,Jan/22/2012 15:13:22
751712,NEVADA.PAUL(RON),Ron Paul to win the 2012 Nevada Caucus,1,6.9,Jan/22/2012 15:30:26
751712,NEVADA.PAUL(RON),Ron Paul to win the 2012 Nevada Caucus,6,6.8,Jan/22/2012 21:25:33
751712,NEVADA.PAUL(RON),Ron Paul to win the 2012 Nevada Caucus,1,6.1,Jan/23/2012 05:22:38
751712,NEVADA.PAUL(RON),Ron Paul to win the 2012 Nevada Caucus,10,6.8,Jan/23/2012 06:10:01
751712,NEVADA.PAUL(RON),Ron Paul to win the 2012 Nevada Caucus,10,6.0,Jan/23/2012 08:44:16
751712,NEVADA.PAUL(RON),Ron Paul to win the 2012 Nevada Caucus,2,5.5,Jan/23/2012 13:33:02
751712,NEVADA.PAUL(RON),Ron Paul to win the 2012 Nevada Caucus,1,4.0,Jan/23/2012 14:14:34
751712,NEVADA.PAUL(RON),Ron Paul to win the 2012 Nevada Caucus,5,6.7,Jan/23/2012 14:26:04
751712,NEVADA.PAUL(RON),Ron Paul to win the 2012 Nevada Caucus,1,4.0,Jan/23/2012 18:25:02
751712,NEVADA.PAUL(RON),Ron Paul to win the 2012 Nevada Caucus,4,4.2,Jan/23/2012 20:04:02
751712,NEVADA.PAUL(RON),Ron Paul to win the 2012 Nevada Caucus,8,4.2,Jan/23/2012 20:33:06
751712,NEVADA.PAUL(RON),Ron Paul to win the 2012 Nevada Caucus,3,4.2,Jan/23/2012 21:45:20
751712,NEVADA.PAUL(RON),Ron Paul to win the 2012 Nevada Caucus,5,4.2,Jan/23/2012 21:45:20
751712,NEVADA.PAUL(RON),Ron Paul to win the 2012 Nevada Caucus,2,4.1,Jan/23/2012 21:45:20
751712,NEVADA.PAUL(RON),Ron Paul to win the 2012 Nevada Caucus,4,4.1,Jan/23/2012 21:45:35
751712,NEVADA.PAUL(RON),Ron Paul to win the 2012 Nevada Caucus,1,4.5,Jan/23/2012 23:30:58
751712,NEVADA.PAUL(RON),Ron Paul to win the 2012 Nevada Caucus,1,4.2,Jan/23/2012 23:31:07
751712,NEVADA.PAUL(RON),Ron Paul to win the 2012 Nevada Caucus,54,4.2,Jan/23/2012 23:35:56
751712,NEVADA.PAUL(RON),Ron Paul to win the 2012 Nevada Caucus,1,4.1,Jan/24/2012 00:17:37
751712,NEVADA.PAUL(RON),Ron Paul to win the 2012 Nevada Caucus,1,4.5,Jan/24/2012 00:18:09
751712,NEVADA.PAUL(RON),Ron Paul to win the 2012 Nevada Caucus,1,5.0,Jan/24/2012 02:21:09
751712,NEVADA.PAUL(RON),Ron Paul to win the 2012 Nevada Caucus,32,6.0,Jan/24/2012 02:59:55
751712,NEVADA.PAUL(RON),Ron Paul to win the 2012 Nevada Caucus,10,5.9,Jan/24/2012 02:59:55
751712,NEVADA.PAUL(RON),Ron Paul to win the 2012 Nevada Caucus,7,5.9,Jan/24/2012 02:59:55
751712,NEVADA.PAUL(RON),Ron Paul to win the 2012 Nevada Caucus,1,5.5,Jan/24/2012 02:59:55
751712,NEVADA.PAUL(RON),Ron Paul to win the 2012 Nevada Caucus,15,4.2,Jan/24/2012 03:46:16
751712,NEVADA.PAUL(RON),Ron Paul to win the 2012 Nevada Caucus,4,4.3,Jan/24/2012 03:46:16
751712,NEVADA.PAUL(RON),Ron Paul to win the 2012 Nevada Caucus,3,4.2,Jan/24/2012 04:01:57
751712,NEVADA.PAUL(RON),Ron Paul to win the 2012 Nevada Caucus,3,4.3,Jan/24/2012 04:01:57
751712,NEVADA.PAUL(RON),Ron Paul to win the 2012 Nevada Caucus,1,4.7,Jan/24/2012 05:46:59
751712,NEVADA.PAUL(RON),Ron Paul to win the 2012 Nevada Caucus,3,4.3,Jan/24/2012 07:25:49
751712,NEVADA.PAUL(RON),Ron Paul to win the 2012 Nevada Caucus,3,4.3,Jan/24/2012 07:25:49
751712,NEVADA.PAUL(RON),Ron Paul to win the 2012 Nevada Caucus,2,5.7,Jan/24/2012 13:22:45
751712,NEVADA.PAUL(RON),Ron Paul to win the 2012 Nevada Caucus,2,4.1,Jan/24/2012 14:32:10
751712,NEVADA.PAUL(RON),Ron Paul to win the 2012 Nevada Caucus,4,4.0,Jan/24/2012 14:32:10
751712,NEVADA.PAUL(RON),Ron Paul to win the 2012 Nevada Caucus,8,4.1,Jan/24/2012 22:52:02
751712,NEVADA.PAUL(RON),Ron Paul to win the 2012 Nevada Caucus,2,4.1,Jan/25/2012 03:47:55
751712,NEVADA.PAUL(RON),Ron Paul to win the 2012 Nevada Caucus,3,3.8,Jan/25/2012 18:00:37
751712,NEVADA.PAUL(RON),Ron Paul to win the 2012 Nevada Caucus,2,3.2,Jan/25/2012 18:01:13
751712,NEVADA.PAUL(RON),Ron Paul to win the 2012 Nevada Caucus,2,2.6,Jan/25/2012 19:32:25
751712,NEVADA.PAUL(RON),Ron Paul to win the 2012 Nevada Caucus,6,3.1,Jan/25/2012 23:07:16
751712,NEVADA.PAUL(RON),Ron Paul to win the 2012 Nevada Caucus,13,3.1,Jan/25/2012 23:07:16
751712,NEVADA.PAUL(RON),Ron Paul to win the 2012 Nevada Caucus,30,3.3,Jan/25/2012 23:09:30
751712,NEVADA.PAUL(RON),Ron Paul to win the 2012 Nevada Caucus,20,3.5,Jan/25/2012 23:32:47
751712,NEVADA.PAUL(RON),Ron Paul to win the 2012 Nevada Caucus,10,3.6,Jan/26/2012 00:48:18
751712,NEVADA.PAUL(RON),Ron Paul to win the 2012 Nevada Caucus,31,3.5,Jan/26/2012 00:48:18
751712,NEVADA.PAUL(RON),Ron Paul to win the 2012 Nevada Caucus,4,3.6,Jan/26/2012 00:48:18
751712,NEVADA.PAUL(RON),Ron Paul to win the 2012 Nevada Caucus,1,2.7,Jan/26/2012 03:25:42
751712,NEVADA.PAUL(RON),Ron Paul to win the 2012 Nevada Caucus,10,5.0,Jan/26/2012 05:21:28
751712,NEVADA.PAUL(RON),Ron Paul to win the 2012 Nevada Caucus,5,4.8,Jan/26/2012 05:21:28
751712,NEVADA.PAUL(RON),Ron Paul to win the 2012 Nevada Caucus,50,5.2,Jan/26/2012 05:21:28
751712,NEVADA.PAUL(RON),Ron Paul to win the 2012 Nevada Caucus,5,4.3,Jan/26/2012 05:21:28
751712,NEVADA.PAUL(RON),Ron Paul to win the 2012 Nevada Caucus,9,4.9,Jan/26/2012 05:21:28
751712,NEVADA.PAUL(RON),Ron Paul to win the 2012 Nevada Caucus,7,4.7,Jan/26/2012 05:21:28
751712,NEVADA.PAUL(RON),Ron Paul to win the 2012 Nevada Caucus,14,5.9,Jan/26/2012 05:21:28
751712,NEVADA.PAUL(RON),Ron Paul to win the 2012 Nevada Caucus,1,3.0,Jan/26/2012 12:39:38
751712,NEVADA.PAUL(RON),Ron Paul to win the 2012 Nevada Caucus,1,4.0,Jan/26/2012 12:40:43
751712,NEVADA.PAUL(RON),Ron Paul to win the 2012 Nevada Caucus,1,4.0,Jan/26/2012 12:40:49
751712,NEVADA.PAUL(RON),Ron Paul to win the 2012 Nevada Caucus,1,3.2,Jan/26/2012 14:20:09
751712,NEVADA.PAUL(RON),Ron Paul to win the 2012 Nevada Caucus,1,3.2,Jan/26/2012 15:12:08
751712,NEVADA.PAUL(RON),Ron Paul to win the 2012 Nevada Caucus,1,3.3,Jan/26/2012 15:47:24
751712,NEVADA.PAUL(RON),Ron Paul to win the 2012 Nevada Caucus,1,3.3,Jan/26/2012 16:24:19
751712,NEVADA.PAUL(RON),Ron Paul to win the 2012 Nevada Caucus,13,3.3,Jan/26/2012 16:40:50
751712,NEVADA.PAUL(RON),Ron Paul to win the 2012 Nevada Caucus,2,3.3,Jan/26/2012 16:40:50
751712,NEVADA.PAUL(RON),Ron Paul to win the 2012 Nevada Caucus,2,3.2,Jan/26/2012 16:54:36
751712,NEVADA.PAUL(RON),Ron Paul to win the 2012 Nevada Caucus,1,3.2,Jan/26/2012 17:12:36
751712,NEVADA.PAUL(RON),Ron Paul to win the 2012 Nevada Caucus,1,3.2,Jan/26/2012 17:13:56
751712,NEVADA.PAUL(RON),Ron Paul to win the 2012 Nevada Caucus,4,3.1,Jan/26/2012 17:13:56
751712,NEVADA.PAUL(RON),Ron Paul to win the 2012 Nevada Caucus,10,3.1,Jan/26/2012 17:13:56
751712,NEVADA.PAUL(RON),Ron Paul to win the 2012 Nevada Caucus,5,3.1,Jan/26/2012 17:24:38
751712,NEVADA.PAUL(RON),Ron Paul to win the 2012 Nevada Caucus,28,3.0,Jan/26/2012 18:46:16
751712,NEVADA.PAUL(RON),Ron Paul to win the 2012 Nevada Caucus,1,3.4,Jan/27/2012 02:29:49
751712,NEVADA.PAUL(RON),Ron Paul to win the 2012 Nevada Caucus,1,3.3,Jan/27/2012 02:33:41
751712,NEVADA.PAUL(RON),Ron Paul to win the 2012 Nevada Caucus,1,3.2,Jan/27/2012 03:19:28
751712,NEVADA.PAUL(RON),Ron Paul to win the 2012 Nevada Caucus,19,3.1,Jan/27/2012 03:19:28
751712,NEVADA.PAUL(RON),Ron Paul to win the 2012 Nevada Caucus,1,3.1,Jan/27/2012 03:20:59
751712,NEVADA.PAUL(RON),Ron Paul to win the 2012 Nevada Caucus,2,3.1,Jan/27/2012 03:21:15
751712,NEVADA.PAUL(RON),Ron Paul to win the 2012 Nevada Caucus,6,3.1,Jan/27/2012 03:22:16
751712,NEVADA.PAUL(RON),Ron Paul to win the 2012 Nevada Caucus,1,3.5,Jan/27/2012 03:38:01
751712,NEVADA.PAUL(RON),Ron Paul to win the 2012 Nevada Caucus,1,3.6,Jan/27/2012 03:38:16
751712,NEVADA.PAUL(RON),Ron Paul to win the 2012 Nevada Caucus,1,3.7,Jan/27/2012 03:38:32
751712,NEVADA.PAUL(RON),Ron Paul to win the 2012 Nevada Caucus,1,3.8,Jan/27/2012 03:38:45
751712,NEVADA.PAUL(RON),Ron Paul to win the 2012 Nevada Caucus,5,3.9,Jan/27/2012 03:39:09
751712,NEVADA.PAUL(RON),Ron Paul to win the 2012 Nevada Caucus,1,3.9,Jan/27/2012 03:39:09
751712,NEVADA.PAUL(RON),Ron Paul to win the 2012 Nevada Caucus,8,4.0,Jan/27/2012 03:39:43
751712,NEVADA.PAUL(RON),Ron Paul to win the 2012 Nevada Caucus,2,4.1,Jan/27/2012 03:40:42
751712,NEVADA.PAUL(RON),Ron Paul to win the 2012 Nevada Caucus,22,3.1,Jan/27/2012 04:03:21
751712,NEVADA.PAUL(RON),Ron Paul to win the 2012 Nevada Caucus,5,4.0,Jan/27/2012 04:03:21
751712,NEVADA.PAUL(RON),Ron Paul to win the 2012 Nevada Caucus,10,3.0,Jan/27/2012 04:03:21
751712,NEVADA.PAUL(RON),Ron Paul to win the 2012 Nevada Caucus,10,4.0,Jan/27/2012 16:06:30
751712,NEVADA.PAUL(RON),Ron Paul to win the 2012 Nevada Caucus,5,4.4,Jan/27/2012 16:06:30
751712,NEVADA.PAUL(RON),Ron Paul to win the 2012 Nevada Caucus,100,4.5,Jan/27/2012 16:06:30
751712,NEVADA.PAUL(RON),Ron Paul to win the 2012 Nevada Caucus,2,4.2,Jan/27/2012 16:06:30
751712,NEVADA.PAUL(RON),Ron Paul to win the 2012 Nevada Caucus,5,3.9,Jan/27/2012 16:06:30
751712,NEVADA.PAUL(RON),Ron Paul to win the 2012 Nevada Caucus,12,4.4,Jan/27/2012 16:06:30
751712,NEVADA.PAUL(RON),Ron Paul to win the 2012 Nevada Caucus,2,3.2,Jan/27/2012 16:11:31
751712,NEVADA.PAUL(RON),Ron Paul to win the 2012 Nevada Caucus,1,3.2,Jan/27/2012 16:21:55
751712,NEVADA.PAUL(RON),Ron Paul to win the 2012 Nevada Caucus,1,3.1,Jan/27/2012 16:21:55
751712,NEVADA.PAUL(RON),Ron Paul to win the 2012 Nevada Caucus,5,3.1,Jan/27/2012 20:23:03
751712,NEVADA.PAUL(RON),Ron Paul to win the 2012 Nevada Caucus,12,3.1,Jan/27/2012 20:23:03
751712,NEVADA.PAUL(RON),Ron Paul to win the 2012 Nevada Caucus,2,3.1,Jan/27/2012 20:23:03
751712,NEVADA.PAUL(RON),Ron Paul to win the 2012 Nevada Caucus,62,3.0,Jan/27/2012 20:23:12
751712,NEVADA.PAUL(RON),Ron Paul to win the 2012 Nevada Caucus,3,2.1,Jan/27/2012 22:39:27
751712,NEVADA.PAUL(RON),Ron Paul to win the 2012 Nevada Caucus,7,2.1,Jan/27/2012 22:39:27
751712,NEVADA.PAUL(RON),Ron Paul to win the 2012 Nevada Caucus,3,2.3,Jan/27/2012 22:39:27
751712,NEVADA.PAUL(RON),Ron Paul to win the 2012 Nevada Caucus,80,2.0,Jan/27/2012 22:39:27
751712,NEVADA.PAUL(RON),Ron Paul to win the 2012 Nevada Caucus,1,2.5,Jan/28/2012 14:33:12
751712,NEVADA.PAUL(RON),Ron Paul to win the 2012 Nevada Caucus,1,2.0,Jan/28/2012 20:53:43
751712,NEVADA.PAUL(RON),Ron Paul to win the 2012 Nevada Caucus,6,2.0,Jan/28/2012 21:02:08
751712,NEVADA.PAUL(RON),Ron Paul to win the 2012 Nevada Caucus,4,2.0,Jan/28/2012 22:17:05
751712,NEVADA.PAUL(RON),Ron Paul to win the 2012 Nevada Caucus,2,1.7,Jan/29/2012 01:33:07
751712,NEVADA.PAUL(RON),Ron Paul to win the 2012 Nevada Caucus,1,1.9,Jan/29/2012 01:33:07
751712,NEVADA.PAUL(RON),Ron Paul to win the 2012 Nevada Caucus,1,1.8,Jan/29/2012 01:33:07
751712,NEVADA.PAUL(RON),Ron Paul to win the 2012 Nevada Caucus,1,1.8,Jan/29/2012 01:33:07
751712,NEVADA.PAUL(RON),Ron Paul to win the 2012 Nevada Caucus,6,1.6,Jan/29/2012 01:33:07
751712,NEVADA.PAUL(RON),Ron Paul to win the 2012 Nevada Caucus,10,1.6,Jan/29/2012 01:37:53
751712,NEVADA.PAUL(RON),Ron Paul to win the 2012 Nevada Caucus,1,1.6,Jan/29/2012 01:38:33
751712,NEVADA.PAUL(RON),Ron Paul to win the 2012 Nevada Caucus,58,1.6,Jan/29/2012 01:38:57
751712,NEVADA.PAUL(RON),Ron Paul to win the 2012 Nevada Caucus,1,1.7,Jan/29/2012 03:15:18
751712,NEVADA.PAUL(RON),Ron Paul to win the 2012 Nevada Caucus,30,1.6,Jan/29/2012 03:17:26
751712,NEVADA.PAUL(RON),Ron Paul to win the 2012 Nevada Caucus,1,2.9,Jan/29/2012 03:47:11
751712,NEVADA.PAUL(RON),Ron Paul to win the 2012 Nevada Caucus,12,2.9,Jan/29/2012 05:28:24
751712,NEVADA.PAUL(RON),Ron Paul to win the 2012 Nevada Caucus,6,2.9,Jan/29/2012 05:28:24
751712,NEVADA.PAUL(RON),Ron Paul to win the 2012 Nevada Caucus,1,2.6,Jan/29/2012 05:28:24
751712,NEVADA.PAUL(RON),Ron Paul to win the 2012 Nevada Caucus,2,2.7,Jan/29/2012 05:28:24
751712,NEVADA.PAUL(RON),Ron Paul to win the 2012 Nevada Caucus,2,2.8,Jan/29/2012 05:28:24
751712,NEVADA.PAUL(RON),Ron Paul to win the 2012 Nevada Caucus,1,2.5,Jan/29/2012 05:28:24
751712,NEVADA.PAUL(RON),Ron Paul to win the 2012 Nevada Caucus,1,2.9,Jan/29/2012 05:28:52
751712,NEVADA.PAUL(RON),Ron Paul to win the 2012 Nevada Caucus,3,2.9,Jan/29/2012 05:28:59
751712,NEVADA.PAUL(RON),Ron Paul to win the 2012 Nevada Caucus,18,3.0,Jan/29/2012 05:28:59
751712,NEVADA.PAUL(RON),Ron Paul to win the 2012 Nevada Caucus,2,3.0,Jan/29/2012 06:47:34
751712,NEVADA.PAUL(RON),Ron Paul to win the 2012 Nevada Caucus,1,3.1,Jan/29/2012 07:18:57
751712,NEVADA.PAUL(RON),Ron Paul to win the 2012 Nevada Caucus,1,2.7,Jan/29/2012 11:21:25
751712,NEVADA.PAUL(RON),Ron Paul to win the 2012 Nevada Caucus,1,2.4,Jan/29/2012 13:44:17
751712,NEVADA.PAUL(RON),Ron Paul to win the 2012 Nevada Caucus,1,2.9,Jan/29/2012 15:25:03
751712,NEVADA.PAUL(RON),Ron Paul to win the 2012 Nevada Caucus,1,3.1,Jan/29/2012 15:25:03
751712,NEVADA.PAUL(RON),Ron Paul to win the 2012 Nevada Caucus,1,3.2,Jan/29/2012 15:25:03
751712,NEVADA.PAUL(RON),Ron Paul to win the 2012 Nevada Caucus,1,3.3,Jan/29/2012 15:25:03
751712,NEVADA.PAUL(RON),Ron Paul to win the 2012 Nevada Caucus,1,3.4,Jan/29/2012 15:25:03
751712,NEVADA.PAUL(RON),Ron Paul to win the 2012 Nevada Caucus,21,2.9,Jan/29/2012 16:49:29
751712,NEVADA.PAUL(RON),Ron Paul to win the 2012 Nevada Caucus,1,3.0,Jan/29/2012 17:53:17
751712,NEVADA.PAUL(RON),Ron Paul to win the 2012 Nevada Caucus,5,2.6,Jan/29/2012 20:43:02
751712,NEVADA.PAUL(RON),Ron Paul to win the 2012 Nevada Caucus,1,2.6,Jan/29/2012 20:43:02
751712,NEVADA.PAUL(RON),Ron Paul to win the 2012 Nevada Caucus,19,3.0,Jan/29/2012 21:07:07
751712,NEVADA.PAUL(RON),Ron Paul to win the 2012 Nevada Caucus,1,3.1,Jan/29/2012 21:07:07
751712,NEVADA.PAUL(RON),Ron Paul to win the 2012 Nevada Caucus,1,3.2,Jan/29/2012 21:07:07
751712,NEVADA.PAUL(RON),Ron Paul to win the 2012 Nevada Caucus,1,3.3,Jan/29/2012 21:07:07
751712,NEVADA.PAUL(RON),Ron Paul to win the 2012 Nevada Caucus,1,3.4,Jan/29/2012 21:07:07
751712,NEVADA.PAUL(RON),Ron Paul to win the 2012 Nevada Caucus,1,2.8,Jan/29/2012 23:14:45
751712,NEVADA.PAUL(RON),Ron Paul to win the 2012 Nevada Caucus,9,2.6,Jan/30/2012 00:02:41
751712,NEVADA.PAUL(RON),Ron Paul to win the 2012 Nevada Caucus,40,2.5,Jan/30/2012 00:02:41
751712,NEVADA.PAUL(RON),Ron Paul to win the 2012 Nevada Caucus,6,2.8,Jan/30/2012 00:02:41
751712,NEVADA.PAUL(RON),Ron Paul to win the 2012 Nevada Caucus,10,2.6,Jan/30/2012 00:02:41
751712,NEVADA.PAUL(RON),Ron Paul to win the 2012 Nevada Caucus,4,2.7,Jan/30/2012 00:02:41
751712,NEVADA.PAUL(RON),Ron Paul to win the 2012 Nevada Caucus,1,3.1,Jan/30/2012 07:00:40
751712,NEVADA.PAUL(RON),Ron Paul to win the 2012 Nevada Caucus,2,1.7,Jan/30/2012 12:31:49
751712,NEVADA.PAUL(RON),Ron Paul to win the 2012 Nevada Caucus,2,1.7,Jan/30/2012 12:31:49
751712,NEVADA.PAUL(RON),Ron Paul to win the 2012 Nevada Caucus,1,3.1,Jan/30/2012 15:10:55
751712,NEVADA.PAUL(RON),Ron Paul to win the 2012 Nevada Caucus,13,3.0,Jan/30/2012 16:11:56
751712,NEVADA.PAUL(RON),Ron Paul to win the 2012 Nevada Caucus,6,3.0,Jan/30/2012 16:11:56
751712,NEVADA.PAUL(RON),Ron Paul to win the 2012 Nevada Caucus,5,1.7,Jan/30/2012 16:12:31
751712,NEVADA.PAUL(RON),Ron Paul to win the 2012 Nevada Caucus,2,1.7,Jan/30/2012 16:23:06
751712,NEVADA.PAUL(RON),Ron Paul to win the 2012 Nevada Caucus,4,2.4,Jan/30/2012 18:26:17
751712,NEVADA.PAUL(RON),Ron Paul to win the 2012 Nevada Caucus,2,1.6,Jan/30/2012 18:48:34
751712,NEVADA.PAUL(RON),Ron Paul to win the 2012 Nevada Caucus,2,2.5,Jan/30/2012 20:31:38
751712,NEVADA.PAUL(RON),Ron Paul to win the 2012 Nevada Caucus,5,1.8,Jan/31/2012 00:10:49
751712,NEVADA.PAUL(RON),Ron Paul to win the 2012 Nevada Caucus,2,1.9,Jan/31/2012 00:18:55
751712,NEVADA.PAUL(RON),Ron Paul to win the 2012 Nevada Caucus,2,1.8,Jan/31/2012 00:20:36
751712,NEVADA.PAUL(RON),Ron Paul to win the 2012 Nevada Caucus,1,1.8,Jan/31/2012 00:21:42
751712,NEVADA.PAUL(RON),Ron Paul to win the 2012 Nevada Caucus,2,1.8,Jan/31/2012 00:22:34
751712,NEVADA.PAUL(RON),Ron Paul to win the 2012 Nevada Caucus,2,1.8,Jan/31/2012 00:26:15
751712,NEVADA.PAUL(RON),Ron Paul to win the 2012 Nevada Caucus,1,1.8,Jan/31/2012 00:33:08
751712,NEVADA.PAUL(RON),Ron Paul to win the 2012 Nevada Caucus,9,1.7,Jan/31/2012 00:53:29
751712,NEVADA.PAUL(RON),Ron Paul to win the 2012 Nevada Caucus,18,1.6,Jan/31/2012 00:53:29
751712,NEVADA.PAUL(RON),Ron Paul to win the 2012 Nevada Caucus,3,1.6,Jan/31/2012 01:39:35
751712,NEVADA.PAUL(RON),Ron Paul to win the 2012 Nevada Caucus,4,1.9,Jan/31/2012 02:02:42
751712,NEVADA.PAUL(RON),Ron Paul to win the 2012 Nevada Caucus,6,1.6,Jan/31/2012 03:47:46
751712,NEVADA.PAUL(RON),Ron Paul to win the 2012 Nevada Caucus,5,2.3,Jan/31/2012 04:09:34
751712,NEVADA.PAUL(RON),Ron Paul to win the 2012 Nevada Caucus,5,2.3,Jan/31/2012 04:09:34
751712,NEVADA.PAUL(RON),Ron Paul to win the 2012 Nevada Caucus,90,2.3,Jan/31/2012 05:03:17
751712,NEVADA.PAUL(RON),Ron Paul to win the 2012 Nevada Caucus,1,2.5,Jan/31/2012 16:32:17
751712,NEVADA.PAUL(RON),Ron Paul to win the 2012 Nevada Caucus,1,2.3,Jan/31/2012 16:32:17
751712,NEVADA.PAUL(RON),Ron Paul to win the 2012 Nevada Caucus,1,2.4,Jan/31/2012 16:32:17
751712,NEVADA.PAUL(RON),Ron Paul to win the 2012 Nevada Caucus,1,2.0,Jan/31/2012 17:15:11
751712,NEVADA.PAUL(RON),Ron Paul to win the 2012 Nevada Caucus,1,2.0,Jan/31/2012 17:16:03
751712,NEVADA.PAUL(RON),Ron Paul to win the 2012 Nevada Caucus,1,2.7,Jan/31/2012 18:30:58
751712,NEVADA.PAUL(RON),Ron Paul to win the 2012 Nevada Caucus,17,2.5,Jan/31/2012 18:30:58
751712,NEVADA.PAUL(RON),Ron Paul to win the 2012 Nevada Caucus,1,2.8,Jan/31/2012 18:30:58
751712,NEVADA.PAUL(RON),Ron Paul to win the 2012 Nevada Caucus,7,2.0,Jan/31/2012 19:40:12
751712,NEVADA.PAUL(RON),Ron Paul to win the 2012 Nevada Caucus,71,1.9,Jan/31/2012 19:40:12
751712,NEVADA.PAUL(RON),Ron Paul to win the 2012 Nevada Caucus,6,1.9,Jan/31/2012 19:48:24
751712,NEVADA.PAUL(RON),Ron Paul to win the 2012 Nevada Caucus,4,1.9,Jan/31/2012 19:49:15
751712,NEVADA.PAUL(RON),Ron Paul to win the 2012 Nevada Caucus,5,1.9,Jan/31/2012 19:51:31
751712,NEVADA.PAUL(RON),Ron Paul to win the 2012 Nevada Caucus,2,1.9,Jan/31/2012 19:59:51
751712,NEVADA.PAUL(RON),Ron Paul to win the 2012 Nevada Caucus,5,2.9,Jan/31/2012 20:09:36
751712,NEVADA.PAUL(RON),Ron Paul to win the 2012 Nevada Caucus,2,3.0,Jan/31/2012 20:09:36
751712,NEVADA.PAUL(RON),Ron Paul to win the 2012 Nevada Caucus,8,2.0,Jan/31/2012 20:31:56
751712,NEVADA.PAUL(RON),Ron Paul to win the 2012 Nevada Caucus,10,2.0,Jan/31/2012 20:35:13
751712,NEVADA.PAUL(RON),Ron Paul to win the 2012 Nevada Caucus,11,2.0,Jan/31/2012 20:53:39
751712,NEVADA.PAUL(RON),Ron Paul to win the 2012 Nevada Caucus,1,2.0,Jan/31/2012 21:13:28
751712,NEVADA.PAUL(RON),Ron Paul to win the 2012 Nevada Caucus,1,2.0,Jan/31/2012 21:17:28
751712,NEVADA.PAUL(RON),Ron Paul to win the 2012 Nevada Caucus,2,1.9,Jan/31/2012 21:28:14
751712,NEVADA.PAUL(RON),Ron Paul to win the 2012 Nevada Caucus,20,1.9,Feb/01/2012 00:21:48
751712,NEVADA.PAUL(RON),Ron Paul to win the 2012 Nevada Caucus,1,2.5,Feb/01/2012 00:44:08
751712,NEVADA.PAUL(RON),Ron Paul to win the 2012 Nevada Caucus,1,2.5,Feb/01/2012 00:44:39
751712,NEVADA.PAUL(RON),Ron Paul to win the 2012 Nevada Caucus,3,2.5,Feb/01/2012 00:44:50
751712,NEVADA.PAUL(RON),Ron Paul to win the 2012 Nevada Caucus,2,1.9,Feb/01/2012 01:06:43
751712,NEVADA.PAUL(RON),Ron Paul to win the 2012 Nevada Caucus,11,1.9,Feb/01/2012 01:11:50
751712,NEVADA.PAUL(RON),Ron Paul to win the 2012 Nevada Caucus,1,1.8,Feb/01/2012 01:17:22
751712,NEVADA.PAUL(RON),Ron Paul to win the 2012 Nevada Caucus,8,1.8,Feb/01/2012 01:18:33
751712,NEVADA.PAUL(RON),Ron Paul to win the 2012 Nevada Caucus,16,1.8,Feb/01/2012 01:20:54
751712,NEVADA.PAUL(RON),Ron Paul to win the 2012 Nevada Caucus,4,1.8,Feb/01/2012 01:23:30
751712,NEVADA.PAUL(RON),Ron Paul to win the 2012 Nevada Caucus,1,1.8,Feb/01/2012 01:31:55
751712,NEVADA.PAUL(RON),Ron Paul to win the 2012 Nevada Caucus,1,2.2,Feb/01/2012 01:36:01
751712,NEVADA.PAUL(RON),Ron Paul to win the 2012 Nevada Caucus,1,2.5,Feb/01/2012 01:36:01
751712,NEVADA.PAUL(RON),Ron Paul to win the 2012 Nevada Caucus,1,1.9,Feb/01/2012 01:36:01
751712,NEVADA.PAUL(RON),Ron Paul to win the 2012 Nevada Caucus,2,2.5,Feb/01/2012 02:52:25
751712,NEVADA.PAUL(RON),Ron Paul to win the 2012 Nevada Caucus,5,1.8,Feb/01/2012 03:04:11
751712,NEVADA.PAUL(RON),Ron Paul to win the 2012 Nevada Caucus,3,1.8,Feb/01/2012 03:05:42
751712,NEVADA.PAUL(RON),Ron Paul to win the 2012 Nevada Caucus,23,1.8,Feb/01/2012 03:06:02
751712,NEVADA.PAUL(RON),Ron Paul to win the 2012 Nevada Caucus,9,1.8,Feb/01/2012 03:06:22
751712,NEVADA.PAUL(RON),Ron Paul to win the 2012 Nevada Caucus,6,1.8,Feb/01/2012 03:14:48
751712,NEVADA.PAUL(RON),Ron Paul to win the 2012 Nevada Caucus,24,1.8,Feb/01/2012 03:39:45
751712,NEVADA.PAUL(RON),Ron Paul to win the 2012 Nevada Caucus,13,1.7,Feb/01/2012 03:41:10
751712,NEVADA.PAUL(RON),Ron Paul to win the 2012 Nevada Caucus,1,1.7,Feb/01/2012 03:42:53
751712,NEVADA.PAUL(RON),Ron Paul to win the 2012 Nevada Caucus,9,1.7,Feb/01/2012 03:43:14
751712,NEVADA.PAUL(RON),Ron Paul to win the 2012 Nevada Caucus,7,1.7,Feb/01/2012 03:44:45
751712,NEVADA.PAUL(RON),Ron Paul to win the 2012 Nevada Caucus,10,1.7,Feb/01/2012 03:46:56
751712,NEVADA.PAUL(RON),Ron Paul to win the 2012 Nevada Caucus,4,1.7,Feb/01/2012 03:47:26
751712,NEVADA.PAUL(RON),Ron Paul to win the 2012 Nevada Caucus,1,2.3,Feb/01/2012 04:27:09
751712,NEVADA.PAUL(RON),Ron Paul to win the 2012 Nevada Caucus,4,2.4,Feb/01/2012 04:27:09
751712,NEVADA.PAUL(RON),Ron Paul to win the 2012 Nevada Caucus,1,2.5,Feb/01/2012 04:27:09
751712,NEVADA.PAUL(RON),Ron Paul to win the 2012 Nevada Caucus,1,1.9,Feb/01/2012 04:31:49
751712,NEVADA.PAUL(RON),Ron Paul to win the 2012 Nevada Caucus,4,2.5,Feb/01/2012 04:38:00
751712,NEVADA.PAUL(RON),Ron Paul to win the 2012 Nevada Caucus,4,1.9,Feb/01/2012 04:38:46
751712,NEVADA.PAUL(RON),Ron Paul to win the 2012 Nevada Caucus,10,2.4,Feb/01/2012 04:52:09
751712,NEVADA.PAUL(RON),Ron Paul to win the 2012 Nevada Caucus,2,1.8,Feb/01/2012 04:56:13
751712,NEVADA.PAUL(RON),Ron Paul to win the 2012 Nevada Caucus,34,1.7,Feb/01/2012 04:56:13
751712,NEVADA.PAUL(RON),Ron Paul to win the 2012 Nevada Caucus,10,1.7,Feb/01/2012 04:56:13
751712,NEVADA.PAUL(RON),Ron Paul to win the 2012 Nevada Caucus,10,1.8,Feb/01/2012 05:11:47
751712,NEVADA.PAUL(RON),Ron Paul to win the 2012 Nevada Caucus,1,1.8,Feb/01/2012 09:09:11
751712,NEVADA.PAUL(RON),Ron Paul to win the 2012 Nevada Caucus,5,1.7,Feb/01/2012 09:09:41
751712,NEVADA.PAUL(RON),Ron Paul to win the 2012 Nevada Caucus,8,1.7,Feb/01/2012 09:10:02
751712,NEVADA.PAUL(RON),Ron Paul to win the 2012 Nevada Caucus,61,1.6,Feb/01/2012 09:10:23
751712,NEVADA.PAUL(RON),Ron Paul to win the 2012 Nevada Caucus,20,1.6,Feb/01/2012 09:27:20
751712,NEVADA.PAUL(RON),Ron Paul to win the 2012 Nevada Caucus,1,2.2,Feb/01/2012 11:57:56
751712,NEVADA.PAUL(RON),Ron Paul to win the 2012 Nevada Caucus,14,2.3,Feb/01/2012 12:01:54
751712,NEVADA.PAUL(RON),Ron Paul to win the 2012 Nevada Caucus,20,1.8,Feb/01/2012 12:35:22
751712,NEVADA.PAUL(RON),Ron Paul to win the 2012 Nevada Caucus,5,1.8,Feb/01/2012 12:37:07
751712,NEVADA.PAUL(RON),Ron Paul to win the 2012 Nevada Caucus,61,1.7,Feb/01/2012 14:36:50
751712,NEVADA.PAUL(RON),Ron Paul to win the 2012 Nevada Caucus,8,1.7,Feb/01/2012 14:41:51
751712,NEVADA.PAUL(RON),Ron Paul to win the 2012 Nevada Caucus,20,1.7,Feb/01/2012 14:42:42
751712,NEVADA.PAUL(RON),Ron Paul to win the 2012 Nevada Caucus,20,1.9,Feb/01/2012 15:16:13
751712,NEVADA.PAUL(RON),Ron Paul to win the 2012 Nevada Caucus,2,1.8,Feb/01/2012 15:39:08
751712,NEVADA.PAUL(RON),Ron Paul to win the 2012 Nevada Caucus,5,1.7,Feb/01/2012 15:39:40
751712,NEVADA.PAUL(RON),Ron Paul to win the 2012 Nevada Caucus,1,1.7,Feb/01/2012 15:40:21
751712,NEVADA.PAUL(RON),Ron Paul to win the 2012 Nevada Caucus,1,1.7,Feb/01/2012 15:42:22
751712,NEVADA.PAUL(RON),Ron Paul to win the 2012 Nevada Caucus,13,1.7,Feb/01/2012 15:44:23
751712,NEVADA.PAUL(RON),Ron Paul to win the 2012 Nevada Caucus,31,1.7,Feb/01/2012 15:44:23
751712,NEVADA.PAUL(RON),Ron Paul to win the 2012 Nevada Caucus,5,1.7,Feb/01/2012 15:44:23
751712,NEVADA.PAUL(RON),Ron Paul to win the 2012 Nevada Caucus,40,1.6,Feb/01/2012 15:44:23
751712,NEVADA.PAUL(RON),Ron Paul to win the 2012 Nevada Caucus,21,1.6,Feb/01/2012 15:44:58
751712,NEVADA.PAUL(RON),Ron Paul to win the 2012 Nevada Caucus,79,1.6,Feb/01/2012 15:44:58
751712,NEVADA.PAUL(RON),Ron Paul to win the 2012 Nevada Caucus,2,1.6,Feb/01/2012 15:49:59
751712,NEVADA.PAUL(RON),Ron Paul to win the 2012 Nevada Caucus,9,1.6,Feb/01/2012 16:08:48
751712,NEVADA.PAUL(RON),Ron Paul to win the 2012 Nevada Caucus,10,1.6,Feb/01/2012 16:12:09
751712,NEVADA.PAUL(RON),Ron Paul to win the 2012 Nevada Caucus,20,1.6,Feb/01/2012 16:15:36
751712,NEVADA.PAUL(RON),Ron Paul to win the 2012 Nevada Caucus,5,1.6,Feb/01/2012 16:16:11
751712,NEVADA.PAUL(RON),Ron Paul to win the 2012 Nevada Caucus,5,1.7,Feb/01/2012 17:02:36
751712,NEVADA.PAUL(RON),Ron Paul to win the 2012 Nevada Caucus,5,1.6,Feb/01/2012 17:09:09
751712,NEVADA.PAUL(RON),Ron Paul to win the 2012 Nevada Caucus,62,1.6,Feb/01/2012 17:09:09
751712,NEVADA.PAUL(RON),Ron Paul to win the 2012 Nevada Caucus,2,1.5,Feb/01/2012 17:09:43
751712,NEVADA.PAUL(RON),Ron Paul to win the 2012 Nevada Caucus,45,1.6,Feb/01/2012 17:20:49
751712,NEVADA.PAUL(RON),Ron Paul to win the 2012 Nevada Caucus,50,1.7,Feb/01/2012 17:23:08
751712,NEVADA.PAUL(RON),Ron Paul to win the 2012 Nevada Caucus,2,1.6,Feb/01/2012 17:25:46
751712,NEVADA.PAUL(RON),Ron Paul to win the 2012 Nevada Caucus,9,1.6,Feb/01/2012 17:31:41
751712,NEVADA.PAUL(RON),Ron Paul to win the 2012 Nevada Caucus,20,1.6,Feb/01/2012 17:46:17
751712,NEVADA.PAUL(RON),Ron Paul to win the 2012 Nevada Caucus,9,1.6,Feb/01/2012 18:09:18
751712,NEVADA.PAUL(RON),Ron Paul to win the 2012 Nevada Caucus,22,1.7,Feb/01/2012 18:35:39
751712,NEVADA.PAUL(RON),Ron Paul to win the 2012 Nevada Caucus,21,1.8,Feb/01/2012 18:46:44
751712,NEVADA.PAUL(RON),Ron Paul to win the 2012 Nevada Caucus,21,1.8,Feb/01/2012 18:47:08
751712,NEVADA.PAUL(RON),Ron Paul to win the 2012 Nevada Caucus,98,1.5,Feb/01/2012 19:18:38
751712,NEVADA.PAUL(RON),Ron Paul to win the 2012 Nevada Caucus,78,1.5,Feb/01/2012 19:18:38
751712,NEVADA.PAUL(RON),Ron Paul to win the 2012 Nevada Caucus,22,1.6,Feb/01/2012 19:18:38
751712,NEVADA.PAUL(RON),Ron Paul to win the 2012 Nevada Caucus,2,2.0,Feb/01/2012 19:20:09
751712,NEVADA.PAUL(RON),Ron Paul to win the 2012 Nevada Caucus,3,1.9,Feb/01/2012 19:20:09
751712,NEVADA.PAUL(RON),Ron Paul to win the 2012 Nevada Caucus,36,1.5,Feb/01/2012 20:17:38
751712,NEVADA.PAUL(RON),Ron Paul to win the 2012 Nevada Caucus,11,1.5,Feb/01/2012 20:18:09
751712,NEVADA.PAUL(RON),Ron Paul to win the 2012 Nevada Caucus,31,1.5,Feb/01/2012 20:19:09
751712,NEVADA.PAUL(RON),Ron Paul to win the 2012 Nevada Caucus,8,1.4,Feb/01/2012 20:23:26
751712,NEVADA.PAUL(RON),Ron Paul to win the 2012 Nevada Caucus,17,1.4,Feb/01/2012 20:24:46
751712,NEVADA.PAUL(RON),Ron Paul to win the 2012 Nevada Caucus,10,1.2,Feb/01/2012 20:35:30
751712,NEVADA.PAUL(RON),Ron Paul to win the 2012 Nevada Caucus,10,1.2,Feb/01/2012 20:35:30
751712,NEVADA.PAUL(RON),Ron Paul to win the 2012 Nevada Caucus,20,1.2,Feb/01/2012 20:39:32
751712,NEVADA.PAUL(RON),Ron Paul to win the 2012 Nevada Caucus,20,1.2,Feb/01/2012 20:40:33
751712,NEVADA.PAUL(RON),Ron Paul to win the 2012 Nevada Caucus,20,1.2,Feb/01/2012 20:40:54
751712,NEVADA.PAUL(RON),Ron Paul to win the 2012 Nevada Caucus,20,1.2,Feb/01/2012 20:41:14
751712,NEVADA.PAUL(RON),Ron Paul to win the 2012 Nevada Caucus,5,1.2,Feb/01/2012 20:41:44
751712,NEVADA.PAUL(RON),Ron Paul to win the 2012 Nevada Caucus,1,1.2,Feb/01/2012 21:01:45
751712,NEVADA.PAUL(RON),Ron Paul to win the 2012 Nevada Caucus,100,1.1,Feb/01/2012 21:02:09
751712,NEVADA.PAUL(RON),Ron Paul to win the 2012 Nevada Caucus,8,0.5,Feb/01/2012 21:26:38
751712,NEVADA.PAUL(RON),Ron Paul to win the 2012 Nevada Caucus,1,1.0,Feb/01/2012 21:26:38
751712,NEVADA.PAUL(RON),Ron Paul to win the 2012 Nevada Caucus,1,0.4,Feb/01/2012 21:26:38
751712,NEVADA.PAUL(RON),Ron Paul to win the 2012 Nevada Caucus,7,1.3,Feb/01/2012 22:39:14
751712,NEVADA.PAUL(RON),Ron Paul to win the 2012 Nevada Caucus,22,1.4,Feb/01/2012 22:39:26
751712,NEVADA.PAUL(RON),Ron Paul to win the 2012 Nevada Caucus,39,1.8,Feb/01/2012 22:39:41
751712,NEVADA.PAUL(RON),Ron Paul to win the 2012 Nevada Caucus,18,1.8,Feb/01/2012 22:40:01
751712,NEVADA.PAUL(RON),Ron Paul to win the 2012 Nevada Caucus,3,1.9,Feb/01/2012 22:40:20
751712,NEVADA.PAUL(RON),Ron Paul to win the 2012 Nevada Caucus,5,0.4,Feb/01/2012 22:46:11
751712,NEVADA.PAUL(RON),Ron Paul to win the 2012 Nevada Caucus,5,0.5,Feb/01/2012 22:46:11
751712,NEVADA.PAUL(RON),Ron Paul to win the 2012 Nevada Caucus,10,0.6,Feb/01/2012 23:00:12
751712,NEVADA.PAUL(RON),Ron Paul to win the 2012 Nevada Caucus,4,0.6,Feb/01/2012 23:00:12
751712,NEVADA.PAUL(RON),Ron Paul to win the 2012 Nevada Caucus,100,0.5,Feb/01/2012 23:00:43
751712,NEVADA.PAUL(RON),Ron Paul to win the 2012 Nevada Caucus,100,0.5,Feb/01/2012 23:01:04
751712,NEVADA.PAUL(RON),Ron Paul to win the 2012 Nevada Caucus,2,0.9,Feb/02/2012 00:21:51
751712,NEVADA.PAUL(RON),Ron Paul to win the 2012 Nevada Caucus,100,0.6,Feb/02/2012 00:38:39
751712,NEVADA.PAUL(RON),Ron Paul to win the 2012 Nevada Caucus,50,0.6,Feb/02/2012 00:38:39
751712,NEVADA.PAUL(RON),Ron Paul to win the 2012 Nevada Caucus,5,0.9,Feb/02/2012 00:55:21
751712,NEVADA.PAUL(RON),Ron Paul to win the 2012 Nevada Caucus,200,1.0,Feb/02/2012 00:59:01
751712,NEVADA.PAUL(RON),Ron Paul to win the 2012 Nevada Caucus,5,1.0,Feb/02/2012 01:32:27
751712,NEVADA.PAUL(RON),Ron Paul to win the 2012 Nevada Caucus,5,1.0,Feb/02/2012 01:55:30
751712,NEVADA.PAUL(RON),Ron Paul to win the 2012 Nevada Caucus,10,1.0,Feb/02/2012 01:55:30
751712,NEVADA.PAUL(RON),Ron Paul to win the 2012 Nevada Caucus,6,1.0,Feb/02/2012 01:55:36
751712,NEVADA.PAUL(RON),Ron Paul to win the 2012 Nevada Caucus,70,1.0,Feb/02/2012 01:56:43
751712,NEVADA.PAUL(RON),Ron Paul to win the 2012 Nevada Caucus,9,1.0,Feb/02/2012 01:56:49
751712,NEVADA.PAUL(RON),Ron Paul to win the 2012 Nevada Caucus,25,0.6,Feb/02/2012 04:49:13
751712,NEVADA.PAUL(RON),Ron Paul to win the 2012 Nevada Caucus,64,0.5,Feb/02/2012 05:08:21
751712,NEVADA.PAUL(RON),Ron Paul to win the 2012 Nevada Caucus,29,0.4,Feb/02/2012 05:20:52
751712,NEVADA.PAUL(RON),Ron Paul to win the 2012 Nevada Caucus,4,0.4,Feb/02/2012 05:20:52
751712,NEVADA.PAUL(RON),Ron Paul to win the 2012 Nevada Caucus,100,0.3,Feb/02/2012 05:21:01
751712,NEVADA.PAUL(RON),Ron Paul to win the 2012 Nevada Caucus,2,0.2,Feb/02/2012 07:33:00
751712,NEVADA.PAUL(RON),Ron Paul to win the 2012 Nevada Caucus,8,0.2,Feb/02/2012 07:49:29
751712,NEVADA.PAUL(RON),Ron Paul to win the 2012 Nevada Caucus,5,0.1,Feb/02/2012 07:49:29
751712,NEVADA.PAUL(RON),Ron Paul to win the 2012 Nevada Caucus,16,0.6,Feb/02/2012 10:45:19
751712,NEVADA.PAUL(RON),Ron Paul to win the 2012 Nevada Caucus,8,0.7,Feb/02/2012 11:06:34
751712,NEVADA.PAUL(RON),Ron Paul to win the 2012 Nevada Caucus,34,0.6,Feb/02/2012 14:01:40
751712,NEVADA.PAUL(RON),Ron Paul to win the 2012 Nevada Caucus,10,0.2,Feb/02/2012 14:15:48
751712,NEVADA.PAUL(RON),Ron Paul to win the 2012 Nevada Caucus,200,0.5,Feb/02/2012 14:22:39
751712,NEVADA.PAUL(RON),Ron Paul to win the 2012 Nevada Caucus,1,0.2,Feb/02/2012 14:23:12
751712,NEVADA.PAUL(RON),Ron Paul to win the 2012 Nevada Caucus,73,0.2,Feb/02/2012 14:27:15
751712,NEVADA.PAUL(RON),Ron Paul to win the 2012 Nevada Caucus,34,0.3,Feb/02/2012 14:27:15
751712,NEVADA.PAUL(RON),Ron Paul to win the 2012 Nevada Caucus,1,0.7,Feb/02/2012 14:28:56
751712,NEVADA.PAUL(RON),Ron Paul to win the 2012 Nevada Caucus,1,0.7,Feb/02/2012 14:29:17
751712,NEVADA.PAUL(RON),Ron Paul to win the 2012 Nevada Caucus,1,0.7,Feb/02/2012 14:29:23
751712,NEVADA.PAUL(RON),Ron Paul to win the 2012 Nevada Caucus,1,1.0,Feb/02/2012 14:29:47
751712,NEVADA.PAUL(RON),Ron Paul to win the 2012 Nevada Caucus,96,0.3,Feb/02/2012 15:29:47
751712,NEVADA.PAUL(RON),Ron Paul to win the 2012 Nevada Caucus,5,0.2,Feb/02/2012 15:29:47
751712,NEVADA.PAUL(RON),Ron Paul to win the 2012 Nevada Caucus,1,0.7,Feb/02/2012 15:32:29
751712,NEVADA.PAUL(RON),Ron Paul to win the 2012 Nevada Caucus,50,0.3,Feb/02/2012 16:26:22
751712,NEVADA.PAUL(RON),Ron Paul to win the 2012 Nevada Caucus,50,0.3,Feb/02/2012 16:35:15
751712,NEVADA.PAUL(RON),Ron Paul to win the 2012 Nevada Caucus,48,0.4,Feb/02/2012 17:17:39
751712,NEVADA.PAUL(RON),Ron Paul to win the 2012 Nevada Caucus,2,0.4,Feb/02/2012 17:21:41
751712,NEVADA.PAUL(RON),Ron Paul to win the 2012 Nevada Caucus,3,0.4,Feb/02/2012 17:31:15
751712,NEVADA.PAUL(RON),Ron Paul to win the 2012 Nevada Caucus,1,0.2,Feb/02/2012 18:04:35
751712,NEVADA.PAUL(RON),Ron Paul to win the 2012 Nevada Caucus,5,0.5,Feb/02/2012 20:14:27
751712,NEVADA.PAUL(RON),Ron Paul to win the 2012 Nevada Caucus,30,0.2,Feb/02/2012 21:10:01
751712,NEVADA.PAUL(RON),Ron Paul to win the 2012 Nevada Caucus,33,0.3,Feb/02/2012 21:12:38
751712,NEVADA.PAUL(RON),Ron Paul to win the 2012 Nevada Caucus,35,0.2,Feb/02/2012 22:27:34
751712,NEVADA.PAUL(RON),Ron Paul to win the 2012 Nevada Caucus,50,0.2,Feb/02/2012 23:46:09
751712,NEVADA.PAUL(RON),Ron Paul to win the 2012 Nevada Caucus,50,0.2,Feb/03/2012 00:43:27
751712,NEVADA.PAUL(RON),Ron Paul to win the 2012 Nevada Caucus,30,0.2,Feb/03/2012 01:50:04
751712,NEVADA.PAUL(RON),Ron Paul to win the 2012 Nevada Caucus,40,0.2,Feb/03/2012 02:08:16
751712,NEVADA.PAUL(RON),Ron Paul to win the 2012 Nevada Caucus,50,0.2,Feb/03/2012 02:08:16
751712,NEVADA.PAUL(RON),Ron Paul to win the 2012 Nevada Caucus,50,0.3,Feb/03/2012 02:08:37
751712,NEVADA.PAUL(RON),Ron Paul to win the 2012 Nevada Caucus,7,0.3,Feb/03/2012 02:08:37
751712,NEVADA.PAUL(RON),Ron Paul to win the 2012 Nevada Caucus,30,0.4,Feb/03/2012 02:29:35
751712,NEVADA.PAUL(RON),Ron Paul to win the 2012 Nevada Caucus,50,0.4,Feb/03/2012 02:29:35
751712,NEVADA.PAUL(RON),Ron Paul to win the 2012 Nevada Caucus,4,0.5,Feb/03/2012 02:30:06
751712,NEVADA.PAUL(RON),Ron Paul to win the 2012 Nevada Caucus,9,0.6,Feb/03/2012 02:41:50
751712,NEVADA.PAUL(RON),Ron Paul to win the 2012 Nevada Caucus,1,0.5,Feb/03/2012 02:41:50
751712,NEVADA.PAUL(RON),Ron Paul to win the 2012 Nevada Caucus,10,0.7,Feb/03/2012 02:48:43
751712,NEVADA.PAUL(RON),Ron Paul to win the 2012 Nevada Caucus,6,0.8,Feb/03/2012 02:48:43
751712,NEVADA.PAUL(RON),Ron Paul to win the 2012 Nevada Caucus,24,0.6,Feb/03/2012 02:48:43
751712,NEVADA.PAUL(RON),Ron Paul to win the 2012 Nevada Caucus,10,0.6,Feb/03/2012 02:48:43
751712,NEVADA.PAUL(RON),Ron Paul to win the 2012 Nevada Caucus,29,1.0,Feb/03/2012 02:51:56
751712,NEVADA.PAUL(RON),Ron Paul to win the 2012 Nevada Caucus,4,0.8,Feb/03/2012 02:51:56
751712,NEVADA.PAUL(RON),Ron Paul to win the 2012 Nevada Caucus,10,0.9,Feb/03/2012 02:51:56
751712,NEVADA.PAUL(RON),Ron Paul to win the 2012 Nevada Caucus,47,1.0,Feb/03/2012 02:51:59
751712,NEVADA.PAUL(RON),Ron Paul to win the 2012 Nevada Caucus,10,0.4,Feb/03/2012 03:04:18
751712,NEVADA.PAUL(RON),Ron Paul to win the 2012 Nevada Caucus,40,0.5,Feb/03/2012 03:42:54
751712,NEVADA.PAUL(RON),Ron Paul to win the 2012 Nevada Caucus,8,0.5,Feb/03/2012 06:32:59
751712,NEVADA.PAUL(RON),Ron Paul to win the 2012 Nevada Caucus,20,0.5,Feb/03/2012 07:34:54
751712,NEVADA.PAUL(RON),Ron Paul to win the 2012 Nevada Caucus,2,0.5,Feb/03/2012 07:35:22
751712,NEVADA.PAUL(RON),Ron Paul to win the 2012 Nevada Caucus,6,0.6,Feb/03/2012 07:35:52
751712,NEVADA.PAUL(RON),Ron Paul to win the 2012 Nevada Caucus,4,0.6,Feb/03/2012 09:04:36
751712,NEVADA.PAUL(RON),Ron Paul to win the 2012 Nevada Caucus,10,0.7,Feb/03/2012 09:05:05
751712,NEVADA.PAUL(RON),Ron Paul to win the 2012 Nevada Caucus,10,0.8,Feb/03/2012 09:05:32
751712,NEVADA.PAUL(RON),Ron Paul to win the 2012 Nevada Caucus,5,0.9,Feb/03/2012 09:06:28
751712,NEVADA.PAUL(RON),Ron Paul to win the 2012 Nevada Caucus,500,0.3,Feb/03/2012 15:51:18
751712,NEVADA.PAUL(RON),Ron Paul to win the 2012 Nevada Caucus,16,0.2,Feb/03/2012 16:01:10
751712,NEVADA.PAUL(RON),Ron Paul to win the 2012 Nevada Caucus,5,0.2,Feb/03/2012 16:19:04
751712,NEVADA.PAUL(RON),Ron Paul to win the 2012 Nevada Caucus,10,0.3,Feb/03/2012 17:38:53
751712,NEVADA.PAUL(RON),Ron Paul to win the 2012 Nevada Caucus,15,0.5,Feb/03/2012 17:38:53
751712,NEVADA.PAUL(RON),Ron Paul to win the 2012 Nevada Caucus,10,0.4,Feb/03/2012 17:38:53
751712,NEVADA.PAUL(RON),Ron Paul to win the 2012 Nevada Caucus,140,0.4,Feb/03/2012 17:38:53
751712,NEVADA.PAUL(RON),Ron Paul to win the 2012 Nevada Caucus,10,0.4,Feb/03/2012 19:41:28
751712,NEVADA.PAUL(RON),Ron Paul to win the 2012 Nevada Caucus,10,0.5,Feb/03/2012 19:42:03
751712,NEVADA.PAUL(RON),Ron Paul to win the 2012 Nevada Caucus,25,0.5,Feb/03/2012 20:06:45
751712,NEVADA.PAUL(RON),Ron Paul to win the 2012 Nevada Caucus,10,0.6,Feb/03/2012 20:06:45
751712,NEVADA.PAUL(RON),Ron Paul to win the 2012 Nevada Caucus,10,0.6,Feb/03/2012 20:06:50
751712,NEVADA.PAUL(RON),Ron Paul to win the 2012 Nevada Caucus,5,0.6,Feb/03/2012 20:07:25
751712,NEVADA.PAUL(RON),Ron Paul to win the 2012 Nevada Caucus,3,0.2,Feb/03/2012 20:50:01
751712,NEVADA.PAUL(RON),Ron Paul to win the 2012 Nevada Caucus,5,0.6,Feb/03/2012 21:28:26
751712,NEVADA.PAUL(RON),Ron Paul to win the 2012 Nevada Caucus,1,0.4,Feb/03/2012 22:35:47
751712,NEVADA.PAUL(RON),Ron Paul to win the 2012 Nevada Caucus,3,0.2,Feb/03/2012 23:41:20
751712,NEVADA.PAUL(RON),Ron Paul to win the 2012 Nevada Caucus,99,0.4,Feb/04/2012 00:09:49
751712,NEVADA.PAUL(RON),Ron Paul to win the 2012 Nevada Caucus,90,0.6,Feb/04/2012 00:10:02
751712,NEVADA.PAUL(RON),Ron Paul to win the 2012 Nevada Caucus,18,0.7,Feb/04/2012 00:10:49
751712,NEVADA.PAUL(RON),Ron Paul to win the 2012 Nevada Caucus,5,0.9,Feb/04/2012 00:11:05
751712,NEVADA.PAUL(RON),Ron Paul to win the 2012 Nevada Caucus,10,0.9,Feb/04/2012 00:11:05
751712,NEVADA.PAUL(RON),Ron Paul to win the 2012 Nevada Caucus,10,0.8,Feb/04/2012 00:11:05
751712,NEVADA.PAUL(RON),Ron Paul to win the 2012 Nevada Caucus,10,1.0,Feb/04/2012 00:11:17
751712,NEVADA.PAUL(RON),Ron Paul to win the 2012 Nevada Caucus,10,1.0,Feb/04/2012 00:11:17
751712,NEVADA.PAUL(RON),Ron Paul to win the 2012 Nevada Caucus,5,1.1,Feb/04/2012 00:20:05
751712,NEVADA.PAUL(RON),Ron Paul to win the 2012 Nevada Caucus,9,1.1,Feb/04/2012 00:20:05
751712,NEVADA.PAUL(RON),Ron Paul to win the 2012 Nevada Caucus,5,0.4,Feb/04/2012 02:49:38
751712,NEVADA.PAUL(RON),Ron Paul to win the 2012 Nevada Caucus,10,0.3,Feb/04/2012 02:50:54
751712,NEVADA.PAUL(RON),Ron Paul to win the 2012 Nevada Caucus,10,0.2,Feb/04/2012 02:52:06
751712,NEVADA.PAUL(RON),Ron Paul to win the 2012 Nevada Caucus,3,0.2,Feb/04/2012 02:52:06
751712,NEVADA.PAUL(RON),Ron Paul to win the 2012 Nevada Caucus,15,0.4,Feb/04/2012 03:22:46
751712,NEVADA.PAUL(RON),Ron Paul to win the 2012 Nevada Caucus,33,0.4,Feb/04/2012 04:07:42
751712,NEVADA.PAUL(RON),Ron Paul to win the 2012 Nevada Caucus,5,0.5,Feb/04/2012 04:53:31
751712,NEVADA.PAUL(RON),Ron Paul to win the 2012 Nevada Caucus,5,0.6,Feb/04/2012 04:54:11
751712,NEVADA.PAUL(RON),Ron Paul to win the 2012 Nevada Caucus,33,0.4,Feb/04/2012 10:53:49
751712,NEVADA.PAUL(RON),Ron Paul to win the 2012 Nevada Caucus,100,0.5,Feb/04/2012 11:32:30
751712,NEVADA.PAUL(RON),Ron Paul to win the 2012 Nevada Caucus,150,0.4,Feb/04/2012 14:08:38
751712,NEVADA.PAUL(RON),Ron Paul to win the 2012 Nevada Caucus,1,0.4,Feb/04/2012 14:10:12
751712,NEVADA.PAUL(RON),Ron Paul to win the 2012 Nevada Caucus,2,0.4,Feb/04/2012 14:45:51
751712,NEVADA.PAUL(RON),Ron Paul to win the 2012 Nevada Caucus,15,0.3,Feb/04/2012 16:54:04
751712,NEVADA.PAUL(RON),Ron Paul to win the 2012 Nevada Caucus,23,0.2,Feb/04/2012 16:54:37
751712,NEVADA.PAUL(RON),Ron Paul to win the 2012 Nevada Caucus,200,0.2,Feb/04/2012 16:54:37
751712,NEVADA.PAUL(RON),Ron Paul to win the 2012 Nevada Caucus,5,0.1,Feb/04/2012 16:55:17
751712,NEVADA.PAUL(RON),Ron Paul to win the 2012 Nevada Caucus,10,0.1,Feb/04/2012 16:55:17
751712,NEVADA.PAUL(RON),Ron Paul to win the 2012 Nevada Caucus,100,0.1,Feb/04/2012 16:55:17
751712,NEVADA.PAUL(RON),Ron Paul to win the 2012 Nevada Caucus,20,0.1,Feb/04/2012 16:55:17
751712,NEVADA.PAUL(RON),Ron Paul to win the 2012 Nevada Caucus,120,0.1,Feb/04/2012 16:55:17
751712,NEVADA.PAUL(RON),Ron Paul to win the 2012 Nevada Caucus,100,0.1,Feb/04/2012 16:55:17
751712,NEVADA.PAUL(RON),Ron Paul to win the 2012 Nevada Caucus,90,0.4,Feb/04/2012 17:05:51
751712,NEVADA.PAUL(RON),Ron Paul to win the 2012 Nevada Caucus,86,0.2,Feb/04/2012 17:29:44
751712,NEVADA.PAUL(RON),Ron Paul to win the 2012 Nevada Caucus,214,0.2,Feb/04/2012 17:31:19
751712,NEVADA.PAUL(RON),Ron Paul to win the 2012 Nevada Caucus,86,0.1,Feb/04/2012 17:41:11
751712,NEVADA.PAUL(RON),Ron Paul to win the 2012 Nevada Caucus,10,0.2,Feb/04/2012 17:57:32
751712,NEVADA.PAUL(RON),Ron Paul to win the 2012 Nevada Caucus,15,0.1,Feb/04/2012 19:24:46
751712,NEVADA.PAUL(RON),Ron Paul to win the 2012 Nevada Caucus,5,0.2,Feb/04/2012 20:17:00
751712,NEVADA.PAUL(RON),Ron Paul to win the 2012 Nevada Caucus,15,0.2,Feb/04/2012 20:17:00
751712,NEVADA.PAUL(RON),Ron Paul to win the 2012 Nevada Caucus,20,0.1,Feb/04/2012 20:27:08
751712,NEVADA.PAUL(RON),Ron Paul to win the 2012 Nevada Caucus,109,0.1,Feb/05/2012 04:45:53
751712,NEVADA.PAUL(RON),Ron Paul to win the 2012 Nevada Caucus,8,0.1,Feb/05/2012 18:35:29
751712,NEVADA.PAUL(RON),Ron Paul to win the 2012 Nevada Caucus,5,0.1,Feb/05/2012 23:32:54
