market id,market symbol,market name,trade quantity,trade price,date/time [utc]
770016,ITALY.PM.BERSANI,Pier Luigi Bersani to be Prime Minister of Italy after the 2013 general election,1,50.5,Jan/21/2013 20:50:11
770016,ITALY.PM.BERSANI,Pier Luigi Bersani to be Prime Minister of Italy after the 2013 general election,6,80.0,Jan/21/2013 21:09:22
770016,ITALY.PM.BERSANI,Pier Luigi Bersani to be Prime Minister of Italy after the 2013 general election,4,80.0,Jan/22/2013 08:57:27
770016,ITALY.PM.BERSANI,Pier Luigi Bersani to be Prime Minister of Italy after the 2013 general election,6,80.0,Jan/22/2013 08:57:27
770016,ITALY.PM.BERSANI,Pier Luigi Bersani to be Prime Minister of Italy after the 2013 general election,4,70.0,Jan/22/2013 22:37:59
770016,ITALY.PM.BERSANI,Pier Luigi Bersani to be Prime Minister of Italy after the 2013 general election,1,70.0,Jan/22/2013 22:43:37
770016,ITALY.PM.BERSANI,Pier Luigi Bersani to be Prime Minister of Italy after the 2013 general election,9,65.1,Jan/22/2013 22:43:51
770016,ITALY.PM.BERSANI,Pier Luigi Bersani to be Prime Minister of Italy after the 2013 general election,5,80.0,Jan/23/2013 06:50:34
770016,ITALY.PM.BERSANI,Pier Luigi Bersani to be Prime Minister of Italy after the 2013 general election,6,79.6,Jan/23/2013 23:50:16
770016,ITALY.PM.BERSANI,Pier Luigi Bersani to be Prime Minister of Italy after the 2013 general election,15,79.6,Jan/24/2013 12:59:24
770016,ITALY.PM.BERSANI,Pier Luigi Bersani to be Prime Minister of Italy after the 2013 general election,16,79.6,Jan/24/2013 14:53:01
770016,ITALY.PM.BERSANI,Pier Luigi Bersani to be Prime Minister of Italy after the 2013 general election,5,78.0,Jan/24/2013 15:09:28
770016,ITALY.PM.BERSANI,Pier Luigi Bersani to be Prime Minister of Italy after the 2013 general election,16,78.0,Jan/24/2013 15:11:29
770016,ITALY.PM.BERSANI,Pier Luigi Bersani to be Prime Minister of Italy after the 2013 general election,5,79.4,Jan/24/2013 18:12:37
770016,ITALY.PM.BERSANI,Pier Luigi Bersani to be Prime Minister of Italy after the 2013 general election,2,82.0,Jan/24/2013 23:38:59
770016,ITALY.PM.BERSANI,Pier Luigi Bersani to be Prime Minister of Italy after the 2013 general election,1,79.7,Jan/25/2013 09:48:52
770016,ITALY.PM.BERSANI,Pier Luigi Bersani to be Prime Minister of Italy after the 2013 general election,2,79.0,Jan/25/2013 18:56:42
770016,ITALY.PM.BERSANI,Pier Luigi Bersani to be Prime Minister of Italy after the 2013 general election,1,80.5,Jan/26/2013 16:02:54
770016,ITALY.PM.BERSANI,Pier Luigi Bersani to be Prime Minister of Italy after the 2013 general election,1,80.0,Jan/27/2013 20:07:57
770016,ITALY.PM.BERSANI,Pier Luigi Bersani to be Prime Minister of Italy after the 2013 general election,1,80.0,Jan/28/2013 15:22:11
770016,ITALY.PM.BERSANI,Pier Luigi Bersani to be Prime Minister of Italy after the 2013 general election,1,83.2,Feb/01/2013 11:49:53
770016,ITALY.PM.BERSANI,Pier Luigi Bersani to be Prime Minister of Italy after the 2013 general election,5,80.1,Feb/04/2013 17:46:33
770016,ITALY.PM.BERSANI,Pier Luigi Bersani to be Prime Minister of Italy after the 2013 general election,5,80.1,Feb/04/2013 17:47:27
770016,ITALY.PM.BERSANI,Pier Luigi Bersani to be Prime Minister of Italy after the 2013 general election,10,80.1,Feb/04/2013 17:53:25
770016,ITALY.PM.BERSANI,Pier Luigi Bersani to be Prime Minister of Italy after the 2013 general election,5,81.9,Feb/04/2013 18:31:50
770016,ITALY.PM.BERSANI,Pier Luigi Bersani to be Prime Minister of Italy after the 2013 general election,5,83.0,Feb/04/2013 18:31:50
770016,ITALY.PM.BERSANI,Pier Luigi Bersani to be Prime Minister of Italy after the 2013 general election,5,82.0,Feb/04/2013 18:31:50
770016,ITALY.PM.BERSANI,Pier Luigi Bersani to be Prime Minister of Italy after the 2013 general election,1,82.6,Feb/04/2013 18:31:50
770016,ITALY.PM.BERSANI,Pier Luigi Bersani to be Prime Minister of Italy after the 2013 general election,5,84.9,Feb/04/2013 18:31:50
770016,ITALY.PM.BERSANI,Pier Luigi Bersani to be Prime Minister of Italy after the 2013 general election,19,85.0,Feb/04/2013 18:31:50
770016,ITALY.PM.BERSANI,Pier Luigi Bersani to be Prime Minister of Italy after the 2013 general election,81,85.0,Feb/04/2013 18:32:28
770016,ITALY.PM.BERSANI,Pier Luigi Bersani to be Prime Minister of Italy after the 2013 general election,1,82.6,Feb/04/2013 18:32:28
770016,ITALY.PM.BERSANI,Pier Luigi Bersani to be Prime Minister of Italy after the 2013 general election,3,82.3,Feb/04/2013 23:08:48
770016,ITALY.PM.BERSANI,Pier Luigi Bersani to be Prime Minister of Italy after the 2013 general election,3,82.3,Feb/04/2013 23:08:50
770016,ITALY.PM.BERSANI,Pier Luigi Bersani to be Prime Minister of Italy after the 2013 general election,3,82.3,Feb/04/2013 23:08:51
770016,ITALY.PM.BERSANI,Pier Luigi Bersani to be Prime Minister of Italy after the 2013 general election,2,82.3,Feb/04/2013 23:08:52
770016,ITALY.PM.BERSANI,Pier Luigi Bersani to be Prime Minister of Italy after the 2013 general election,1,82.3,Feb/04/2013 23:08:53
770016,ITALY.PM.BERSANI,Pier Luigi Bersani to be Prime Minister of Italy after the 2013 general election,1,82.3,Feb/04/2013 23:08:54
770016,ITALY.PM.BERSANI,Pier Luigi Bersani to be Prime Minister of Italy after the 2013 general election,1,82.3,Feb/04/2013 23:08:55
770016,ITALY.PM.BERSANI,Pier Luigi Bersani to be Prime Minister of Italy after the 2013 general election,2,82.3,Feb/04/2013 23:11:20
770016,ITALY.PM.BERSANI,Pier Luigi Bersani to be Prime Minister of Italy after the 2013 general election,2,82.3,Feb/04/2013 23:11:21
770016,ITALY.PM.BERSANI,Pier Luigi Bersani to be Prime Minister of Italy after the 2013 general election,1,82.3,Feb/04/2013 23:11:22
770016,ITALY.PM.BERSANI,Pier Luigi Bersani to be Prime Minister of Italy after the 2013 general election,1,82.3,Feb/04/2013 23:11:23
770016,ITALY.PM.BERSANI,Pier Luigi Bersani to be Prime Minister of Italy after the 2013 general election,1,82.3,Feb/04/2013 23:11:24
770016,ITALY.PM.BERSANI,Pier Luigi Bersani to be Prime Minister of Italy after the 2013 general election,1,82.3,Feb/04/2013 23:11:25
770016,ITALY.PM.BERSANI,Pier Luigi Bersani to be Prime Minister of Italy after the 2013 general election,1,82.3,Feb/04/2013 23:11:26
770016,ITALY.PM.BERSANI,Pier Luigi Bersani to be Prime Minister of Italy after the 2013 general election,1,82.3,Feb/04/2013 23:12:13
770016,ITALY.PM.BERSANI,Pier Luigi Bersani to be Prime Minister of Italy after the 2013 general election,1,82.3,Feb/04/2013 23:12:14
770016,ITALY.PM.BERSANI,Pier Luigi Bersani to be Prime Minister of Italy after the 2013 general election,1,82.3,Feb/04/2013 23:12:15
770016,ITALY.PM.BERSANI,Pier Luigi Bersani to be Prime Minister of Italy after the 2013 general election,1,82.3,Feb/04/2013 23:12:29
770016,ITALY.PM.BERSANI,Pier Luigi Bersani to be Prime Minister of Italy after the 2013 general election,2,82.3,Feb/04/2013 23:12:30
770016,ITALY.PM.BERSANI,Pier Luigi Bersani to be Prime Minister of Italy after the 2013 general election,2,82.3,Feb/04/2013 23:12:31
770016,ITALY.PM.BERSANI,Pier Luigi Bersani to be Prime Minister of Italy after the 2013 general election,1,82.3,Feb/04/2013 23:12:32
770016,ITALY.PM.BERSANI,Pier Luigi Bersani to be Prime Minister of Italy after the 2013 general election,1,82.3,Feb/04/2013 23:12:33
770016,ITALY.PM.BERSANI,Pier Luigi Bersani to be Prime Minister of Italy after the 2013 general election,3,82.3,Feb/04/2013 23:14:31
770016,ITALY.PM.BERSANI,Pier Luigi Bersani to be Prime Minister of Italy after the 2013 general election,3,82.3,Feb/04/2013 23:14:32
770016,ITALY.PM.BERSANI,Pier Luigi Bersani to be Prime Minister of Italy after the 2013 general election,2,82.3,Feb/04/2013 23:14:33
770016,ITALY.PM.BERSANI,Pier Luigi Bersani to be Prime Minister of Italy after the 2013 general election,2,82.3,Feb/04/2013 23:14:34
770016,ITALY.PM.BERSANI,Pier Luigi Bersani to be Prime Minister of Italy after the 2013 general election,2,82.3,Feb/04/2013 23:14:35
770016,ITALY.PM.BERSANI,Pier Luigi Bersani to be Prime Minister of Italy after the 2013 general election,1,82.3,Feb/04/2013 23:14:36
770016,ITALY.PM.BERSANI,Pier Luigi Bersani to be Prime Minister of Italy after the 2013 general election,1,82.3,Feb/04/2013 23:14:37
770016,ITALY.PM.BERSANI,Pier Luigi Bersani to be Prime Minister of Italy after the 2013 general election,1,82.3,Feb/04/2013 23:14:58
770016,ITALY.PM.BERSANI,Pier Luigi Bersani to be Prime Minister of Italy after the 2013 general election,1,82.3,Feb/04/2013 23:14:59
770016,ITALY.PM.BERSANI,Pier Luigi Bersani to be Prime Minister of Italy after the 2013 general election,1,82.3,Feb/04/2013 23:15:41
770016,ITALY.PM.BERSANI,Pier Luigi Bersani to be Prime Minister of Italy after the 2013 general election,2,82.3,Feb/04/2013 23:15:42
770016,ITALY.PM.BERSANI,Pier Luigi Bersani to be Prime Minister of Italy after the 2013 general election,1,82.3,Feb/04/2013 23:15:43
770016,ITALY.PM.BERSANI,Pier Luigi Bersani to be Prime Minister of Italy after the 2013 general election,1,82.3,Feb/04/2013 23:15:44
770016,ITALY.PM.BERSANI,Pier Luigi Bersani to be Prime Minister of Italy after the 2013 general election,1,82.3,Feb/04/2013 23:15:46
770016,ITALY.PM.BERSANI,Pier Luigi Bersani to be Prime Minister of Italy after the 2013 general election,1,82.3,Feb/04/2013 23:15:47
770016,ITALY.PM.BERSANI,Pier Luigi Bersani to be Prime Minister of Italy after the 2013 general election,1,82.3,Feb/04/2013 23:15:48
770016,ITALY.PM.BERSANI,Pier Luigi Bersani to be Prime Minister of Italy after the 2013 general election,1,82.3,Feb/04/2013 23:16:25
770016,ITALY.PM.BERSANI,Pier Luigi Bersani to be Prime Minister of Italy after the 2013 general election,1,82.3,Feb/04/2013 23:16:26
770016,ITALY.PM.BERSANI,Pier Luigi Bersani to be Prime Minister of Italy after the 2013 general election,2,82.3,Feb/04/2013 23:16:49
770016,ITALY.PM.BERSANI,Pier Luigi Bersani to be Prime Minister of Italy after the 2013 general election,3,82.3,Feb/04/2013 23:16:51
770016,ITALY.PM.BERSANI,Pier Luigi Bersani to be Prime Minister of Italy after the 2013 general election,2,82.3,Feb/04/2013 23:16:51
770016,ITALY.PM.BERSANI,Pier Luigi Bersani to be Prime Minister of Italy after the 2013 general election,2,82.3,Feb/04/2013 23:16:53
770016,ITALY.PM.BERSANI,Pier Luigi Bersani to be Prime Minister of Italy after the 2013 general election,1,82.3,Feb/04/2013 23:16:54
770016,ITALY.PM.BERSANI,Pier Luigi Bersani to be Prime Minister of Italy after the 2013 general election,1,82.3,Feb/04/2013 23:16:55
770016,ITALY.PM.BERSANI,Pier Luigi Bersani to be Prime Minister of Italy after the 2013 general election,1,82.3,Feb/04/2013 23:16:56
770016,ITALY.PM.BERSANI,Pier Luigi Bersani to be Prime Minister of Italy after the 2013 general election,1,82.3,Feb/04/2013 23:16:57
770016,ITALY.PM.BERSANI,Pier Luigi Bersani to be Prime Minister of Italy after the 2013 general election,1,82.3,Feb/04/2013 23:16:58
770016,ITALY.PM.BERSANI,Pier Luigi Bersani to be Prime Minister of Italy after the 2013 general election,4,82.3,Feb/04/2013 23:18:22
770016,ITALY.PM.BERSANI,Pier Luigi Bersani to be Prime Minister of Italy after the 2013 general election,4,82.3,Feb/04/2013 23:18:23
770016,ITALY.PM.BERSANI,Pier Luigi Bersani to be Prime Minister of Italy after the 2013 general election,3,82.3,Feb/04/2013 23:18:24
770016,ITALY.PM.BERSANI,Pier Luigi Bersani to be Prime Minister of Italy after the 2013 general election,3,82.3,Feb/04/2013 23:18:25
770016,ITALY.PM.BERSANI,Pier Luigi Bersani to be Prime Minister of Italy after the 2013 general election,2,82.3,Feb/04/2013 23:18:26
770016,ITALY.PM.BERSANI,Pier Luigi Bersani to be Prime Minister of Italy after the 2013 general election,2,82.3,Feb/04/2013 23:18:27
770016,ITALY.PM.BERSANI,Pier Luigi Bersani to be Prime Minister of Italy after the 2013 general election,2,82.3,Feb/04/2013 23:18:28
770016,ITALY.PM.BERSANI,Pier Luigi Bersani to be Prime Minister of Italy after the 2013 general election,1,82.3,Feb/04/2013 23:18:29
770016,ITALY.PM.BERSANI,Pier Luigi Bersani to be Prime Minister of Italy after the 2013 general election,1,82.3,Feb/04/2013 23:18:30
770016,ITALY.PM.BERSANI,Pier Luigi Bersani to be Prime Minister of Italy after the 2013 general election,1,82.3,Feb/04/2013 23:18:32
770016,ITALY.PM.BERSANI,Pier Luigi Bersani to be Prime Minister of Italy after the 2013 general election,1,82.3,Feb/04/2013 23:18:33
770016,ITALY.PM.BERSANI,Pier Luigi Bersani to be Prime Minister of Italy after the 2013 general election,1,82.3,Feb/04/2013 23:19:33
770016,ITALY.PM.BERSANI,Pier Luigi Bersani to be Prime Minister of Italy after the 2013 general election,1,82.3,Feb/04/2013 23:19:34
770016,ITALY.PM.BERSANI,Pier Luigi Bersani to be Prime Minister of Italy after the 2013 general election,1,82.3,Feb/04/2013 23:20:00
770016,ITALY.PM.BERSANI,Pier Luigi Bersani to be Prime Minister of Italy after the 2013 general election,40,87.5,Feb/05/2013 10:29:17
770016,ITALY.PM.BERSANI,Pier Luigi Bersani to be Prime Minister of Italy after the 2013 general election,20,87.5,Feb/05/2013 10:30:44
770016,ITALY.PM.BERSANI,Pier Luigi Bersani to be Prime Minister of Italy after the 2013 general election,10,87.4,Feb/05/2013 16:08:32
770016,ITALY.PM.BERSANI,Pier Luigi Bersani to be Prime Minister of Italy after the 2013 general election,1,87.4,Feb/07/2013 10:52:59
770016,ITALY.PM.BERSANI,Pier Luigi Bersani to be Prime Minister of Italy after the 2013 general election,4,87.4,Feb/08/2013 07:48:12
770016,ITALY.PM.BERSANI,Pier Luigi Bersani to be Prime Minister of Italy after the 2013 general election,14,83.0,Feb/08/2013 22:40:45
770016,ITALY.PM.BERSANI,Pier Luigi Bersani to be Prime Minister of Italy after the 2013 general election,1,85.3,Feb/10/2013 17:15:15
770016,ITALY.PM.BERSANI,Pier Luigi Bersani to be Prime Minister of Italy after the 2013 general election,1,82.5,Feb/12/2013 11:46:09
770016,ITALY.PM.BERSANI,Pier Luigi Bersani to be Prime Minister of Italy after the 2013 general election,1,82.5,Feb/12/2013 11:46:20
770016,ITALY.PM.BERSANI,Pier Luigi Bersani to be Prime Minister of Italy after the 2013 general election,1,82.5,Feb/12/2013 11:46:53
770016,ITALY.PM.BERSANI,Pier Luigi Bersani to be Prime Minister of Italy after the 2013 general election,1,82.5,Feb/12/2013 11:47:30
770016,ITALY.PM.BERSANI,Pier Luigi Bersani to be Prime Minister of Italy after the 2013 general election,1,82.5,Feb/12/2013 11:47:53
770016,ITALY.PM.BERSANI,Pier Luigi Bersani to be Prime Minister of Italy after the 2013 general election,1,82.5,Feb/12/2013 11:47:55
770016,ITALY.PM.BERSANI,Pier Luigi Bersani to be Prime Minister of Italy after the 2013 general election,1,82.5,Feb/12/2013 11:47:56
770016,ITALY.PM.BERSANI,Pier Luigi Bersani to be Prime Minister of Italy after the 2013 general election,1,82.5,Feb/12/2013 11:47:57
770016,ITALY.PM.BERSANI,Pier Luigi Bersani to be Prime Minister of Italy after the 2013 general election,1,82.5,Feb/12/2013 11:47:58
770016,ITALY.PM.BERSANI,Pier Luigi Bersani to be Prime Minister of Italy after the 2013 general election,1,82.5,Feb/12/2013 11:47:59
770016,ITALY.PM.BERSANI,Pier Luigi Bersani to be Prime Minister of Italy after the 2013 general election,1,84.4,Feb/12/2013 16:53:23
770016,ITALY.PM.BERSANI,Pier Luigi Bersani to be Prime Minister of Italy after the 2013 general election,3,87.9,Feb/13/2013 03:36:34
770016,ITALY.PM.BERSANI,Pier Luigi Bersani to be Prime Minister of Italy after the 2013 general election,10,88.0,Feb/13/2013 03:36:52
770016,ITALY.PM.BERSANI,Pier Luigi Bersani to be Prime Minister of Italy after the 2013 general election,2,89.2,Feb/16/2013 16:54:54
770016,ITALY.PM.BERSANI,Pier Luigi Bersani to be Prime Minister of Italy after the 2013 general election,1,88.0,Feb/18/2013 09:17:15
770016,ITALY.PM.BERSANI,Pier Luigi Bersani to be Prime Minister of Italy after the 2013 general election,1,87.9,Feb/18/2013 09:17:15
770016,ITALY.PM.BERSANI,Pier Luigi Bersani to be Prime Minister of Italy after the 2013 general election,12,86.8,Feb/18/2013 09:17:15
770016,ITALY.PM.BERSANI,Pier Luigi Bersani to be Prime Minister of Italy after the 2013 general election,8,87.0,Feb/18/2013 09:17:15
770016,ITALY.PM.BERSANI,Pier Luigi Bersani to be Prime Minister of Italy after the 2013 general election,5,84.5,Feb/19/2013 13:15:18
770016,ITALY.PM.BERSANI,Pier Luigi Bersani to be Prime Minister of Italy after the 2013 general election,1,84.4,Feb/19/2013 20:39:11
770016,ITALY.PM.BERSANI,Pier Luigi Bersani to be Prime Minister of Italy after the 2013 general election,3,84.3,Feb/19/2013 20:39:32
770016,ITALY.PM.BERSANI,Pier Luigi Bersani to be Prime Minister of Italy after the 2013 general election,1,82.8,Feb/19/2013 20:39:53
770016,ITALY.PM.BERSANI,Pier Luigi Bersani to be Prime Minister of Italy after the 2013 general election,1,82.8,Feb/19/2013 21:03:15
770016,ITALY.PM.BERSANI,Pier Luigi Bersani to be Prime Minister of Italy after the 2013 general election,9,87.0,Feb/20/2013 13:23:39
770016,ITALY.PM.BERSANI,Pier Luigi Bersani to be Prime Minister of Italy after the 2013 general election,10,87.0,Feb/20/2013 17:55:39
770016,ITALY.PM.BERSANI,Pier Luigi Bersani to be Prime Minister of Italy after the 2013 general election,1,87.0,Feb/20/2013 17:55:39
770016,ITALY.PM.BERSANI,Pier Luigi Bersani to be Prime Minister of Italy after the 2013 general election,1,85.4,Feb/21/2013 02:18:41
770016,ITALY.PM.BERSANI,Pier Luigi Bersani to be Prime Minister of Italy after the 2013 general election,1,85.4,Feb/21/2013 02:24:18
770016,ITALY.PM.BERSANI,Pier Luigi Bersani to be Prime Minister of Italy after the 2013 general election,1,85.4,Feb/21/2013 05:15:17
770016,ITALY.PM.BERSANI,Pier Luigi Bersani to be Prime Minister of Italy after the 2013 general election,1,85.4,Feb/21/2013 05:15:43
770016,ITALY.PM.BERSANI,Pier Luigi Bersani to be Prime Minister of Italy after the 2013 general election,1,85.4,Feb/21/2013 05:15:58
770016,ITALY.PM.BERSANI,Pier Luigi Bersani to be Prime Minister of Italy after the 2013 general election,2,86.5,Feb/21/2013 08:41:36
770016,ITALY.PM.BERSANI,Pier Luigi Bersani to be Prime Minister of Italy after the 2013 general election,20,84.0,Feb/22/2013 18:18:00
770016,ITALY.PM.BERSANI,Pier Luigi Bersani to be Prime Minister of Italy after the 2013 general election,23,85.0,Feb/22/2013 18:18:00
770016,ITALY.PM.BERSANI,Pier Luigi Bersani to be Prime Minister of Italy after the 2013 general election,2,85.0,Feb/22/2013 19:01:06
770016,ITALY.PM.BERSANI,Pier Luigi Bersani to be Prime Minister of Italy after the 2013 general election,7,85.0,Feb/22/2013 19:02:59
770016,ITALY.PM.BERSANI,Pier Luigi Bersani to be Prime Minister of Italy after the 2013 general election,1,82.5,Feb/22/2013 21:43:00
770016,ITALY.PM.BERSANI,Pier Luigi Bersani to be Prime Minister of Italy after the 2013 general election,2,81.6,Feb/23/2013 05:16:59
770016,ITALY.PM.BERSANI,Pier Luigi Bersani to be Prime Minister of Italy after the 2013 general election,1,81.9,Feb/23/2013 23:55:37
770016,ITALY.PM.BERSANI,Pier Luigi Bersani to be Prime Minister of Italy after the 2013 general election,14,81.0,Feb/24/2013 01:35:58
770016,ITALY.PM.BERSANI,Pier Luigi Bersani to be Prime Minister of Italy after the 2013 general election,5,81.0,Feb/24/2013 04:24:33
770016,ITALY.PM.BERSANI,Pier Luigi Bersani to be Prime Minister of Italy after the 2013 general election,1,80.2,Feb/24/2013 09:01:29
770016,ITALY.PM.BERSANI,Pier Luigi Bersani to be Prime Minister of Italy after the 2013 general election,2,80.0,Feb/24/2013 09:01:29
770016,ITALY.PM.BERSANI,Pier Luigi Bersani to be Prime Minister of Italy after the 2013 general election,5,80.4,Feb/24/2013 09:01:29
770016,ITALY.PM.BERSANI,Pier Luigi Bersani to be Prime Minister of Italy after the 2013 general election,5,79.9,Feb/24/2013 09:01:29
770016,ITALY.PM.BERSANI,Pier Luigi Bersani to be Prime Minister of Italy after the 2013 general election,3,81.0,Feb/24/2013 09:19:37
770016,ITALY.PM.BERSANI,Pier Luigi Bersani to be Prime Minister of Italy after the 2013 general election,1,80.4,Feb/24/2013 11:32:38
770016,ITALY.PM.BERSANI,Pier Luigi Bersani to be Prime Minister of Italy after the 2013 general election,2,80.4,Feb/24/2013 12:31:04
770016,ITALY.PM.BERSANI,Pier Luigi Bersani to be Prime Minister of Italy after the 2013 general election,10,79.0,Feb/24/2013 18:17:14
770016,ITALY.PM.BERSANI,Pier Luigi Bersani to be Prime Minister of Italy after the 2013 general election,2,79.2,Feb/24/2013 18:17:14
770016,ITALY.PM.BERSANI,Pier Luigi Bersani to be Prime Minister of Italy after the 2013 general election,15,79.0,Feb/24/2013 18:56:01
770016,ITALY.PM.BERSANI,Pier Luigi Bersani to be Prime Minister of Italy after the 2013 general election,1,77.9,Feb/24/2013 20:56:13
770016,ITALY.PM.BERSANI,Pier Luigi Bersani to be Prime Minister of Italy after the 2013 general election,1,77.9,Feb/24/2013 21:03:05
770016,ITALY.PM.BERSANI,Pier Luigi Bersani to be Prime Minister of Italy after the 2013 general election,50,91.5,Feb/25/2013 12:19:33
770016,ITALY.PM.BERSANI,Pier Luigi Bersani to be Prime Minister of Italy after the 2013 general election,7,92.8,Feb/25/2013 12:50:22
770016,ITALY.PM.BERSANI,Pier Luigi Bersani to be Prime Minister of Italy after the 2013 general election,3,92.8,Feb/25/2013 12:50:23
770016,ITALY.PM.BERSANI,Pier Luigi Bersani to be Prime Minister of Italy after the 2013 general election,15,94.5,Feb/25/2013 13:47:30
770016,ITALY.PM.BERSANI,Pier Luigi Bersani to be Prime Minister of Italy after the 2013 general election,2,94.5,Feb/25/2013 13:49:13
770016,ITALY.PM.BERSANI,Pier Luigi Bersani to be Prime Minister of Italy after the 2013 general election,5,96.5,Feb/25/2013 13:54:23
770016,ITALY.PM.BERSANI,Pier Luigi Bersani to be Prime Minister of Italy after the 2013 general election,20,96.5,Feb/25/2013 13:54:49
770016,ITALY.PM.BERSANI,Pier Luigi Bersani to be Prime Minister of Italy after the 2013 general election,52,96.5,Feb/25/2013 13:59:20
770016,ITALY.PM.BERSANI,Pier Luigi Bersani to be Prime Minister of Italy after the 2013 general election,1,96.0,Feb/25/2013 14:02:03
770016,ITALY.PM.BERSANI,Pier Luigi Bersani to be Prime Minister of Italy after the 2013 general election,1,96.0,Feb/25/2013 14:02:04
770016,ITALY.PM.BERSANI,Pier Luigi Bersani to be Prime Minister of Italy after the 2013 general election,1,96.0,Feb/25/2013 14:02:05
770016,ITALY.PM.BERSANI,Pier Luigi Bersani to be Prime Minister of Italy after the 2013 general election,1,96.0,Feb/25/2013 14:02:06
770016,ITALY.PM.BERSANI,Pier Luigi Bersani to be Prime Minister of Italy after the 2013 general election,1,96.0,Feb/25/2013 14:02:08
770016,ITALY.PM.BERSANI,Pier Luigi Bersani to be Prime Minister of Italy after the 2013 general election,1,96.0,Feb/25/2013 14:02:09
770016,ITALY.PM.BERSANI,Pier Luigi Bersani to be Prime Minister of Italy after the 2013 general election,1,96.0,Feb/25/2013 14:02:10
770016,ITALY.PM.BERSANI,Pier Luigi Bersani to be Prime Minister of Italy after the 2013 general election,1,96.0,Feb/25/2013 14:02:11
770016,ITALY.PM.BERSANI,Pier Luigi Bersani to be Prime Minister of Italy after the 2013 general election,1,96.0,Feb/25/2013 14:02:12
770016,ITALY.PM.BERSANI,Pier Luigi Bersani to be Prime Minister of Italy after the 2013 general election,1,96.0,Feb/25/2013 14:02:13
770016,ITALY.PM.BERSANI,Pier Luigi Bersani to be Prime Minister of Italy after the 2013 general election,1,96.0,Feb/25/2013 14:02:14
770016,ITALY.PM.BERSANI,Pier Luigi Bersani to be Prime Minister of Italy after the 2013 general election,1,96.0,Feb/25/2013 14:02:15
770016,ITALY.PM.BERSANI,Pier Luigi Bersani to be Prime Minister of Italy after the 2013 general election,1,96.0,Feb/25/2013 14:02:16
770016,ITALY.PM.BERSANI,Pier Luigi Bersani to be Prime Minister of Italy after the 2013 general election,1,96.0,Feb/25/2013 14:02:17
770016,ITALY.PM.BERSANI,Pier Luigi Bersani to be Prime Minister of Italy after the 2013 general election,1,96.0,Feb/25/2013 14:02:18
770016,ITALY.PM.BERSANI,Pier Luigi Bersani to be Prime Minister of Italy after the 2013 general election,15,96.0,Feb/25/2013 14:02:19
770016,ITALY.PM.BERSANI,Pier Luigi Bersani to be Prime Minister of Italy after the 2013 general election,1,96.0,Feb/25/2013 14:02:50
770016,ITALY.PM.BERSANI,Pier Luigi Bersani to be Prime Minister of Italy after the 2013 general election,1,96.0,Feb/25/2013 14:02:51
770016,ITALY.PM.BERSANI,Pier Luigi Bersani to be Prime Minister of Italy after the 2013 general election,1,96.0,Feb/25/2013 14:02:52
770016,ITALY.PM.BERSANI,Pier Luigi Bersani to be Prime Minister of Italy after the 2013 general election,1,96.0,Feb/25/2013 14:02:54
770016,ITALY.PM.BERSANI,Pier Luigi Bersani to be Prime Minister of Italy after the 2013 general election,1,96.0,Feb/25/2013 14:02:55
770016,ITALY.PM.BERSANI,Pier Luigi Bersani to be Prime Minister of Italy after the 2013 general election,15,96.0,Feb/25/2013 14:05:21
770016,ITALY.PM.BERSANI,Pier Luigi Bersani to be Prime Minister of Italy after the 2013 general election,49,96.0,Feb/25/2013 14:05:45
770016,ITALY.PM.BERSANI,Pier Luigi Bersani to be Prime Minister of Italy after the 2013 general election,5,97.5,Feb/25/2013 14:23:45
770016,ITALY.PM.BERSANI,Pier Luigi Bersani to be Prime Minister of Italy after the 2013 general election,1,96.0,Feb/25/2013 14:23:45
770016,ITALY.PM.BERSANI,Pier Luigi Bersani to be Prime Minister of Italy after the 2013 general election,1,97.9,Feb/25/2013 14:23:45
770016,ITALY.PM.BERSANI,Pier Luigi Bersani to be Prime Minister of Italy after the 2013 general election,1,97.9,Feb/25/2013 14:24:32
770016,ITALY.PM.BERSANI,Pier Luigi Bersani to be Prime Minister of Italy after the 2013 general election,67,97.5,Feb/25/2013 15:04:26
770016,ITALY.PM.BERSANI,Pier Luigi Bersani to be Prime Minister of Italy after the 2013 general election,1,98.5,Feb/25/2013 15:15:36
770016,ITALY.PM.BERSANI,Pier Luigi Bersani to be Prime Minister of Italy after the 2013 general election,46,97.8,Feb/25/2013 15:26:47
770016,ITALY.PM.BERSANI,Pier Luigi Bersani to be Prime Minister of Italy after the 2013 general election,4,97.9,Feb/25/2013 15:26:47
770016,ITALY.PM.BERSANI,Pier Luigi Bersani to be Prime Minister of Italy after the 2013 general election,1,97.9,Feb/25/2013 15:32:13
770016,ITALY.PM.BERSANI,Pier Luigi Bersani to be Prime Minister of Italy after the 2013 general election,19,97.7,Feb/25/2013 15:32:13
770016,ITALY.PM.BERSANI,Pier Luigi Bersani to be Prime Minister of Italy after the 2013 general election,12,97.8,Feb/25/2013 15:32:13
770016,ITALY.PM.BERSANI,Pier Luigi Bersani to be Prime Minister of Italy after the 2013 general election,1,97.7,Feb/25/2013 15:32:15
770016,ITALY.PM.BERSANI,Pier Luigi Bersani to be Prime Minister of Italy after the 2013 general election,1,97.7,Feb/25/2013 15:32:16
770016,ITALY.PM.BERSANI,Pier Luigi Bersani to be Prime Minister of Italy after the 2013 general election,1,97.7,Feb/25/2013 15:32:18
770016,ITALY.PM.BERSANI,Pier Luigi Bersani to be Prime Minister of Italy after the 2013 general election,1,97.7,Feb/25/2013 15:32:18
770016,ITALY.PM.BERSANI,Pier Luigi Bersani to be Prime Minister of Italy after the 2013 general election,1,97.7,Feb/25/2013 15:32:20
770016,ITALY.PM.BERSANI,Pier Luigi Bersani to be Prime Minister of Italy after the 2013 general election,1,97.7,Feb/25/2013 15:32:21
770016,ITALY.PM.BERSANI,Pier Luigi Bersani to be Prime Minister of Italy after the 2013 general election,1,97.7,Feb/25/2013 15:32:22
770016,ITALY.PM.BERSANI,Pier Luigi Bersani to be Prime Minister of Italy after the 2013 general election,2,97.7,Feb/25/2013 15:32:23
770016,ITALY.PM.BERSANI,Pier Luigi Bersani to be Prime Minister of Italy after the 2013 general election,1,97.7,Feb/25/2013 15:32:24
770016,ITALY.PM.BERSANI,Pier Luigi Bersani to be Prime Minister of Italy after the 2013 general election,1,97.7,Feb/25/2013 15:32:25
770016,ITALY.PM.BERSANI,Pier Luigi Bersani to be Prime Minister of Italy after the 2013 general election,1,97.7,Feb/25/2013 15:32:26
770016,ITALY.PM.BERSANI,Pier Luigi Bersani to be Prime Minister of Italy after the 2013 general election,2,97.7,Feb/25/2013 15:37:13
770016,ITALY.PM.BERSANI,Pier Luigi Bersani to be Prime Minister of Italy after the 2013 general election,1,97.7,Feb/25/2013 15:37:14
770016,ITALY.PM.BERSANI,Pier Luigi Bersani to be Prime Minister of Italy after the 2013 general election,1,97.7,Feb/25/2013 15:37:15
770016,ITALY.PM.BERSANI,Pier Luigi Bersani to be Prime Minister of Italy after the 2013 general election,1,97.7,Feb/25/2013 15:37:16
770016,ITALY.PM.BERSANI,Pier Luigi Bersani to be Prime Minister of Italy after the 2013 general election,1,97.7,Feb/25/2013 15:37:17
770016,ITALY.PM.BERSANI,Pier Luigi Bersani to be Prime Minister of Italy after the 2013 general election,4,98.1,Feb/25/2013 15:42:44
770016,ITALY.PM.BERSANI,Pier Luigi Bersani to be Prime Minister of Italy after the 2013 general election,2,98.1,Feb/25/2013 15:42:47
770016,ITALY.PM.BERSANI,Pier Luigi Bersani to be Prime Minister of Italy after the 2013 general election,1,98.1,Feb/25/2013 15:42:48
770016,ITALY.PM.BERSANI,Pier Luigi Bersani to be Prime Minister of Italy after the 2013 general election,1,98.1,Feb/25/2013 15:42:49
770016,ITALY.PM.BERSANI,Pier Luigi Bersani to be Prime Minister of Italy after the 2013 general election,1,98.1,Feb/25/2013 15:42:50
770016,ITALY.PM.BERSANI,Pier Luigi Bersani to be Prime Minister of Italy after the 2013 general election,1,98.1,Feb/25/2013 15:42:51
770016,ITALY.PM.BERSANI,Pier Luigi Bersani to be Prime Minister of Italy after the 2013 general election,10,98.0,Feb/25/2013 15:47:23
770016,ITALY.PM.BERSANI,Pier Luigi Bersani to be Prime Minister of Italy after the 2013 general election,2,98.0,Feb/25/2013 15:47:34
770016,ITALY.PM.BERSANI,Pier Luigi Bersani to be Prime Minister of Italy after the 2013 general election,10,98.0,Feb/25/2013 15:47:40
770016,ITALY.PM.BERSANI,Pier Luigi Bersani to be Prime Minister of Italy after the 2013 general election,10,98.0,Feb/25/2013 15:47:48
770016,ITALY.PM.BERSANI,Pier Luigi Bersani to be Prime Minister of Italy after the 2013 general election,2,98.0,Feb/25/2013 15:47:54
770016,ITALY.PM.BERSANI,Pier Luigi Bersani to be Prime Minister of Italy after the 2013 general election,10,97.8,Feb/25/2013 15:49:21
770016,ITALY.PM.BERSANI,Pier Luigi Bersani to be Prime Minister of Italy after the 2013 general election,19,97.9,Feb/25/2013 15:49:21
770016,ITALY.PM.BERSANI,Pier Luigi Bersani to be Prime Minister of Italy after the 2013 general election,428,97.8,Feb/25/2013 15:49:21
770016,ITALY.PM.BERSANI,Pier Luigi Bersani to be Prime Minister of Italy after the 2013 general election,143,98.0,Feb/25/2013 15:49:21
770016,ITALY.PM.BERSANI,Pier Luigi Bersani to be Prime Minister of Italy after the 2013 general election,4,97.9,Feb/25/2013 15:50:12
770016,ITALY.PM.BERSANI,Pier Luigi Bersani to be Prime Minister of Italy after the 2013 general election,342,98.2,Feb/25/2013 15:54:48
770016,ITALY.PM.BERSANI,Pier Luigi Bersani to be Prime Minister of Italy after the 2013 general election,100,98.0,Feb/25/2013 15:57:19
770016,ITALY.PM.BERSANI,Pier Luigi Bersani to be Prime Minister of Italy after the 2013 general election,100,98.0,Feb/25/2013 15:57:41
770016,ITALY.PM.BERSANI,Pier Luigi Bersani to be Prime Minister of Italy after the 2013 general election,38,98.0,Feb/25/2013 15:57:48
770016,ITALY.PM.BERSANI,Pier Luigi Bersani to be Prime Minister of Italy after the 2013 general election,5,97.8,Feb/25/2013 15:58:16
770016,ITALY.PM.BERSANI,Pier Luigi Bersani to be Prime Minister of Italy after the 2013 general election,191,97.8,Feb/25/2013 15:58:20
770016,ITALY.PM.BERSANI,Pier Luigi Bersani to be Prime Minister of Italy after the 2013 general election,9,97.8,Feb/25/2013 15:58:20
770016,ITALY.PM.BERSANI,Pier Luigi Bersani to be Prime Minister of Italy after the 2013 general election,130,97.8,Feb/25/2013 15:58:43
770016,ITALY.PM.BERSANI,Pier Luigi Bersani to be Prime Minister of Italy after the 2013 general election,10,97.5,Feb/25/2013 16:00:08
770016,ITALY.PM.BERSANI,Pier Luigi Bersani to be Prime Minister of Italy after the 2013 general election,10,97.5,Feb/25/2013 16:00:41
770016,ITALY.PM.BERSANI,Pier Luigi Bersani to be Prime Minister of Italy after the 2013 general election,10,97.5,Feb/25/2013 16:01:13
770016,ITALY.PM.BERSANI,Pier Luigi Bersani to be Prime Minister of Italy after the 2013 general election,48,97.5,Feb/25/2013 16:02:20
770016,ITALY.PM.BERSANI,Pier Luigi Bersani to be Prime Minister of Italy after the 2013 general election,9,96.5,Feb/25/2013 16:02:47
770016,ITALY.PM.BERSANI,Pier Luigi Bersani to be Prime Minister of Italy after the 2013 general election,1,97.1,Feb/25/2013 16:02:47
770016,ITALY.PM.BERSANI,Pier Luigi Bersani to be Prime Minister of Italy after the 2013 general election,1,97.1,Feb/25/2013 16:02:49
770016,ITALY.PM.BERSANI,Pier Luigi Bersani to be Prime Minister of Italy after the 2013 general election,1,97.1,Feb/25/2013 16:03:20
770016,ITALY.PM.BERSANI,Pier Luigi Bersani to be Prime Minister of Italy after the 2013 general election,1,97.1,Feb/25/2013 16:05:14
770016,ITALY.PM.BERSANI,Pier Luigi Bersani to be Prime Minister of Italy after the 2013 general election,120,96.5,Feb/25/2013 16:05:21
770016,ITALY.PM.BERSANI,Pier Luigi Bersani to be Prime Minister of Italy after the 2013 general election,1,97.1,Feb/25/2013 16:05:21
770016,ITALY.PM.BERSANI,Pier Luigi Bersani to be Prime Minister of Italy after the 2013 general election,10,97.1,Feb/25/2013 16:05:23
770016,ITALY.PM.BERSANI,Pier Luigi Bersani to be Prime Minister of Italy after the 2013 general election,1,96.5,Feb/25/2013 16:07:47
770016,ITALY.PM.BERSANI,Pier Luigi Bersani to be Prime Minister of Italy after the 2013 general election,1,95.6,Feb/25/2013 16:07:49
770016,ITALY.PM.BERSANI,Pier Luigi Bersani to be Prime Minister of Italy after the 2013 general election,1,95.6,Feb/25/2013 16:07:50
770016,ITALY.PM.BERSANI,Pier Luigi Bersani to be Prime Minister of Italy after the 2013 general election,1,95.6,Feb/25/2013 16:07:51
770016,ITALY.PM.BERSANI,Pier Luigi Bersani to be Prime Minister of Italy after the 2013 general election,1,95.6,Feb/25/2013 16:07:52
770016,ITALY.PM.BERSANI,Pier Luigi Bersani to be Prime Minister of Italy after the 2013 general election,1,95.6,Feb/25/2013 16:07:53
770016,ITALY.PM.BERSANI,Pier Luigi Bersani to be Prime Minister of Italy after the 2013 general election,5,90.0,Feb/25/2013 16:09:33
770016,ITALY.PM.BERSANI,Pier Luigi Bersani to be Prime Minister of Italy after the 2013 general election,1,80.0,Feb/25/2013 16:09:47
770016,ITALY.PM.BERSANI,Pier Luigi Bersani to be Prime Minister of Italy after the 2013 general election,1,90.0,Feb/25/2013 16:16:33
770016,ITALY.PM.BERSANI,Pier Luigi Bersani to be Prime Minister of Italy after the 2013 general election,1,90.0,Feb/25/2013 16:16:34
770016,ITALY.PM.BERSANI,Pier Luigi Bersani to be Prime Minister of Italy after the 2013 general election,1,78.0,Feb/25/2013 16:23:13
770016,ITALY.PM.BERSANI,Pier Luigi Bersani to be Prime Minister of Italy after the 2013 general election,1,85.0,Feb/25/2013 16:51:47
770016,ITALY.PM.BERSANI,Pier Luigi Bersani to be Prime Minister of Italy after the 2013 general election,2,81.1,Feb/25/2013 17:00:23
770016,ITALY.PM.BERSANI,Pier Luigi Bersani to be Prime Minister of Italy after the 2013 general election,1,81.0,Feb/25/2013 17:01:45
770016,ITALY.PM.BERSANI,Pier Luigi Bersani to be Prime Minister of Italy after the 2013 general election,1,81.0,Feb/25/2013 17:01:55
770016,ITALY.PM.BERSANI,Pier Luigi Bersani to be Prime Minister of Italy after the 2013 general election,1,81.0,Feb/25/2013 17:02:05
770016,ITALY.PM.BERSANI,Pier Luigi Bersani to be Prime Minister of Italy after the 2013 general election,5,84.9,Feb/25/2013 17:28:17
770016,ITALY.PM.BERSANI,Pier Luigi Bersani to be Prime Minister of Italy after the 2013 general election,59,85.0,Feb/25/2013 17:28:28
770016,ITALY.PM.BERSANI,Pier Luigi Bersani to be Prime Minister of Italy after the 2013 general election,10,90.0,Feb/25/2013 18:40:37
770016,ITALY.PM.BERSANI,Pier Luigi Bersani to be Prime Minister of Italy after the 2013 general election,1,90.6,Feb/25/2013 18:40:56
770016,ITALY.PM.BERSANI,Pier Luigi Bersani to be Prime Minister of Italy after the 2013 general election,9,95.0,Feb/25/2013 18:41:02
770016,ITALY.PM.BERSANI,Pier Luigi Bersani to be Prime Minister of Italy after the 2013 general election,1,90.6,Feb/25/2013 18:41:02
770016,ITALY.PM.BERSANI,Pier Luigi Bersani to be Prime Minister of Italy after the 2013 general election,1,90.6,Feb/25/2013 18:41:08
770016,ITALY.PM.BERSANI,Pier Luigi Bersani to be Prime Minister of Italy after the 2013 general election,1,90.6,Feb/25/2013 18:41:14
770016,ITALY.PM.BERSANI,Pier Luigi Bersani to be Prime Minister of Italy after the 2013 general election,1,90.7,Feb/25/2013 18:41:19
770016,ITALY.PM.BERSANI,Pier Luigi Bersani to be Prime Minister of Italy after the 2013 general election,1,91.7,Feb/25/2013 18:41:26
770016,ITALY.PM.BERSANI,Pier Luigi Bersani to be Prime Minister of Italy after the 2013 general election,1,91.7,Feb/25/2013 18:41:33
770016,ITALY.PM.BERSANI,Pier Luigi Bersani to be Prime Minister of Italy after the 2013 general election,2,92.7,Feb/25/2013 18:41:45
770016,ITALY.PM.BERSANI,Pier Luigi Bersani to be Prime Minister of Italy after the 2013 general election,2,92.7,Feb/25/2013 18:42:27
770016,ITALY.PM.BERSANI,Pier Luigi Bersani to be Prime Minister of Italy after the 2013 general election,1,92.7,Feb/25/2013 18:42:29
770016,ITALY.PM.BERSANI,Pier Luigi Bersani to be Prime Minister of Italy after the 2013 general election,1,92.7,Feb/25/2013 18:42:35
770016,ITALY.PM.BERSANI,Pier Luigi Bersani to be Prime Minister of Italy after the 2013 general election,1,92.7,Feb/25/2013 18:42:37
770016,ITALY.PM.BERSANI,Pier Luigi Bersani to be Prime Minister of Italy after the 2013 general election,1,93.7,Feb/25/2013 18:42:46
770016,ITALY.PM.BERSANI,Pier Luigi Bersani to be Prime Minister of Italy after the 2013 general election,1,93.7,Feb/25/2013 18:42:53
770016,ITALY.PM.BERSANI,Pier Luigi Bersani to be Prime Minister of Italy after the 2013 general election,1,94.6,Feb/25/2013 18:43:00
770016,ITALY.PM.BERSANI,Pier Luigi Bersani to be Prime Minister of Italy after the 2013 general election,1,94.6,Feb/25/2013 18:43:07
770016,ITALY.PM.BERSANI,Pier Luigi Bersani to be Prime Minister of Italy after the 2013 general election,1,94.6,Feb/25/2013 18:44:27
770016,ITALY.PM.BERSANI,Pier Luigi Bersani to be Prime Minister of Italy after the 2013 general election,1,94.6,Feb/25/2013 18:44:31
770016,ITALY.PM.BERSANI,Pier Luigi Bersani to be Prime Minister of Italy after the 2013 general election,1,94.6,Feb/25/2013 18:44:37
770016,ITALY.PM.BERSANI,Pier Luigi Bersani to be Prime Minister of Italy after the 2013 general election,1,95.0,Feb/25/2013 18:44:45
770016,ITALY.PM.BERSANI,Pier Luigi Bersani to be Prime Minister of Italy after the 2013 general election,1,95.0,Feb/25/2013 18:44:45
770016,ITALY.PM.BERSANI,Pier Luigi Bersani to be Prime Minister of Italy after the 2013 general election,1,94.5,Feb/25/2013 18:46:45
770016,ITALY.PM.BERSANI,Pier Luigi Bersani to be Prime Minister of Italy after the 2013 general election,10,94.5,Feb/25/2013 18:46:45
770016,ITALY.PM.BERSANI,Pier Luigi Bersani to be Prime Minister of Italy after the 2013 general election,10,94.0,Feb/25/2013 18:46:45
770016,ITALY.PM.BERSANI,Pier Luigi Bersani to be Prime Minister of Italy after the 2013 general election,1,95.0,Feb/25/2013 18:46:47
770016,ITALY.PM.BERSANI,Pier Luigi Bersani to be Prime Minister of Italy after the 2013 general election,1,95.0,Feb/25/2013 18:46:48
770016,ITALY.PM.BERSANI,Pier Luigi Bersani to be Prime Minister of Italy after the 2013 general election,1,95.0,Feb/25/2013 18:46:49
770016,ITALY.PM.BERSANI,Pier Luigi Bersani to be Prime Minister of Italy after the 2013 general election,1,95.0,Feb/25/2013 18:46:50
770016,ITALY.PM.BERSANI,Pier Luigi Bersani to be Prime Minister of Italy after the 2013 general election,1,95.0,Feb/25/2013 18:46:51
770016,ITALY.PM.BERSANI,Pier Luigi Bersani to be Prime Minister of Italy after the 2013 general election,2,95.0,Feb/25/2013 18:46:52
770016,ITALY.PM.BERSANI,Pier Luigi Bersani to be Prime Minister of Italy after the 2013 general election,1,95.0,Feb/25/2013 18:46:54
770016,ITALY.PM.BERSANI,Pier Luigi Bersani to be Prime Minister of Italy after the 2013 general election,1,95.0,Feb/25/2013 18:46:55
770016,ITALY.PM.BERSANI,Pier Luigi Bersani to be Prime Minister of Italy after the 2013 general election,1,95.0,Feb/25/2013 18:46:56
770016,ITALY.PM.BERSANI,Pier Luigi Bersani to be Prime Minister of Italy after the 2013 general election,10,95.0,Feb/25/2013 18:47:29
770016,ITALY.PM.BERSANI,Pier Luigi Bersani to be Prime Minister of Italy after the 2013 general election,10,95.0,Feb/25/2013 18:47:58
770016,ITALY.PM.BERSANI,Pier Luigi Bersani to be Prime Minister of Italy after the 2013 general election,49,95.0,Feb/25/2013 18:50:06
770016,ITALY.PM.BERSANI,Pier Luigi Bersani to be Prime Minister of Italy after the 2013 general election,1,90.8,Feb/25/2013 18:51:43
770016,ITALY.PM.BERSANI,Pier Luigi Bersani to be Prime Minister of Italy after the 2013 general election,1,90.8,Feb/25/2013 18:52:09
770016,ITALY.PM.BERSANI,Pier Luigi Bersani to be Prime Minister of Italy after the 2013 general election,1,86.0,Feb/25/2013 19:13:29
770016,ITALY.PM.BERSANI,Pier Luigi Bersani to be Prime Minister of Italy after the 2013 general election,1,86.0,Feb/25/2013 19:24:26
770016,ITALY.PM.BERSANI,Pier Luigi Bersani to be Prime Minister of Italy after the 2013 general election,1,86.4,Feb/25/2013 19:46:06
770016,ITALY.PM.BERSANI,Pier Luigi Bersani to be Prime Minister of Italy after the 2013 general election,1,85.9,Feb/25/2013 19:54:31
770016,ITALY.PM.BERSANI,Pier Luigi Bersani to be Prime Minister of Italy after the 2013 general election,5,85.1,Feb/25/2013 20:22:53
770016,ITALY.PM.BERSANI,Pier Luigi Bersani to be Prime Minister of Italy after the 2013 general election,1,83.3,Feb/25/2013 20:33:50
770016,ITALY.PM.BERSANI,Pier Luigi Bersani to be Prime Minister of Italy after the 2013 general election,4,82.1,Feb/25/2013 20:33:50
770016,ITALY.PM.BERSANI,Pier Luigi Bersani to be Prime Minister of Italy after the 2013 general election,5,84.1,Feb/25/2013 20:33:50
770016,ITALY.PM.BERSANI,Pier Luigi Bersani to be Prime Minister of Italy after the 2013 general election,1,83.3,Feb/25/2013 20:36:36
770016,ITALY.PM.BERSANI,Pier Luigi Bersani to be Prime Minister of Italy after the 2013 general election,2,82.1,Feb/25/2013 20:36:36
770016,ITALY.PM.BERSANI,Pier Luigi Bersani to be Prime Minister of Italy after the 2013 general election,7,80.1,Feb/25/2013 20:41:23
770016,ITALY.PM.BERSANI,Pier Luigi Bersani to be Prime Minister of Italy after the 2013 general election,3,83.5,Feb/25/2013 20:41:23
770016,ITALY.PM.BERSANI,Pier Luigi Bersani to be Prime Minister of Italy after the 2013 general election,1,83.4,Feb/25/2013 20:41:23
770016,ITALY.PM.BERSANI,Pier Luigi Bersani to be Prime Minister of Italy after the 2013 general election,6,81.1,Feb/25/2013 20:41:23
770016,ITALY.PM.BERSANI,Pier Luigi Bersani to be Prime Minister of Italy after the 2013 general election,1,80.0,Feb/25/2013 20:41:24
770016,ITALY.PM.BERSANI,Pier Luigi Bersani to be Prime Minister of Italy after the 2013 general election,1,80.0,Feb/25/2013 20:41:28
770016,ITALY.PM.BERSANI,Pier Luigi Bersani to be Prime Minister of Italy after the 2013 general election,1,80.0,Feb/25/2013 20:41:29
770016,ITALY.PM.BERSANI,Pier Luigi Bersani to be Prime Minister of Italy after the 2013 general election,1,80.0,Feb/25/2013 20:41:30
770016,ITALY.PM.BERSANI,Pier Luigi Bersani to be Prime Minister of Italy after the 2013 general election,1,80.0,Feb/25/2013 20:41:32
770016,ITALY.PM.BERSANI,Pier Luigi Bersani to be Prime Minister of Italy after the 2013 general election,120,80.0,Feb/25/2013 20:51:15
770016,ITALY.PM.BERSANI,Pier Luigi Bersani to be Prime Minister of Italy after the 2013 general election,9,78.1,Feb/25/2013 20:54:42
770016,ITALY.PM.BERSANI,Pier Luigi Bersani to be Prime Minister of Italy after the 2013 general election,1,78.1,Feb/25/2013 20:59:30
770016,ITALY.PM.BERSANI,Pier Luigi Bersani to be Prime Minister of Italy after the 2013 general election,1,78.2,Feb/25/2013 20:59:30
770016,ITALY.PM.BERSANI,Pier Luigi Bersani to be Prime Minister of Italy after the 2013 general election,1,77.8,Feb/25/2013 21:00:49
770016,ITALY.PM.BERSANI,Pier Luigi Bersani to be Prime Minister of Italy after the 2013 general election,1,77.8,Feb/25/2013 21:01:09
770016,ITALY.PM.BERSANI,Pier Luigi Bersani to be Prime Minister of Italy after the 2013 general election,1,79.9,Feb/25/2013 21:07:20
770016,ITALY.PM.BERSANI,Pier Luigi Bersani to be Prime Minister of Italy after the 2013 general election,1,79.9,Feb/25/2013 21:07:40
770016,ITALY.PM.BERSANI,Pier Luigi Bersani to be Prime Minister of Italy after the 2013 general election,1,79.9,Feb/25/2013 21:08:08
770016,ITALY.PM.BERSANI,Pier Luigi Bersani to be Prime Minister of Italy after the 2013 general election,1,79.8,Feb/25/2013 21:08:19
770016,ITALY.PM.BERSANI,Pier Luigi Bersani to be Prime Minister of Italy after the 2013 general election,1,79.8,Feb/25/2013 21:08:32
770016,ITALY.PM.BERSANI,Pier Luigi Bersani to be Prime Minister of Italy after the 2013 general election,1,79.0,Feb/25/2013 21:09:10
770016,ITALY.PM.BERSANI,Pier Luigi Bersani to be Prime Minister of Italy after the 2013 general election,1,78.5,Feb/25/2013 21:10:09
770016,ITALY.PM.BERSANI,Pier Luigi Bersani to be Prime Minister of Italy after the 2013 general election,1,78.5,Feb/25/2013 21:10:21
770016,ITALY.PM.BERSANI,Pier Luigi Bersani to be Prime Minister of Italy after the 2013 general election,1,78.5,Feb/25/2013 21:10:36
770016,ITALY.PM.BERSANI,Pier Luigi Bersani to be Prime Minister of Italy after the 2013 general election,1,78.5,Feb/25/2013 21:10:45
770016,ITALY.PM.BERSANI,Pier Luigi Bersani to be Prime Minister of Italy after the 2013 general election,1,78.5,Feb/25/2013 21:10:57
770016,ITALY.PM.BERSANI,Pier Luigi Bersani to be Prime Minister of Italy after the 2013 general election,1,77.7,Feb/25/2013 21:11:17
770016,ITALY.PM.BERSANI,Pier Luigi Bersani to be Prime Minister of Italy after the 2013 general election,1,77.3,Feb/25/2013 21:13:36
770016,ITALY.PM.BERSANI,Pier Luigi Bersani to be Prime Minister of Italy after the 2013 general election,1,77.3,Feb/25/2013 21:13:53
770016,ITALY.PM.BERSANI,Pier Luigi Bersani to be Prime Minister of Italy after the 2013 general election,1,77.3,Feb/25/2013 21:14:09
770016,ITALY.PM.BERSANI,Pier Luigi Bersani to be Prime Minister of Italy after the 2013 general election,1,77.3,Feb/25/2013 21:14:20
770016,ITALY.PM.BERSANI,Pier Luigi Bersani to be Prime Minister of Italy after the 2013 general election,5,76.1,Feb/25/2013 21:16:35
770016,ITALY.PM.BERSANI,Pier Luigi Bersani to be Prime Minister of Italy after the 2013 general election,1,75.6,Feb/25/2013 21:21:07
770016,ITALY.PM.BERSANI,Pier Luigi Bersani to be Prime Minister of Italy after the 2013 general election,1,75.7,Feb/25/2013 21:24:09
770016,ITALY.PM.BERSANI,Pier Luigi Bersani to be Prime Minister of Italy after the 2013 general election,1,75.5,Feb/25/2013 21:24:31
770016,ITALY.PM.BERSANI,Pier Luigi Bersani to be Prime Minister of Italy after the 2013 general election,1,75.7,Feb/25/2013 21:34:08
770016,ITALY.PM.BERSANI,Pier Luigi Bersani to be Prime Minister of Italy after the 2013 general election,1,75.7,Feb/25/2013 21:36:54
770016,ITALY.PM.BERSANI,Pier Luigi Bersani to be Prime Minister of Italy after the 2013 general election,5,77.6,Feb/25/2013 21:40:35
770016,ITALY.PM.BERSANI,Pier Luigi Bersani to be Prime Minister of Italy after the 2013 general election,12,77.5,Feb/25/2013 21:40:52
770016,ITALY.PM.BERSANI,Pier Luigi Bersani to be Prime Minister of Italy after the 2013 general election,1,76.1,Feb/25/2013 21:54:27
770016,ITALY.PM.BERSANI,Pier Luigi Bersani to be Prime Minister of Italy after the 2013 general election,1,80.1,Feb/25/2013 21:54:51
770016,ITALY.PM.BERSANI,Pier Luigi Bersani to be Prime Minister of Italy after the 2013 general election,1,76.0,Feb/25/2013 21:55:02
770016,ITALY.PM.BERSANI,Pier Luigi Bersani to be Prime Minister of Italy after the 2013 general election,1,75.9,Feb/25/2013 21:55:13
770016,ITALY.PM.BERSANI,Pier Luigi Bersani to be Prime Minister of Italy after the 2013 general election,1,75.8,Feb/25/2013 21:55:29
770016,ITALY.PM.BERSANI,Pier Luigi Bersani to be Prime Minister of Italy after the 2013 general election,4,75.8,Feb/25/2013 21:56:05
770016,ITALY.PM.BERSANI,Pier Luigi Bersani to be Prime Minister of Italy after the 2013 general election,1,75.8,Feb/25/2013 21:56:05
770016,ITALY.PM.BERSANI,Pier Luigi Bersani to be Prime Minister of Italy after the 2013 general election,1,75.6,Feb/25/2013 21:56:37
770016,ITALY.PM.BERSANI,Pier Luigi Bersani to be Prime Minister of Italy after the 2013 general election,5,75.1,Feb/25/2013 22:10:30
770016,ITALY.PM.BERSANI,Pier Luigi Bersani to be Prime Minister of Italy after the 2013 general election,1,75.1,Feb/25/2013 22:12:27
770016,ITALY.PM.BERSANI,Pier Luigi Bersani to be Prime Minister of Italy after the 2013 general election,2,75.0,Feb/25/2013 22:13:24
770016,ITALY.PM.BERSANI,Pier Luigi Bersani to be Prime Minister of Italy after the 2013 general election,76,75.0,Feb/25/2013 22:14:16
770016,ITALY.PM.BERSANI,Pier Luigi Bersani to be Prime Minister of Italy after the 2013 general election,1,73.1,Feb/25/2013 22:19:21
770016,ITALY.PM.BERSANI,Pier Luigi Bersani to be Prime Minister of Italy after the 2013 general election,3,75.0,Feb/25/2013 22:31:11
770016,ITALY.PM.BERSANI,Pier Luigi Bersani to be Prime Minister of Italy after the 2013 general election,10,75.0,Feb/25/2013 22:31:29
770016,ITALY.PM.BERSANI,Pier Luigi Bersani to be Prime Minister of Italy after the 2013 general election,10,75.0,Feb/25/2013 22:31:51
770016,ITALY.PM.BERSANI,Pier Luigi Bersani to be Prime Minister of Italy after the 2013 general election,5,75.0,Feb/25/2013 22:32:05
770016,ITALY.PM.BERSANI,Pier Luigi Bersani to be Prime Minister of Italy after the 2013 general election,5,75.0,Feb/25/2013 22:32:13
770016,ITALY.PM.BERSANI,Pier Luigi Bersani to be Prime Minister of Italy after the 2013 general election,10,75.0,Feb/25/2013 22:32:17
770016,ITALY.PM.BERSANI,Pier Luigi Bersani to be Prime Minister of Italy after the 2013 general election,10,75.0,Feb/25/2013 22:32:41
770016,ITALY.PM.BERSANI,Pier Luigi Bersani to be Prime Minister of Italy after the 2013 general election,1,75.0,Feb/25/2013 22:39:22
770016,ITALY.PM.BERSANI,Pier Luigi Bersani to be Prime Minister of Italy after the 2013 general election,1,75.0,Feb/25/2013 22:39:32
770016,ITALY.PM.BERSANI,Pier Luigi Bersani to be Prime Minister of Italy after the 2013 general election,1,75.0,Feb/25/2013 22:39:42
770016,ITALY.PM.BERSANI,Pier Luigi Bersani to be Prime Minister of Italy after the 2013 general election,1,75.0,Feb/25/2013 22:39:51
770016,ITALY.PM.BERSANI,Pier Luigi Bersani to be Prime Minister of Italy after the 2013 general election,1,75.0,Feb/25/2013 22:42:19
770016,ITALY.PM.BERSANI,Pier Luigi Bersani to be Prime Minister of Italy after the 2013 general election,6,75.0,Feb/25/2013 22:46:09
770016,ITALY.PM.BERSANI,Pier Luigi Bersani to be Prime Minister of Italy after the 2013 general election,10,75.0,Feb/25/2013 22:53:36
770016,ITALY.PM.BERSANI,Pier Luigi Bersani to be Prime Minister of Italy after the 2013 general election,3,75.0,Feb/25/2013 23:00:37
770016,ITALY.PM.BERSANI,Pier Luigi Bersani to be Prime Minister of Italy after the 2013 general election,10,75.0,Feb/25/2013 23:05:42
770016,ITALY.PM.BERSANI,Pier Luigi Bersani to be Prime Minister of Italy after the 2013 general election,20,75.0,Feb/25/2013 23:11:37
770016,ITALY.PM.BERSANI,Pier Luigi Bersani to be Prime Minister of Italy after the 2013 general election,27,75.0,Feb/25/2013 23:22:04
770016,ITALY.PM.BERSANI,Pier Luigi Bersani to be Prime Minister of Italy after the 2013 general election,1,75.0,Feb/25/2013 23:33:05
770016,ITALY.PM.BERSANI,Pier Luigi Bersani to be Prime Minister of Italy after the 2013 general election,27,75.0,Feb/25/2013 23:50:15
770016,ITALY.PM.BERSANI,Pier Luigi Bersani to be Prime Minister of Italy after the 2013 general election,74,75.1,Feb/25/2013 23:50:39
770016,ITALY.PM.BERSANI,Pier Luigi Bersani to be Prime Minister of Italy after the 2013 general election,1,73.0,Feb/26/2013 00:14:27
770016,ITALY.PM.BERSANI,Pier Luigi Bersani to be Prime Minister of Italy after the 2013 general election,10,79.9,Feb/26/2013 05:18:41
770016,ITALY.PM.BERSANI,Pier Luigi Bersani to be Prime Minister of Italy after the 2013 general election,3,79.9,Feb/26/2013 07:41:59
770016,ITALY.PM.BERSANI,Pier Luigi Bersani to be Prime Minister of Italy after the 2013 general election,4,83.7,Feb/26/2013 08:12:31
770016,ITALY.PM.BERSANI,Pier Luigi Bersani to be Prime Minister of Italy after the 2013 general election,1,75.7,Feb/26/2013 11:49:34
770016,ITALY.PM.BERSANI,Pier Luigi Bersani to be Prime Minister of Italy after the 2013 general election,1,75.7,Feb/26/2013 11:50:07
770016,ITALY.PM.BERSANI,Pier Luigi Bersani to be Prime Minister of Italy after the 2013 general election,23,79.0,Feb/26/2013 14:01:45
770016,ITALY.PM.BERSANI,Pier Luigi Bersani to be Prime Minister of Italy after the 2013 general election,89,81.0,Feb/26/2013 14:08:00
770016,ITALY.PM.BERSANI,Pier Luigi Bersani to be Prime Minister of Italy after the 2013 general election,22,81.5,Feb/26/2013 14:11:35
770016,ITALY.PM.BERSANI,Pier Luigi Bersani to be Prime Minister of Italy after the 2013 general election,3,80.0,Feb/26/2013 14:14:46
770016,ITALY.PM.BERSANI,Pier Luigi Bersani to be Prime Minister of Italy after the 2013 general election,47,80.0,Feb/26/2013 14:23:18
770016,ITALY.PM.BERSANI,Pier Luigi Bersani to be Prime Minister of Italy after the 2013 general election,1,77.2,Feb/26/2013 14:49:40
770016,ITALY.PM.BERSANI,Pier Luigi Bersani to be Prime Minister of Italy after the 2013 general election,1,77.2,Feb/26/2013 14:52:52
770016,ITALY.PM.BERSANI,Pier Luigi Bersani to be Prime Minister of Italy after the 2013 general election,1,77.4,Feb/26/2013 14:58:27
770016,ITALY.PM.BERSANI,Pier Luigi Bersani to be Prime Minister of Italy after the 2013 general election,1,77.4,Feb/26/2013 15:16:43
770016,ITALY.PM.BERSANI,Pier Luigi Bersani to be Prime Minister of Italy after the 2013 general election,1,77.4,Feb/26/2013 15:17:18
770016,ITALY.PM.BERSANI,Pier Luigi Bersani to be Prime Minister of Italy after the 2013 general election,5,77.0,Feb/26/2013 15:25:57
770016,ITALY.PM.BERSANI,Pier Luigi Bersani to be Prime Minister of Italy after the 2013 general election,2,77.4,Feb/26/2013 15:44:32
770016,ITALY.PM.BERSANI,Pier Luigi Bersani to be Prime Minister of Italy after the 2013 general election,3,79.5,Feb/26/2013 15:44:32
770016,ITALY.PM.BERSANI,Pier Luigi Bersani to be Prime Minister of Italy after the 2013 general election,1,77.4,Feb/26/2013 15:44:51
770016,ITALY.PM.BERSANI,Pier Luigi Bersani to be Prime Minister of Italy after the 2013 general election,1,79.5,Feb/26/2013 15:44:51
770016,ITALY.PM.BERSANI,Pier Luigi Bersani to be Prime Minister of Italy after the 2013 general election,1,77.4,Feb/26/2013 15:45:06
770016,ITALY.PM.BERSANI,Pier Luigi Bersani to be Prime Minister of Italy after the 2013 general election,1,77.4,Feb/26/2013 15:45:17
770016,ITALY.PM.BERSANI,Pier Luigi Bersani to be Prime Minister of Italy after the 2013 general election,1,77.4,Feb/26/2013 15:45:30
770016,ITALY.PM.BERSANI,Pier Luigi Bersani to be Prime Minister of Italy after the 2013 general election,1,77.4,Feb/26/2013 15:46:25
770016,ITALY.PM.BERSANI,Pier Luigi Bersani to be Prime Minister of Italy after the 2013 general election,1,78.2,Feb/26/2013 16:38:53
770016,ITALY.PM.BERSANI,Pier Luigi Bersani to be Prime Minister of Italy after the 2013 general election,1,76.4,Feb/26/2013 17:26:22
770016,ITALY.PM.BERSANI,Pier Luigi Bersani to be Prime Minister of Italy after the 2013 general election,1,76.4,Feb/26/2013 17:53:45
770016,ITALY.PM.BERSANI,Pier Luigi Bersani to be Prime Minister of Italy after the 2013 general election,2,70.2,Feb/26/2013 18:07:09
770016,ITALY.PM.BERSANI,Pier Luigi Bersani to be Prime Minister of Italy after the 2013 general election,4,71.1,Feb/26/2013 18:07:09
770016,ITALY.PM.BERSANI,Pier Luigi Bersani to be Prime Minister of Italy after the 2013 general election,1,73.9,Feb/26/2013 18:07:09
770016,ITALY.PM.BERSANI,Pier Luigi Bersani to be Prime Minister of Italy after the 2013 general election,1,72.9,Feb/26/2013 18:07:09
770016,ITALY.PM.BERSANI,Pier Luigi Bersani to be Prime Minister of Italy after the 2013 general election,2,71.9,Feb/26/2013 18:07:09
770016,ITALY.PM.BERSANI,Pier Luigi Bersani to be Prime Minister of Italy after the 2013 general election,9,70.2,Feb/26/2013 18:07:15
770016,ITALY.PM.BERSANI,Pier Luigi Bersani to be Prime Minister of Italy after the 2013 general election,1,70.1,Feb/26/2013 18:07:15
770016,ITALY.PM.BERSANI,Pier Luigi Bersani to be Prime Minister of Italy after the 2013 general election,5,72.1,Feb/26/2013 20:40:56
770016,ITALY.PM.BERSANI,Pier Luigi Bersani to be Prime Minister of Italy after the 2013 general election,6,71.1,Feb/26/2013 20:41:09
770016,ITALY.PM.BERSANI,Pier Luigi Bersani to be Prime Minister of Italy after the 2013 general election,7,70.3,Feb/26/2013 20:41:24
770016,ITALY.PM.BERSANI,Pier Luigi Bersani to be Prime Minister of Italy after the 2013 general election,4,70.1,Feb/26/2013 20:41:38
770016,ITALY.PM.BERSANI,Pier Luigi Bersani to be Prime Minister of Italy after the 2013 general election,1,69.1,Feb/26/2013 20:41:56
770016,ITALY.PM.BERSANI,Pier Luigi Bersani to be Prime Minister of Italy after the 2013 general election,8,69.1,Feb/26/2013 20:41:56
770016,ITALY.PM.BERSANI,Pier Luigi Bersani to be Prime Minister of Italy after the 2013 general election,9,68.1,Feb/26/2013 20:42:02
770016,ITALY.PM.BERSANI,Pier Luigi Bersani to be Prime Minister of Italy after the 2013 general election,10,67.1,Feb/26/2013 20:42:15
770016,ITALY.PM.BERSANI,Pier Luigi Bersani to be Prime Minister of Italy after the 2013 general election,1,67.1,Feb/26/2013 20:42:15
770016,ITALY.PM.BERSANI,Pier Luigi Bersani to be Prime Minister of Italy after the 2013 general election,5,73.9,Feb/27/2013 04:37:13
770016,ITALY.PM.BERSANI,Pier Luigi Bersani to be Prime Minister of Italy after the 2013 general election,4,73.9,Feb/27/2013 06:36:42
770016,ITALY.PM.BERSANI,Pier Luigi Bersani to be Prime Minister of Italy after the 2013 general election,5,74.9,Feb/27/2013 06:50:32
770016,ITALY.PM.BERSANI,Pier Luigi Bersani to be Prime Minister of Italy after the 2013 general election,50,69.0,Feb/27/2013 07:48:54
770016,ITALY.PM.BERSANI,Pier Luigi Bersani to be Prime Minister of Italy after the 2013 general election,3,74.9,Feb/27/2013 08:12:30
770016,ITALY.PM.BERSANI,Pier Luigi Bersani to be Prime Minister of Italy after the 2013 general election,5,74.9,Feb/27/2013 08:21:46
770016,ITALY.PM.BERSANI,Pier Luigi Bersani to be Prime Minister of Italy after the 2013 general election,4,71.5,Feb/27/2013 11:41:10
770016,ITALY.PM.BERSANI,Pier Luigi Bersani to be Prime Minister of Italy after the 2013 general election,4,71.4,Feb/27/2013 11:41:24
770016,ITALY.PM.BERSANI,Pier Luigi Bersani to be Prime Minister of Italy after the 2013 general election,3,71.5,Feb/27/2013 12:48:07
770016,ITALY.PM.BERSANI,Pier Luigi Bersani to be Prime Minister of Italy after the 2013 general election,2,71.4,Feb/27/2013 12:52:17
770016,ITALY.PM.BERSANI,Pier Luigi Bersani to be Prime Minister of Italy after the 2013 general election,2,71.4,Feb/27/2013 12:54:23
770016,ITALY.PM.BERSANI,Pier Luigi Bersani to be Prime Minister of Italy after the 2013 general election,1,71.4,Feb/27/2013 12:57:55
770016,ITALY.PM.BERSANI,Pier Luigi Bersani to be Prime Minister of Italy after the 2013 general election,1,71.0,Feb/27/2013 12:58:35
770016,ITALY.PM.BERSANI,Pier Luigi Bersani to be Prime Minister of Italy after the 2013 general election,2,73.4,Feb/27/2013 13:00:31
770016,ITALY.PM.BERSANI,Pier Luigi Bersani to be Prime Minister of Italy after the 2013 general election,1,73.9,Feb/27/2013 13:21:07
770016,ITALY.PM.BERSANI,Pier Luigi Bersani to be Prime Minister of Italy after the 2013 general election,1,74.0,Feb/27/2013 14:49:09
770016,ITALY.PM.BERSANI,Pier Luigi Bersani to be Prime Minister of Italy after the 2013 general election,1,74.0,Feb/27/2013 14:49:10
770016,ITALY.PM.BERSANI,Pier Luigi Bersani to be Prime Minister of Italy after the 2013 general election,11,77.9,Feb/27/2013 18:53:39
770016,ITALY.PM.BERSANI,Pier Luigi Bersani to be Prime Minister of Italy after the 2013 general election,15,79.9,Feb/27/2013 18:53:39
770016,ITALY.PM.BERSANI,Pier Luigi Bersani to be Prime Minister of Italy after the 2013 general election,3,75.9,Feb/27/2013 18:53:39
770016,ITALY.PM.BERSANI,Pier Luigi Bersani to be Prime Minister of Italy after the 2013 general election,2,74.9,Feb/27/2013 18:53:39
770016,ITALY.PM.BERSANI,Pier Luigi Bersani to be Prime Minister of Italy after the 2013 general election,1,75.0,Feb/27/2013 18:53:39
770016,ITALY.PM.BERSANI,Pier Luigi Bersani to be Prime Minister of Italy after the 2013 general election,13,78.9,Feb/27/2013 18:53:39
770016,ITALY.PM.BERSANI,Pier Luigi Bersani to be Prime Minister of Italy after the 2013 general election,9,76.9,Feb/27/2013 18:53:39
770016,ITALY.PM.BERSANI,Pier Luigi Bersani to be Prime Minister of Italy after the 2013 general election,7,75.9,Feb/27/2013 18:53:39
770016,ITALY.PM.BERSANI,Pier Luigi Bersani to be Prime Minister of Italy after the 2013 general election,1,80.0,Feb/27/2013 18:53:41
770016,ITALY.PM.BERSANI,Pier Luigi Bersani to be Prime Minister of Italy after the 2013 general election,1,80.0,Feb/27/2013 18:53:42
770016,ITALY.PM.BERSANI,Pier Luigi Bersani to be Prime Minister of Italy after the 2013 general election,1,80.0,Feb/27/2013 18:53:43
770016,ITALY.PM.BERSANI,Pier Luigi Bersani to be Prime Minister of Italy after the 2013 general election,1,80.0,Feb/27/2013 18:53:44
770016,ITALY.PM.BERSANI,Pier Luigi Bersani to be Prime Minister of Italy after the 2013 general election,1,80.0,Feb/27/2013 18:53:45
770016,ITALY.PM.BERSANI,Pier Luigi Bersani to be Prime Minister of Italy after the 2013 general election,1,80.0,Feb/27/2013 18:53:47
770016,ITALY.PM.BERSANI,Pier Luigi Bersani to be Prime Minister of Italy after the 2013 general election,2,80.0,Feb/27/2013 18:53:49
770016,ITALY.PM.BERSANI,Pier Luigi Bersani to be Prime Minister of Italy after the 2013 general election,2,80.0,Feb/27/2013 18:53:50
770016,ITALY.PM.BERSANI,Pier Luigi Bersani to be Prime Minister of Italy after the 2013 general election,1,80.0,Feb/27/2013 18:53:51
770016,ITALY.PM.BERSANI,Pier Luigi Bersani to be Prime Minister of Italy after the 2013 general election,1,80.0,Feb/27/2013 18:53:52
770016,ITALY.PM.BERSANI,Pier Luigi Bersani to be Prime Minister of Italy after the 2013 general election,1,80.0,Feb/27/2013 18:53:53
770016,ITALY.PM.BERSANI,Pier Luigi Bersani to be Prime Minister of Italy after the 2013 general election,1,80.0,Feb/27/2013 18:53:54
770016,ITALY.PM.BERSANI,Pier Luigi Bersani to be Prime Minister of Italy after the 2013 general election,1,80.0,Feb/27/2013 18:53:55
770016,ITALY.PM.BERSANI,Pier Luigi Bersani to be Prime Minister of Italy after the 2013 general election,1,80.0,Feb/27/2013 18:53:57
770016,ITALY.PM.BERSANI,Pier Luigi Bersani to be Prime Minister of Italy after the 2013 general election,1,80.0,Feb/27/2013 18:53:59
770016,ITALY.PM.BERSANI,Pier Luigi Bersani to be Prime Minister of Italy after the 2013 general election,1,80.0,Feb/27/2013 18:54:00
770016,ITALY.PM.BERSANI,Pier Luigi Bersani to be Prime Minister of Italy after the 2013 general election,2,80.0,Feb/27/2013 18:54:01
770016,ITALY.PM.BERSANI,Pier Luigi Bersani to be Prime Minister of Italy after the 2013 general election,2,80.0,Feb/27/2013 18:54:02
770016,ITALY.PM.BERSANI,Pier Luigi Bersani to be Prime Minister of Italy after the 2013 general election,1,80.0,Feb/27/2013 18:54:03
770016,ITALY.PM.BERSANI,Pier Luigi Bersani to be Prime Minister of Italy after the 2013 general election,1,80.0,Feb/27/2013 18:54:04
770016,ITALY.PM.BERSANI,Pier Luigi Bersani to be Prime Minister of Italy after the 2013 general election,1,80.0,Feb/27/2013 18:54:05
770016,ITALY.PM.BERSANI,Pier Luigi Bersani to be Prime Minister of Italy after the 2013 general election,2,80.0,Feb/27/2013 18:54:06
770016,ITALY.PM.BERSANI,Pier Luigi Bersani to be Prime Minister of Italy after the 2013 general election,2,80.0,Feb/27/2013 18:54:07
770016,ITALY.PM.BERSANI,Pier Luigi Bersani to be Prime Minister of Italy after the 2013 general election,2,80.0,Feb/27/2013 18:54:08
770016,ITALY.PM.BERSANI,Pier Luigi Bersani to be Prime Minister of Italy after the 2013 general election,1,80.0,Feb/27/2013 18:54:09
770016,ITALY.PM.BERSANI,Pier Luigi Bersani to be Prime Minister of Italy after the 2013 general election,1,80.0,Feb/27/2013 18:54:10
770016,ITALY.PM.BERSANI,Pier Luigi Bersani to be Prime Minister of Italy after the 2013 general election,1,80.0,Feb/27/2013 18:54:11
770016,ITALY.PM.BERSANI,Pier Luigi Bersani to be Prime Minister of Italy after the 2013 general election,1,80.0,Feb/27/2013 18:54:13
770016,ITALY.PM.BERSANI,Pier Luigi Bersani to be Prime Minister of Italy after the 2013 general election,1,80.0,Feb/27/2013 18:54:14
770016,ITALY.PM.BERSANI,Pier Luigi Bersani to be Prime Minister of Italy after the 2013 general election,1,80.0,Feb/27/2013 18:54:15
770016,ITALY.PM.BERSANI,Pier Luigi Bersani to be Prime Minister of Italy after the 2013 general election,3,79.9,Feb/27/2013 19:02:12
770016,ITALY.PM.BERSANI,Pier Luigi Bersani to be Prime Minister of Italy after the 2013 general election,17,80.9,Feb/27/2013 19:04:32
770016,ITALY.PM.BERSANI,Pier Luigi Bersani to be Prime Minister of Italy after the 2013 general election,5,77.5,Feb/27/2013 21:26:01
770016,ITALY.PM.BERSANI,Pier Luigi Bersani to be Prime Minister of Italy after the 2013 general election,3,77.4,Feb/27/2013 22:01:22
770016,ITALY.PM.BERSANI,Pier Luigi Bersani to be Prime Minister of Italy after the 2013 general election,1,73.1,Feb/27/2013 23:46:03
770016,ITALY.PM.BERSANI,Pier Luigi Bersani to be Prime Minister of Italy after the 2013 general election,5,70.0,Feb/27/2013 23:46:03
770016,ITALY.PM.BERSANI,Pier Luigi Bersani to be Prime Minister of Italy after the 2013 general election,1,72.1,Feb/27/2013 23:46:03
770016,ITALY.PM.BERSANI,Pier Luigi Bersani to be Prime Minister of Italy after the 2013 general election,1,71.6,Feb/27/2013 23:46:03
770016,ITALY.PM.BERSANI,Pier Luigi Bersani to be Prime Minister of Italy after the 2013 general election,1,79.3,Feb/28/2013 12:30:39
770016,ITALY.PM.BERSANI,Pier Luigi Bersani to be Prime Minister of Italy after the 2013 general election,1,75.9,Feb/28/2013 12:55:57
770016,ITALY.PM.BERSANI,Pier Luigi Bersani to be Prime Minister of Italy after the 2013 general election,1,74.8,Feb/28/2013 13:17:14
770016,ITALY.PM.BERSANI,Pier Luigi Bersani to be Prime Minister of Italy after the 2013 general election,1,74.3,Feb/28/2013 20:14:35
770016,ITALY.PM.BERSANI,Pier Luigi Bersani to be Prime Minister of Italy after the 2013 general election,5,70.1,Feb/28/2013 21:05:13
770016,ITALY.PM.BERSANI,Pier Luigi Bersani to be Prime Minister of Italy after the 2013 general election,1,71.1,Feb/28/2013 21:05:13
770016,ITALY.PM.BERSANI,Pier Luigi Bersani to be Prime Minister of Italy after the 2013 general election,1,72.1,Feb/28/2013 21:05:13
770016,ITALY.PM.BERSANI,Pier Luigi Bersani to be Prime Minister of Italy after the 2013 general election,1,70.1,Feb/28/2013 21:05:13
770016,ITALY.PM.BERSANI,Pier Luigi Bersani to be Prime Minister of Italy after the 2013 general election,4,70.0,Feb/28/2013 21:05:13
770016,ITALY.PM.BERSANI,Pier Luigi Bersani to be Prime Minister of Italy after the 2013 general election,1,73.0,Feb/28/2013 21:05:13
770016,ITALY.PM.BERSANI,Pier Luigi Bersani to be Prime Minister of Italy after the 2013 general election,1,72.9,Feb/28/2013 21:05:13
770016,ITALY.PM.BERSANI,Pier Luigi Bersani to be Prime Minister of Italy after the 2013 general election,1,72.6,Feb/28/2013 21:05:13
770016,ITALY.PM.BERSANI,Pier Luigi Bersani to be Prime Minister of Italy after the 2013 general election,6,70.0,Feb/28/2013 21:10:37
770016,ITALY.PM.BERSANI,Pier Luigi Bersani to be Prime Minister of Italy after the 2013 general election,1,72.3,Feb/28/2013 21:10:37
770016,ITALY.PM.BERSANI,Pier Luigi Bersani to be Prime Minister of Italy after the 2013 general election,1,69.9,Feb/28/2013 21:11:47
770016,ITALY.PM.BERSANI,Pier Luigi Bersani to be Prime Minister of Italy after the 2013 general election,1,69.9,Feb/28/2013 21:12:07
770016,ITALY.PM.BERSANI,Pier Luigi Bersani to be Prime Minister of Italy after the 2013 general election,2,69.6,Feb/28/2013 21:12:47
770016,ITALY.PM.BERSANI,Pier Luigi Bersani to be Prime Minister of Italy after the 2013 general election,2,69.6,Feb/28/2013 21:12:48
770016,ITALY.PM.BERSANI,Pier Luigi Bersani to be Prime Minister of Italy after the 2013 general election,1,69.6,Feb/28/2013 21:12:49
770016,ITALY.PM.BERSANI,Pier Luigi Bersani to be Prime Minister of Italy after the 2013 general election,1,69.6,Feb/28/2013 21:12:50
770016,ITALY.PM.BERSANI,Pier Luigi Bersani to be Prime Minister of Italy after the 2013 general election,1,69.9,Feb/28/2013 21:25:41
770016,ITALY.PM.BERSANI,Pier Luigi Bersani to be Prime Minister of Italy after the 2013 general election,2,69.1,Mar/01/2013 12:46:24
770016,ITALY.PM.BERSANI,Pier Luigi Bersani to be Prime Minister of Italy after the 2013 general election,2,73.0,Mar/01/2013 19:33:21
770016,ITALY.PM.BERSANI,Pier Luigi Bersani to be Prime Minister of Italy after the 2013 general election,1,73.0,Mar/01/2013 19:34:26
770016,ITALY.PM.BERSANI,Pier Luigi Bersani to be Prime Minister of Italy after the 2013 general election,1,70.1,Mar/02/2013 11:37:40
770016,ITALY.PM.BERSANI,Pier Luigi Bersani to be Prime Minister of Italy after the 2013 general election,1,70.1,Mar/02/2013 11:37:48
770016,ITALY.PM.BERSANI,Pier Luigi Bersani to be Prime Minister of Italy after the 2013 general election,2,71.7,Mar/02/2013 16:32:09
770016,ITALY.PM.BERSANI,Pier Luigi Bersani to be Prime Minister of Italy after the 2013 general election,2,71.8,Mar/02/2013 16:32:21
770016,ITALY.PM.BERSANI,Pier Luigi Bersani to be Prime Minister of Italy after the 2013 general election,1,71.8,Mar/02/2013 16:32:32
770016,ITALY.PM.BERSANI,Pier Luigi Bersani to be Prime Minister of Italy after the 2013 general election,2,71.9,Mar/02/2013 16:32:32
770016,ITALY.PM.BERSANI,Pier Luigi Bersani to be Prime Minister of Italy after the 2013 general election,1,71.8,Mar/02/2013 16:32:39
770016,ITALY.PM.BERSANI,Pier Luigi Bersani to be Prime Minister of Italy after the 2013 general election,1,71.8,Mar/02/2013 16:32:46
770016,ITALY.PM.BERSANI,Pier Luigi Bersani to be Prime Minister of Italy after the 2013 general election,1,71.8,Mar/02/2013 16:33:00
770016,ITALY.PM.BERSANI,Pier Luigi Bersani to be Prime Minister of Italy after the 2013 general election,1,71.9,Mar/02/2013 16:33:26
770016,ITALY.PM.BERSANI,Pier Luigi Bersani to be Prime Minister of Italy after the 2013 general election,2,72.8,Mar/02/2013 16:33:35
770016,ITALY.PM.BERSANI,Pier Luigi Bersani to be Prime Minister of Italy after the 2013 general election,2,68.6,Mar/02/2013 18:54:25
770016,ITALY.PM.BERSANI,Pier Luigi Bersani to be Prime Minister of Italy after the 2013 general election,1,68.6,Mar/02/2013 21:06:05
770016,ITALY.PM.BERSANI,Pier Luigi Bersani to be Prime Minister of Italy after the 2013 general election,20,69.5,Mar/03/2013 13:35:45
770016,ITALY.PM.BERSANI,Pier Luigi Bersani to be Prime Minister of Italy after the 2013 general election,5,69.6,Mar/03/2013 13:35:45
770016,ITALY.PM.BERSANI,Pier Luigi Bersani to be Prime Minister of Italy after the 2013 general election,10,65.2,Mar/04/2013 10:50:43
770016,ITALY.PM.BERSANI,Pier Luigi Bersani to be Prime Minister of Italy after the 2013 general election,16,65.1,Mar/04/2013 10:50:43
770016,ITALY.PM.BERSANI,Pier Luigi Bersani to be Prime Minister of Italy after the 2013 general election,5,65.3,Mar/04/2013 10:50:43
770016,ITALY.PM.BERSANI,Pier Luigi Bersani to be Prime Minister of Italy after the 2013 general election,5,67.1,Mar/04/2013 10:50:43
770016,ITALY.PM.BERSANI,Pier Luigi Bersani to be Prime Minister of Italy after the 2013 general election,7,66.1,Mar/04/2013 10:50:43
770016,ITALY.PM.BERSANI,Pier Luigi Bersani to be Prime Minister of Italy after the 2013 general election,7,65.1,Mar/04/2013 11:07:23
770016,ITALY.PM.BERSANI,Pier Luigi Bersani to be Prime Minister of Italy after the 2013 general election,22,65.1,Mar/04/2013 11:14:37
770016,ITALY.PM.BERSANI,Pier Luigi Bersani to be Prime Minister of Italy after the 2013 general election,3,65.1,Mar/04/2013 11:29:04
770016,ITALY.PM.BERSANI,Pier Luigi Bersani to be Prime Minister of Italy after the 2013 general election,51,65.1,Mar/04/2013 11:30:48
770016,ITALY.PM.BERSANI,Pier Luigi Bersani to be Prime Minister of Italy after the 2013 general election,33,66.0,Mar/04/2013 12:37:02
770016,ITALY.PM.BERSANI,Pier Luigi Bersani to be Prime Minister of Italy after the 2013 general election,5,66.0,Mar/04/2013 13:49:03
770016,ITALY.PM.BERSANI,Pier Luigi Bersani to be Prime Minister of Italy after the 2013 general election,3,66.0,Mar/04/2013 13:50:24
770016,ITALY.PM.BERSANI,Pier Luigi Bersani to be Prime Minister of Italy after the 2013 general election,4,63.6,Mar/04/2013 15:32:00
770016,ITALY.PM.BERSANI,Pier Luigi Bersani to be Prime Minister of Italy after the 2013 general election,1,63.6,Mar/04/2013 15:33:19
770016,ITALY.PM.BERSANI,Pier Luigi Bersani to be Prime Minister of Italy after the 2013 general election,1,63.6,Mar/04/2013 15:33:21
770016,ITALY.PM.BERSANI,Pier Luigi Bersani to be Prime Minister of Italy after the 2013 general election,1,63.6,Mar/04/2013 15:33:22
770016,ITALY.PM.BERSANI,Pier Luigi Bersani to be Prime Minister of Italy after the 2013 general election,1,63.6,Mar/04/2013 15:33:23
770016,ITALY.PM.BERSANI,Pier Luigi Bersani to be Prime Minister of Italy after the 2013 general election,1,63.6,Mar/04/2013 15:33:24
770016,ITALY.PM.BERSANI,Pier Luigi Bersani to be Prime Minister of Italy after the 2013 general election,1,63.6,Mar/04/2013 15:33:25
770016,ITALY.PM.BERSANI,Pier Luigi Bersani to be Prime Minister of Italy after the 2013 general election,1,63.1,Mar/04/2013 16:20:09
770016,ITALY.PM.BERSANI,Pier Luigi Bersani to be Prime Minister of Italy after the 2013 general election,1,63.1,Mar/04/2013 16:20:19
770016,ITALY.PM.BERSANI,Pier Luigi Bersani to be Prime Minister of Italy after the 2013 general election,1,63.1,Mar/04/2013 16:20:27
770016,ITALY.PM.BERSANI,Pier Luigi Bersani to be Prime Minister of Italy after the 2013 general election,1,63.1,Mar/04/2013 16:20:37
770016,ITALY.PM.BERSANI,Pier Luigi Bersani to be Prime Minister of Italy after the 2013 general election,5,62.1,Mar/04/2013 18:04:30
770016,ITALY.PM.BERSANI,Pier Luigi Bersani to be Prime Minister of Italy after the 2013 general election,5,58.1,Mar/04/2013 19:27:15
770016,ITALY.PM.BERSANI,Pier Luigi Bersani to be Prime Minister of Italy after the 2013 general election,1,53.6,Mar/04/2013 22:39:21
770016,ITALY.PM.BERSANI,Pier Luigi Bersani to be Prime Minister of Italy after the 2013 general election,1,53.1,Mar/04/2013 23:25:36
770016,ITALY.PM.BERSANI,Pier Luigi Bersani to be Prime Minister of Italy after the 2013 general election,1,53.1,Mar/04/2013 23:26:25
770016,ITALY.PM.BERSANI,Pier Luigi Bersani to be Prime Minister of Italy after the 2013 general election,3,53.1,Mar/04/2013 23:29:48
770016,ITALY.PM.BERSANI,Pier Luigi Bersani to be Prime Minister of Italy after the 2013 general election,5,53.9,Mar/05/2013 04:02:52
770016,ITALY.PM.BERSANI,Pier Luigi Bersani to be Prime Minister of Italy after the 2013 general election,1,53.9,Mar/05/2013 04:44:33
770016,ITALY.PM.BERSANI,Pier Luigi Bersani to be Prime Minister of Italy after the 2013 general election,9,55.9,Mar/05/2013 04:44:33
770016,ITALY.PM.BERSANI,Pier Luigi Bersani to be Prime Minister of Italy after the 2013 general election,1,55.9,Mar/05/2013 08:34:20
770016,ITALY.PM.BERSANI,Pier Luigi Bersani to be Prime Minister of Italy after the 2013 general election,5,55.8,Mar/05/2013 08:34:20
770016,ITALY.PM.BERSANI,Pier Luigi Bersani to be Prime Minister of Italy after the 2013 general election,2,51.1,Mar/05/2013 09:19:40
770016,ITALY.PM.BERSANI,Pier Luigi Bersani to be Prime Minister of Italy after the 2013 general election,6,52.1,Mar/05/2013 09:19:40
770016,ITALY.PM.BERSANI,Pier Luigi Bersani to be Prime Minister of Italy after the 2013 general election,5,51.1,Mar/05/2013 13:48:06
770016,ITALY.PM.BERSANI,Pier Luigi Bersani to be Prime Minister of Italy after the 2013 general election,1,52.3,Mar/05/2013 16:24:10
770016,ITALY.PM.BERSANI,Pier Luigi Bersani to be Prime Minister of Italy after the 2013 general election,1,52.3,Mar/05/2013 16:24:19
770016,ITALY.PM.BERSANI,Pier Luigi Bersani to be Prime Minister of Italy after the 2013 general election,1,52.3,Mar/05/2013 16:24:25
770016,ITALY.PM.BERSANI,Pier Luigi Bersani to be Prime Minister of Italy after the 2013 general election,1,52.3,Mar/05/2013 16:24:33
770016,ITALY.PM.BERSANI,Pier Luigi Bersani to be Prime Minister of Italy after the 2013 general election,1,52.3,Mar/05/2013 16:24:41
770016,ITALY.PM.BERSANI,Pier Luigi Bersani to be Prime Minister of Italy after the 2013 general election,1,52.3,Mar/05/2013 16:24:48
770016,ITALY.PM.BERSANI,Pier Luigi Bersani to be Prime Minister of Italy after the 2013 general election,1,52.2,Mar/05/2013 16:24:55
770016,ITALY.PM.BERSANI,Pier Luigi Bersani to be Prime Minister of Italy after the 2013 general election,1,51.7,Mar/05/2013 16:25:08
770016,ITALY.PM.BERSANI,Pier Luigi Bersani to be Prime Minister of Italy after the 2013 general election,1,51.7,Mar/05/2013 16:25:36
770016,ITALY.PM.BERSANI,Pier Luigi Bersani to be Prime Minister of Italy after the 2013 general election,1,51.7,Mar/05/2013 16:25:43
770016,ITALY.PM.BERSANI,Pier Luigi Bersani to be Prime Minister of Italy after the 2013 general election,1,41.1,Mar/05/2013 20:44:49
770016,ITALY.PM.BERSANI,Pier Luigi Bersani to be Prime Minister of Italy after the 2013 general election,1,41.1,Mar/05/2013 20:55:58
770016,ITALY.PM.BERSANI,Pier Luigi Bersani to be Prime Minister of Italy after the 2013 general election,1,41.1,Mar/06/2013 07:11:16
770016,ITALY.PM.BERSANI,Pier Luigi Bersani to be Prime Minister of Italy after the 2013 general election,1,44.3,Mar/06/2013 09:49:28
770016,ITALY.PM.BERSANI,Pier Luigi Bersani to be Prime Minister of Italy after the 2013 general election,2,40.1,Mar/06/2013 11:53:09
770016,ITALY.PM.BERSANI,Pier Luigi Bersani to be Prime Minister of Italy after the 2013 general election,1,40.0,Mar/06/2013 12:46:40
770016,ITALY.PM.BERSANI,Pier Luigi Bersani to be Prime Minister of Italy after the 2013 general election,1,44.9,Mar/06/2013 20:34:40
770016,ITALY.PM.BERSANI,Pier Luigi Bersani to be Prime Minister of Italy after the 2013 general election,1,44.9,Mar/06/2013 20:34:41
770016,ITALY.PM.BERSANI,Pier Luigi Bersani to be Prime Minister of Italy after the 2013 general election,1,44.9,Mar/06/2013 20:34:42
770016,ITALY.PM.BERSANI,Pier Luigi Bersani to be Prime Minister of Italy after the 2013 general election,1,44.9,Mar/06/2013 20:37:23
770016,ITALY.PM.BERSANI,Pier Luigi Bersani to be Prime Minister of Italy after the 2013 general election,1,44.9,Mar/06/2013 20:37:23
770016,ITALY.PM.BERSANI,Pier Luigi Bersani to be Prime Minister of Italy after the 2013 general election,2,46.9,Mar/06/2013 20:39:27
770016,ITALY.PM.BERSANI,Pier Luigi Bersani to be Prime Minister of Italy after the 2013 general election,4,46.9,Mar/06/2013 22:40:42
770016,ITALY.PM.BERSANI,Pier Luigi Bersani to be Prime Minister of Italy after the 2013 general election,7,48.9,Mar/07/2013 09:14:32
770016,ITALY.PM.BERSANI,Pier Luigi Bersani to be Prime Minister of Italy after the 2013 general election,4,50.9,Mar/07/2013 21:38:01
770016,ITALY.PM.BERSANI,Pier Luigi Bersani to be Prime Minister of Italy after the 2013 general election,5,47.1,Mar/08/2013 07:27:41
770016,ITALY.PM.BERSANI,Pier Luigi Bersani to be Prime Minister of Italy after the 2013 general election,10,46.0,Mar/08/2013 07:27:41
770016,ITALY.PM.BERSANI,Pier Luigi Bersani to be Prime Minister of Italy after the 2013 general election,1,46.1,Mar/09/2013 14:23:14
770016,ITALY.PM.BERSANI,Pier Luigi Bersani to be Prime Minister of Italy after the 2013 general election,2,48.7,Mar/09/2013 17:24:26
770016,ITALY.PM.BERSANI,Pier Luigi Bersani to be Prime Minister of Italy after the 2013 general election,5,44.5,Mar/09/2013 22:12:11
770016,ITALY.PM.BERSANI,Pier Luigi Bersani to be Prime Minister of Italy after the 2013 general election,3,44.4,Mar/09/2013 22:12:24
770016,ITALY.PM.BERSANI,Pier Luigi Bersani to be Prime Minister of Italy after the 2013 general election,1,43.4,Mar/09/2013 22:12:34
770016,ITALY.PM.BERSANI,Pier Luigi Bersani to be Prime Minister of Italy after the 2013 general election,1,43.4,Mar/09/2013 22:12:40
770016,ITALY.PM.BERSANI,Pier Luigi Bersani to be Prime Minister of Italy after the 2013 general election,1,43.4,Mar/09/2013 22:12:49
770016,ITALY.PM.BERSANI,Pier Luigi Bersani to be Prime Minister of Italy after the 2013 general election,1,43.0,Mar/09/2013 22:13:20
770016,ITALY.PM.BERSANI,Pier Luigi Bersani to be Prime Minister of Italy after the 2013 general election,5,40.6,Mar/09/2013 22:13:20
770016,ITALY.PM.BERSANI,Pier Luigi Bersani to be Prime Minister of Italy after the 2013 general election,1,43.2,Mar/09/2013 22:13:20
770016,ITALY.PM.BERSANI,Pier Luigi Bersani to be Prime Minister of Italy after the 2013 general election,2,42.0,Mar/10/2013 07:36:57
770016,ITALY.PM.BERSANI,Pier Luigi Bersani to be Prime Minister of Italy after the 2013 general election,2,42.0,Mar/10/2013 07:38:19
770016,ITALY.PM.BERSANI,Pier Luigi Bersani to be Prime Minister of Italy after the 2013 general election,5,48.9,Mar/10/2013 08:40:41
