market id,market symbol,market name,trade quantity,trade price,date/time [utc]
770015,ITALY.PM.BERLUSCONI,Silvio Berlusconi to be Prime Minister of Italy after the 2013 general election,10,7.5,Jan/22/2013 08:54:18
770015,ITALY.PM.BERLUSCONI,Silvio Berlusconi to be Prime Minister of Italy after the 2013 general election,10,7.5,Jan/22/2013 16:02:54
770015,ITALY.PM.BERLUSCONI,Silvio Berlusconi to be Prime Minister of Italy after the 2013 general election,1,1.2,Jan/22/2013 22:37:03
770015,ITALY.PM.BERLUSCONI,Silvio Berlusconi to be Prime Minister of Italy after the 2013 general election,1,1.2,Jan/22/2013 22:37:33
770015,ITALY.PM.BERLUSCONI,Silvio Berlusconi to be Prime Minister of Italy after the 2013 general election,1,1.2,Jan/22/2013 22:44:59
770015,ITALY.PM.BERLUSCONI,Silvio Berlusconi to be Prime Minister of Italy after the 2013 general election,10,7.5,Jan/24/2013 07:03:01
770015,ITALY.PM.BERLUSCONI,Silvio Berlusconi to be Prime Minister of Italy after the 2013 general election,11,4.9,Jan/24/2013 19:42:11
770015,ITALY.PM.BERLUSCONI,Silvio Berlusconi to be Prime Minister of Italy after the 2013 general election,9,5.4,Jan/24/2013 19:42:23
770015,ITALY.PM.BERLUSCONI,Silvio Berlusconi to be Prime Minister of Italy after the 2013 general election,2,5.4,Jan/24/2013 19:42:36
770015,ITALY.PM.BERLUSCONI,Silvio Berlusconi to be Prime Minister of Italy after the 2013 general election,11,5.9,Jan/24/2013 19:42:42
770015,ITALY.PM.BERLUSCONI,Silvio Berlusconi to be Prime Minister of Italy after the 2013 general election,4,6.4,Jan/24/2013 19:42:58
770015,ITALY.PM.BERLUSCONI,Silvio Berlusconi to be Prime Minister of Italy after the 2013 general election,5,5.5,Jan/27/2013 01:29:33
770015,ITALY.PM.BERLUSCONI,Silvio Berlusconi to be Prime Minister of Italy after the 2013 general election,5,5.0,Jan/27/2013 01:29:33
770015,ITALY.PM.BERLUSCONI,Silvio Berlusconi to be Prime Minister of Italy after the 2013 general election,1,6.1,Jan/27/2013 15:55:25
770015,ITALY.PM.BERLUSCONI,Silvio Berlusconi to be Prime Minister of Italy after the 2013 general election,1,3.8,Jan/27/2013 20:07:57
770015,ITALY.PM.BERLUSCONI,Silvio Berlusconi to be Prime Minister of Italy after the 2013 general election,1,5.0,Jan/27/2013 22:07:46
770015,ITALY.PM.BERLUSCONI,Silvio Berlusconi to be Prime Minister of Italy after the 2013 general election,9,5.0,Jan/28/2013 05:49:56
770015,ITALY.PM.BERLUSCONI,Silvio Berlusconi to be Prime Minister of Italy after the 2013 general election,2,3.9,Jan/29/2013 03:29:36
770015,ITALY.PM.BERLUSCONI,Silvio Berlusconi to be Prime Minister of Italy after the 2013 general election,20,3.8,Jan/29/2013 03:29:45
770015,ITALY.PM.BERLUSCONI,Silvio Berlusconi to be Prime Minister of Italy after the 2013 general election,7,4.8,Feb/01/2013 14:52:49
770015,ITALY.PM.BERLUSCONI,Silvio Berlusconi to be Prime Minister of Italy after the 2013 general election,13,4.0,Feb/04/2013 06:35:11
770015,ITALY.PM.BERLUSCONI,Silvio Berlusconi to be Prime Minister of Italy after the 2013 general election,1,3.0,Feb/04/2013 18:31:51
770015,ITALY.PM.BERLUSCONI,Silvio Berlusconi to be Prime Minister of Italy after the 2013 general election,1,3.0,Feb/04/2013 18:32:28
770015,ITALY.PM.BERLUSCONI,Silvio Berlusconi to be Prime Minister of Italy after the 2013 general election,20,2.9,Feb/04/2013 18:32:49
770015,ITALY.PM.BERLUSCONI,Silvio Berlusconi to be Prime Minister of Italy after the 2013 general election,4,2.5,Feb/04/2013 18:32:49
770015,ITALY.PM.BERLUSCONI,Silvio Berlusconi to be Prime Minister of Italy after the 2013 general election,3,3.0,Feb/04/2013 18:32:49
770015,ITALY.PM.BERLUSCONI,Silvio Berlusconi to be Prime Minister of Italy after the 2013 general election,10,2.5,Feb/04/2013 22:25:00
770015,ITALY.PM.BERLUSCONI,Silvio Berlusconi to be Prime Minister of Italy after the 2013 general election,13,2.5,Feb/04/2013 22:47:22
770015,ITALY.PM.BERLUSCONI,Silvio Berlusconi to be Prime Minister of Italy after the 2013 general election,3,3.0,Feb/04/2013 23:08:49
770015,ITALY.PM.BERLUSCONI,Silvio Berlusconi to be Prime Minister of Italy after the 2013 general election,3,3.0,Feb/04/2013 23:08:50
770015,ITALY.PM.BERLUSCONI,Silvio Berlusconi to be Prime Minister of Italy after the 2013 general election,3,3.0,Feb/04/2013 23:08:51
770015,ITALY.PM.BERLUSCONI,Silvio Berlusconi to be Prime Minister of Italy after the 2013 general election,2,3.0,Feb/04/2013 23:08:52
770015,ITALY.PM.BERLUSCONI,Silvio Berlusconi to be Prime Minister of Italy after the 2013 general election,1,3.0,Feb/04/2013 23:08:53
770015,ITALY.PM.BERLUSCONI,Silvio Berlusconi to be Prime Minister of Italy after the 2013 general election,1,3.0,Feb/04/2013 23:08:54
770015,ITALY.PM.BERLUSCONI,Silvio Berlusconi to be Prime Minister of Italy after the 2013 general election,1,3.0,Feb/04/2013 23:08:55
770015,ITALY.PM.BERLUSCONI,Silvio Berlusconi to be Prime Minister of Italy after the 2013 general election,2,3.0,Feb/04/2013 23:11:20
770015,ITALY.PM.BERLUSCONI,Silvio Berlusconi to be Prime Minister of Italy after the 2013 general election,2,3.0,Feb/04/2013 23:11:21
770015,ITALY.PM.BERLUSCONI,Silvio Berlusconi to be Prime Minister of Italy after the 2013 general election,1,3.0,Feb/04/2013 23:11:22
770015,ITALY.PM.BERLUSCONI,Silvio Berlusconi to be Prime Minister of Italy after the 2013 general election,1,3.0,Feb/04/2013 23:11:23
770015,ITALY.PM.BERLUSCONI,Silvio Berlusconi to be Prime Minister of Italy after the 2013 general election,1,3.0,Feb/04/2013 23:11:24
770015,ITALY.PM.BERLUSCONI,Silvio Berlusconi to be Prime Minister of Italy after the 2013 general election,1,3.0,Feb/04/2013 23:11:25
770015,ITALY.PM.BERLUSCONI,Silvio Berlusconi to be Prime Minister of Italy after the 2013 general election,1,3.0,Feb/04/2013 23:11:26
770015,ITALY.PM.BERLUSCONI,Silvio Berlusconi to be Prime Minister of Italy after the 2013 general election,1,3.0,Feb/04/2013 23:12:13
770015,ITALY.PM.BERLUSCONI,Silvio Berlusconi to be Prime Minister of Italy after the 2013 general election,1,3.0,Feb/04/2013 23:12:14
770015,ITALY.PM.BERLUSCONI,Silvio Berlusconi to be Prime Minister of Italy after the 2013 general election,2,3.0,Feb/04/2013 23:12:29
770015,ITALY.PM.BERLUSCONI,Silvio Berlusconi to be Prime Minister of Italy after the 2013 general election,2,3.0,Feb/04/2013 23:12:30
770015,ITALY.PM.BERLUSCONI,Silvio Berlusconi to be Prime Minister of Italy after the 2013 general election,2,3.0,Feb/04/2013 23:12:31
770015,ITALY.PM.BERLUSCONI,Silvio Berlusconi to be Prime Minister of Italy after the 2013 general election,1,3.0,Feb/04/2013 23:12:32
770015,ITALY.PM.BERLUSCONI,Silvio Berlusconi to be Prime Minister of Italy after the 2013 general election,1,3.0,Feb/04/2013 23:12:33
770015,ITALY.PM.BERLUSCONI,Silvio Berlusconi to be Prime Minister of Italy after the 2013 general election,3,4.4,Feb/04/2013 23:14:31
770015,ITALY.PM.BERLUSCONI,Silvio Berlusconi to be Prime Minister of Italy after the 2013 general election,3,4.4,Feb/04/2013 23:14:32
770015,ITALY.PM.BERLUSCONI,Silvio Berlusconi to be Prime Minister of Italy after the 2013 general election,2,4.4,Feb/04/2013 23:14:33
770015,ITALY.PM.BERLUSCONI,Silvio Berlusconi to be Prime Minister of Italy after the 2013 general election,2,4.4,Feb/04/2013 23:14:34
770015,ITALY.PM.BERLUSCONI,Silvio Berlusconi to be Prime Minister of Italy after the 2013 general election,2,4.4,Feb/04/2013 23:14:35
770015,ITALY.PM.BERLUSCONI,Silvio Berlusconi to be Prime Minister of Italy after the 2013 general election,1,4.4,Feb/04/2013 23:14:36
770015,ITALY.PM.BERLUSCONI,Silvio Berlusconi to be Prime Minister of Italy after the 2013 general election,1,4.4,Feb/04/2013 23:14:37
770015,ITALY.PM.BERLUSCONI,Silvio Berlusconi to be Prime Minister of Italy after the 2013 general election,1,4.4,Feb/04/2013 23:14:58
770015,ITALY.PM.BERLUSCONI,Silvio Berlusconi to be Prime Minister of Italy after the 2013 general election,1,4.4,Feb/04/2013 23:14:59
770015,ITALY.PM.BERLUSCONI,Silvio Berlusconi to be Prime Minister of Italy after the 2013 general election,1,4.4,Feb/04/2013 23:15:41
770015,ITALY.PM.BERLUSCONI,Silvio Berlusconi to be Prime Minister of Italy after the 2013 general election,2,4.4,Feb/04/2013 23:15:42
770015,ITALY.PM.BERLUSCONI,Silvio Berlusconi to be Prime Minister of Italy after the 2013 general election,1,4.4,Feb/04/2013 23:15:43
770015,ITALY.PM.BERLUSCONI,Silvio Berlusconi to be Prime Minister of Italy after the 2013 general election,1,4.4,Feb/04/2013 23:15:44
770015,ITALY.PM.BERLUSCONI,Silvio Berlusconi to be Prime Minister of Italy after the 2013 general election,1,4.4,Feb/04/2013 23:15:46
770015,ITALY.PM.BERLUSCONI,Silvio Berlusconi to be Prime Minister of Italy after the 2013 general election,1,4.4,Feb/04/2013 23:15:47
770015,ITALY.PM.BERLUSCONI,Silvio Berlusconi to be Prime Minister of Italy after the 2013 general election,1,4.4,Feb/04/2013 23:15:48
770015,ITALY.PM.BERLUSCONI,Silvio Berlusconi to be Prime Minister of Italy after the 2013 general election,1,4.4,Feb/04/2013 23:16:25
770015,ITALY.PM.BERLUSCONI,Silvio Berlusconi to be Prime Minister of Italy after the 2013 general election,3,4.5,Feb/04/2013 23:16:49
770015,ITALY.PM.BERLUSCONI,Silvio Berlusconi to be Prime Minister of Italy after the 2013 general election,3,4.5,Feb/04/2013 23:16:51
770015,ITALY.PM.BERLUSCONI,Silvio Berlusconi to be Prime Minister of Italy after the 2013 general election,2,4.5,Feb/04/2013 23:16:51
770015,ITALY.PM.BERLUSCONI,Silvio Berlusconi to be Prime Minister of Italy after the 2013 general election,2,4.5,Feb/04/2013 23:16:53
770015,ITALY.PM.BERLUSCONI,Silvio Berlusconi to be Prime Minister of Italy after the 2013 general election,1,4.5,Feb/04/2013 23:16:54
770015,ITALY.PM.BERLUSCONI,Silvio Berlusconi to be Prime Minister of Italy after the 2013 general election,1,4.5,Feb/04/2013 23:16:55
770015,ITALY.PM.BERLUSCONI,Silvio Berlusconi to be Prime Minister of Italy after the 2013 general election,1,4.5,Feb/04/2013 23:16:56
770015,ITALY.PM.BERLUSCONI,Silvio Berlusconi to be Prime Minister of Italy after the 2013 general election,1,4.5,Feb/04/2013 23:16:57
770015,ITALY.PM.BERLUSCONI,Silvio Berlusconi to be Prime Minister of Italy after the 2013 general election,1,4.5,Feb/04/2013 23:16:58
770015,ITALY.PM.BERLUSCONI,Silvio Berlusconi to be Prime Minister of Italy after the 2013 general election,4,4.5,Feb/04/2013 23:18:22
770015,ITALY.PM.BERLUSCONI,Silvio Berlusconi to be Prime Minister of Italy after the 2013 general election,4,4.5,Feb/04/2013 23:18:23
770015,ITALY.PM.BERLUSCONI,Silvio Berlusconi to be Prime Minister of Italy after the 2013 general election,3,4.5,Feb/04/2013 23:18:24
770015,ITALY.PM.BERLUSCONI,Silvio Berlusconi to be Prime Minister of Italy after the 2013 general election,3,4.5,Feb/04/2013 23:18:25
770015,ITALY.PM.BERLUSCONI,Silvio Berlusconi to be Prime Minister of Italy after the 2013 general election,2,4.5,Feb/04/2013 23:18:26
770015,ITALY.PM.BERLUSCONI,Silvio Berlusconi to be Prime Minister of Italy after the 2013 general election,2,4.5,Feb/04/2013 23:18:27
770015,ITALY.PM.BERLUSCONI,Silvio Berlusconi to be Prime Minister of Italy after the 2013 general election,2,4.5,Feb/04/2013 23:18:28
770015,ITALY.PM.BERLUSCONI,Silvio Berlusconi to be Prime Minister of Italy after the 2013 general election,1,4.5,Feb/04/2013 23:18:29
770015,ITALY.PM.BERLUSCONI,Silvio Berlusconi to be Prime Minister of Italy after the 2013 general election,1,4.5,Feb/04/2013 23:18:30
770015,ITALY.PM.BERLUSCONI,Silvio Berlusconi to be Prime Minister of Italy after the 2013 general election,1,4.5,Feb/04/2013 23:18:32
770015,ITALY.PM.BERLUSCONI,Silvio Berlusconi to be Prime Minister of Italy after the 2013 general election,1,4.5,Feb/04/2013 23:18:33
770015,ITALY.PM.BERLUSCONI,Silvio Berlusconi to be Prime Minister of Italy after the 2013 general election,1,4.5,Feb/04/2013 23:19:33
770015,ITALY.PM.BERLUSCONI,Silvio Berlusconi to be Prime Minister of Italy after the 2013 general election,1,4.5,Feb/04/2013 23:19:34
770015,ITALY.PM.BERLUSCONI,Silvio Berlusconi to be Prime Minister of Italy after the 2013 general election,1,4.5,Feb/04/2013 23:20:00
770015,ITALY.PM.BERLUSCONI,Silvio Berlusconi to be Prime Minister of Italy after the 2013 general election,1,4.5,Feb/04/2013 23:20:01
770015,ITALY.PM.BERLUSCONI,Silvio Berlusconi to be Prime Minister of Italy after the 2013 general election,1,4.9,Feb/05/2013 05:23:43
770015,ITALY.PM.BERLUSCONI,Silvio Berlusconi to be Prime Minister of Italy after the 2013 general election,25,4.5,Feb/06/2013 16:58:32
770015,ITALY.PM.BERLUSCONI,Silvio Berlusconi to be Prime Minister of Italy after the 2013 general election,11,4.8,Feb/06/2013 16:58:51
770015,ITALY.PM.BERLUSCONI,Silvio Berlusconi to be Prime Minister of Italy after the 2013 general election,19,4.9,Feb/06/2013 16:59:06
770015,ITALY.PM.BERLUSCONI,Silvio Berlusconi to be Prime Minister of Italy after the 2013 general election,7,5.5,Feb/06/2013 16:59:17
770015,ITALY.PM.BERLUSCONI,Silvio Berlusconi to be Prime Minister of Italy after the 2013 general election,25,7.0,Feb/06/2013 17:11:41
770015,ITALY.PM.BERLUSCONI,Silvio Berlusconi to be Prime Minister of Italy after the 2013 general election,10,7.5,Feb/06/2013 17:11:59
770015,ITALY.PM.BERLUSCONI,Silvio Berlusconi to be Prime Minister of Italy after the 2013 general election,5,8.0,Feb/06/2013 17:12:06
770015,ITALY.PM.BERLUSCONI,Silvio Berlusconi to be Prime Minister of Italy after the 2013 general election,20,5.0,Feb/07/2013 02:04:48
770015,ITALY.PM.BERLUSCONI,Silvio Berlusconi to be Prime Minister of Italy after the 2013 general election,9,5.5,Feb/07/2013 12:52:22
770015,ITALY.PM.BERLUSCONI,Silvio Berlusconi to be Prime Minister of Italy after the 2013 general election,5,5.5,Feb/07/2013 12:52:22
770015,ITALY.PM.BERLUSCONI,Silvio Berlusconi to be Prime Minister of Italy after the 2013 general election,5,5.5,Feb/08/2013 16:39:21
770015,ITALY.PM.BERLUSCONI,Silvio Berlusconi to be Prime Minister of Italy after the 2013 general election,5,5.0,Feb/08/2013 16:39:27
770015,ITALY.PM.BERLUSCONI,Silvio Berlusconi to be Prime Minister of Italy after the 2013 general election,30,4.9,Feb/08/2013 22:36:59
770015,ITALY.PM.BERLUSCONI,Silvio Berlusconi to be Prime Minister of Italy after the 2013 general election,5,4.0,Feb/10/2013 10:51:16
770015,ITALY.PM.BERLUSCONI,Silvio Berlusconi to be Prime Minister of Italy after the 2013 general election,5,5.6,Feb/10/2013 16:58:18
770015,ITALY.PM.BERLUSCONI,Silvio Berlusconi to be Prime Minister of Italy after the 2013 general election,5,6.4,Feb/11/2013 23:05:51
770015,ITALY.PM.BERLUSCONI,Silvio Berlusconi to be Prime Minister of Italy after the 2013 general election,5,5.2,Feb/12/2013 11:30:59
770015,ITALY.PM.BERLUSCONI,Silvio Berlusconi to be Prime Minister of Italy after the 2013 general election,2,5.0,Feb/12/2013 11:31:07
770015,ITALY.PM.BERLUSCONI,Silvio Berlusconi to be Prime Minister of Italy after the 2013 general election,20,4.9,Feb/12/2013 11:31:20
770015,ITALY.PM.BERLUSCONI,Silvio Berlusconi to be Prime Minister of Italy after the 2013 general election,1,4.9,Feb/12/2013 11:46:09
770015,ITALY.PM.BERLUSCONI,Silvio Berlusconi to be Prime Minister of Italy after the 2013 general election,1,4.9,Feb/12/2013 11:46:20
770015,ITALY.PM.BERLUSCONI,Silvio Berlusconi to be Prime Minister of Italy after the 2013 general election,1,4.9,Feb/12/2013 11:46:53
770015,ITALY.PM.BERLUSCONI,Silvio Berlusconi to be Prime Minister of Italy after the 2013 general election,1,4.9,Feb/12/2013 11:47:30
770015,ITALY.PM.BERLUSCONI,Silvio Berlusconi to be Prime Minister of Italy after the 2013 general election,1,4.9,Feb/12/2013 11:47:53
770015,ITALY.PM.BERLUSCONI,Silvio Berlusconi to be Prime Minister of Italy after the 2013 general election,1,4.9,Feb/12/2013 11:47:54
770015,ITALY.PM.BERLUSCONI,Silvio Berlusconi to be Prime Minister of Italy after the 2013 general election,1,4.9,Feb/12/2013 11:47:55
770015,ITALY.PM.BERLUSCONI,Silvio Berlusconi to be Prime Minister of Italy after the 2013 general election,1,4.9,Feb/12/2013 11:47:56
770015,ITALY.PM.BERLUSCONI,Silvio Berlusconi to be Prime Minister of Italy after the 2013 general election,1,4.9,Feb/12/2013 11:47:57
770015,ITALY.PM.BERLUSCONI,Silvio Berlusconi to be Prime Minister of Italy after the 2013 general election,1,4.9,Feb/12/2013 11:47:58
770015,ITALY.PM.BERLUSCONI,Silvio Berlusconi to be Prime Minister of Italy after the 2013 general election,1,3.9,Feb/12/2013 16:54:08
770015,ITALY.PM.BERLUSCONI,Silvio Berlusconi to be Prime Minister of Italy after the 2013 general election,5,3.5,Feb/12/2013 21:16:07
770015,ITALY.PM.BERLUSCONI,Silvio Berlusconi to be Prime Minister of Italy after the 2013 general election,5,2.6,Feb/12/2013 21:16:50
770015,ITALY.PM.BERLUSCONI,Silvio Berlusconi to be Prime Minister of Italy after the 2013 general election,5,2.1,Feb/12/2013 21:17:03
770015,ITALY.PM.BERLUSCONI,Silvio Berlusconi to be Prime Minister of Italy after the 2013 general election,5,2.0,Feb/12/2013 21:17:12
770015,ITALY.PM.BERLUSCONI,Silvio Berlusconi to be Prime Minister of Italy after the 2013 general election,2,2.2,Feb/16/2013 21:33:30
770015,ITALY.PM.BERLUSCONI,Silvio Berlusconi to be Prime Minister of Italy after the 2013 general election,1,4.4,Feb/19/2013 20:39:53
770015,ITALY.PM.BERLUSCONI,Silvio Berlusconi to be Prime Minister of Italy after the 2013 general election,1,4.7,Feb/19/2013 21:03:15
770015,ITALY.PM.BERLUSCONI,Silvio Berlusconi to be Prime Minister of Italy after the 2013 general election,1,3.4,Feb/21/2013 02:18:42
770015,ITALY.PM.BERLUSCONI,Silvio Berlusconi to be Prime Minister of Italy after the 2013 general election,1,3.4,Feb/21/2013 02:24:18
770015,ITALY.PM.BERLUSCONI,Silvio Berlusconi to be Prime Minister of Italy after the 2013 general election,1,3.4,Feb/21/2013 05:15:18
770015,ITALY.PM.BERLUSCONI,Silvio Berlusconi to be Prime Minister of Italy after the 2013 general election,1,3.4,Feb/21/2013 05:15:43
770015,ITALY.PM.BERLUSCONI,Silvio Berlusconi to be Prime Minister of Italy after the 2013 general election,1,3.4,Feb/21/2013 05:15:59
770015,ITALY.PM.BERLUSCONI,Silvio Berlusconi to be Prime Minister of Italy after the 2013 general election,1,4.4,Feb/21/2013 10:02:51
770015,ITALY.PM.BERLUSCONI,Silvio Berlusconi to be Prime Minister of Italy after the 2013 general election,4,4.4,Feb/21/2013 12:54:49
770015,ITALY.PM.BERLUSCONI,Silvio Berlusconi to be Prime Minister of Italy after the 2013 general election,5,4.4,Feb/21/2013 12:57:26
770015,ITALY.PM.BERLUSCONI,Silvio Berlusconi to be Prime Minister of Italy after the 2013 general election,5,4.9,Feb/22/2013 14:44:09
770015,ITALY.PM.BERLUSCONI,Silvio Berlusconi to be Prime Minister of Italy after the 2013 general election,1,5.0,Feb/22/2013 14:44:41
770015,ITALY.PM.BERLUSCONI,Silvio Berlusconi to be Prime Minister of Italy after the 2013 general election,5,5.0,Feb/22/2013 14:44:41
770015,ITALY.PM.BERLUSCONI,Silvio Berlusconi to be Prime Minister of Italy after the 2013 general election,5,5.0,Feb/22/2013 15:38:32
770015,ITALY.PM.BERLUSCONI,Silvio Berlusconi to be Prime Minister of Italy after the 2013 general election,5,5.0,Feb/22/2013 15:44:06
770015,ITALY.PM.BERLUSCONI,Silvio Berlusconi to be Prime Minister of Italy after the 2013 general election,7,5.4,Feb/22/2013 21:29:05
770015,ITALY.PM.BERLUSCONI,Silvio Berlusconi to be Prime Minister of Italy after the 2013 general election,9,5.9,Feb/22/2013 23:10:36
770015,ITALY.PM.BERLUSCONI,Silvio Berlusconi to be Prime Minister of Italy after the 2013 general election,2,6.0,Feb/23/2013 05:17:00
770015,ITALY.PM.BERLUSCONI,Silvio Berlusconi to be Prime Minister of Italy after the 2013 general election,5,6.0,Feb/23/2013 19:23:56
770015,ITALY.PM.BERLUSCONI,Silvio Berlusconi to be Prime Minister of Italy after the 2013 general election,1,6.3,Feb/23/2013 20:36:23
770015,ITALY.PM.BERLUSCONI,Silvio Berlusconi to be Prime Minister of Italy after the 2013 general election,11,6.4,Feb/23/2013 20:36:39
770015,ITALY.PM.BERLUSCONI,Silvio Berlusconi to be Prime Minister of Italy after the 2013 general election,2,6.0,Feb/23/2013 20:53:19
770015,ITALY.PM.BERLUSCONI,Silvio Berlusconi to be Prime Minister of Italy after the 2013 general election,1,6.0,Feb/23/2013 23:28:31
770015,ITALY.PM.BERLUSCONI,Silvio Berlusconi to be Prime Minister of Italy after the 2013 general election,1,5.9,Feb/24/2013 11:32:39
770015,ITALY.PM.BERLUSCONI,Silvio Berlusconi to be Prime Minister of Italy after the 2013 general election,2,5.9,Feb/24/2013 12:31:05
770015,ITALY.PM.BERLUSCONI,Silvio Berlusconi to be Prime Minister of Italy after the 2013 general election,19,5.9,Feb/24/2013 18:20:27
770015,ITALY.PM.BERLUSCONI,Silvio Berlusconi to be Prime Minister of Italy after the 2013 general election,9,5.9,Feb/24/2013 20:25:02
770015,ITALY.PM.BERLUSCONI,Silvio Berlusconi to be Prime Minister of Italy after the 2013 general election,16,5.0,Feb/24/2013 20:25:16
770015,ITALY.PM.BERLUSCONI,Silvio Berlusconi to be Prime Minister of Italy after the 2013 general election,1,5.0,Feb/24/2013 20:56:13
770015,ITALY.PM.BERLUSCONI,Silvio Berlusconi to be Prime Minister of Italy after the 2013 general election,1,6.3,Feb/24/2013 22:14:34
770015,ITALY.PM.BERLUSCONI,Silvio Berlusconi to be Prime Minister of Italy after the 2013 general election,20,6.5,Feb/24/2013 22:14:43
770015,ITALY.PM.BERLUSCONI,Silvio Berlusconi to be Prime Minister of Italy after the 2013 general election,6,6.9,Feb/24/2013 22:15:04
770015,ITALY.PM.BERLUSCONI,Silvio Berlusconi to be Prime Minister of Italy after the 2013 general election,30,7.0,Feb/24/2013 22:15:13
770015,ITALY.PM.BERLUSCONI,Silvio Berlusconi to be Prime Minister of Italy after the 2013 general election,2,5.1,Feb/24/2013 22:20:54
770015,ITALY.PM.BERLUSCONI,Silvio Berlusconi to be Prime Minister of Italy after the 2013 general election,2,5.0,Feb/24/2013 22:21:31
770015,ITALY.PM.BERLUSCONI,Silvio Berlusconi to be Prime Minister of Italy after the 2013 general election,1,5.0,Feb/24/2013 22:21:52
770015,ITALY.PM.BERLUSCONI,Silvio Berlusconi to be Prime Minister of Italy after the 2013 general election,1,4.7,Feb/24/2013 22:23:01
770015,ITALY.PM.BERLUSCONI,Silvio Berlusconi to be Prime Minister of Italy after the 2013 general election,2,4.7,Feb/24/2013 22:23:17
770015,ITALY.PM.BERLUSCONI,Silvio Berlusconi to be Prime Minister of Italy after the 2013 general election,1,2.2,Feb/24/2013 22:24:17
770015,ITALY.PM.BERLUSCONI,Silvio Berlusconi to be Prime Minister of Italy after the 2013 general election,5,2.3,Feb/25/2013 12:23:51
770015,ITALY.PM.BERLUSCONI,Silvio Berlusconi to be Prime Minister of Italy after the 2013 general election,7,2.2,Feb/25/2013 12:24:46
770015,ITALY.PM.BERLUSCONI,Silvio Berlusconi to be Prime Minister of Italy after the 2013 general election,5,1.0,Feb/25/2013 13:52:38
770015,ITALY.PM.BERLUSCONI,Silvio Berlusconi to be Prime Minister of Italy after the 2013 general election,5,1.0,Feb/25/2013 13:52:38
770015,ITALY.PM.BERLUSCONI,Silvio Berlusconi to be Prime Minister of Italy after the 2013 general election,5,1.0,Feb/25/2013 13:58:05
770015,ITALY.PM.BERLUSCONI,Silvio Berlusconi to be Prime Minister of Italy after the 2013 general election,5,1.0,Feb/25/2013 13:58:29
770015,ITALY.PM.BERLUSCONI,Silvio Berlusconi to be Prime Minister of Italy after the 2013 general election,20,1.4,Feb/25/2013 13:59:34
770015,ITALY.PM.BERLUSCONI,Silvio Berlusconi to be Prime Minister of Italy after the 2013 general election,2,1.0,Feb/25/2013 13:59:34
770015,ITALY.PM.BERLUSCONI,Silvio Berlusconi to be Prime Minister of Italy after the 2013 general election,1,1.0,Feb/25/2013 14:02:14
770015,ITALY.PM.BERLUSCONI,Silvio Berlusconi to be Prime Minister of Italy after the 2013 general election,1,1.0,Feb/25/2013 14:02:15
770015,ITALY.PM.BERLUSCONI,Silvio Berlusconi to be Prime Minister of Italy after the 2013 general election,1,1.0,Feb/25/2013 14:02:16
770015,ITALY.PM.BERLUSCONI,Silvio Berlusconi to be Prime Minister of Italy after the 2013 general election,1,1.0,Feb/25/2013 14:02:17
770015,ITALY.PM.BERLUSCONI,Silvio Berlusconi to be Prime Minister of Italy after the 2013 general election,1,1.0,Feb/25/2013 14:02:18
770015,ITALY.PM.BERLUSCONI,Silvio Berlusconi to be Prime Minister of Italy after the 2013 general election,1,1.0,Feb/25/2013 14:02:50
770015,ITALY.PM.BERLUSCONI,Silvio Berlusconi to be Prime Minister of Italy after the 2013 general election,1,1.0,Feb/25/2013 14:02:51
770015,ITALY.PM.BERLUSCONI,Silvio Berlusconi to be Prime Minister of Italy after the 2013 general election,1,1.0,Feb/25/2013 14:02:52
770015,ITALY.PM.BERLUSCONI,Silvio Berlusconi to be Prime Minister of Italy after the 2013 general election,1,1.0,Feb/25/2013 14:02:54
770015,ITALY.PM.BERLUSCONI,Silvio Berlusconi to be Prime Minister of Italy after the 2013 general election,1,1.0,Feb/25/2013 14:02:55
770015,ITALY.PM.BERLUSCONI,Silvio Berlusconi to be Prime Minister of Italy after the 2013 general election,1,0.6,Feb/25/2013 14:23:46
770015,ITALY.PM.BERLUSCONI,Silvio Berlusconi to be Prime Minister of Italy after the 2013 general election,1,0.6,Feb/25/2013 14:24:33
770015,ITALY.PM.BERLUSCONI,Silvio Berlusconi to be Prime Minister of Italy after the 2013 general election,18,0.6,Feb/25/2013 14:36:08
770015,ITALY.PM.BERLUSCONI,Silvio Berlusconi to be Prime Minister of Italy after the 2013 general election,4,0.4,Feb/25/2013 15:26:48
770015,ITALY.PM.BERLUSCONI,Silvio Berlusconi to be Prime Minister of Italy after the 2013 general election,1,0.4,Feb/25/2013 15:32:13
770015,ITALY.PM.BERLUSCONI,Silvio Berlusconi to be Prime Minister of Italy after the 2013 general election,1,0.4,Feb/25/2013 15:32:15
770015,ITALY.PM.BERLUSCONI,Silvio Berlusconi to be Prime Minister of Italy after the 2013 general election,1,0.4,Feb/25/2013 15:32:16
770015,ITALY.PM.BERLUSCONI,Silvio Berlusconi to be Prime Minister of Italy after the 2013 general election,1,0.4,Feb/25/2013 15:32:18
770015,ITALY.PM.BERLUSCONI,Silvio Berlusconi to be Prime Minister of Italy after the 2013 general election,1,0.4,Feb/25/2013 15:32:18
770015,ITALY.PM.BERLUSCONI,Silvio Berlusconi to be Prime Minister of Italy after the 2013 general election,1,0.4,Feb/25/2013 15:32:20
770015,ITALY.PM.BERLUSCONI,Silvio Berlusconi to be Prime Minister of Italy after the 2013 general election,1,0.4,Feb/25/2013 15:32:21
770015,ITALY.PM.BERLUSCONI,Silvio Berlusconi to be Prime Minister of Italy after the 2013 general election,1,0.4,Feb/25/2013 15:32:22
770015,ITALY.PM.BERLUSCONI,Silvio Berlusconi to be Prime Minister of Italy after the 2013 general election,2,0.4,Feb/25/2013 15:32:23
770015,ITALY.PM.BERLUSCONI,Silvio Berlusconi to be Prime Minister of Italy after the 2013 general election,1,0.4,Feb/25/2013 15:32:24
770015,ITALY.PM.BERLUSCONI,Silvio Berlusconi to be Prime Minister of Italy after the 2013 general election,1,0.4,Feb/25/2013 15:32:25
770015,ITALY.PM.BERLUSCONI,Silvio Berlusconi to be Prime Minister of Italy after the 2013 general election,1,0.4,Feb/25/2013 15:32:26
770015,ITALY.PM.BERLUSCONI,Silvio Berlusconi to be Prime Minister of Italy after the 2013 general election,2,0.3,Feb/25/2013 15:37:13
770015,ITALY.PM.BERLUSCONI,Silvio Berlusconi to be Prime Minister of Italy after the 2013 general election,1,0.3,Feb/25/2013 15:37:14
770015,ITALY.PM.BERLUSCONI,Silvio Berlusconi to be Prime Minister of Italy after the 2013 general election,5,0.3,Feb/25/2013 15:37:14
770015,ITALY.PM.BERLUSCONI,Silvio Berlusconi to be Prime Minister of Italy after the 2013 general election,1,0.3,Feb/25/2013 15:37:15
770015,ITALY.PM.BERLUSCONI,Silvio Berlusconi to be Prime Minister of Italy after the 2013 general election,1,0.3,Feb/25/2013 15:37:16
770015,ITALY.PM.BERLUSCONI,Silvio Berlusconi to be Prime Minister of Italy after the 2013 general election,1,0.3,Feb/25/2013 15:37:17
770015,ITALY.PM.BERLUSCONI,Silvio Berlusconi to be Prime Minister of Italy after the 2013 general election,1,0.3,Feb/25/2013 15:37:18
770015,ITALY.PM.BERLUSCONI,Silvio Berlusconi to be Prime Minister of Italy after the 2013 general election,10,0.3,Feb/25/2013 15:40:21
770015,ITALY.PM.BERLUSCONI,Silvio Berlusconi to be Prime Minister of Italy after the 2013 general election,67,0.3,Feb/25/2013 15:41:04
770015,ITALY.PM.BERLUSCONI,Silvio Berlusconi to be Prime Minister of Italy after the 2013 general election,3,0.4,Feb/25/2013 15:42:45
770015,ITALY.PM.BERLUSCONI,Silvio Berlusconi to be Prime Minister of Italy after the 2013 general election,2,0.4,Feb/25/2013 15:42:47
770015,ITALY.PM.BERLUSCONI,Silvio Berlusconi to be Prime Minister of Italy after the 2013 general election,1,0.4,Feb/25/2013 15:42:48
770015,ITALY.PM.BERLUSCONI,Silvio Berlusconi to be Prime Minister of Italy after the 2013 general election,1,0.4,Feb/25/2013 15:42:49
770015,ITALY.PM.BERLUSCONI,Silvio Berlusconi to be Prime Minister of Italy after the 2013 general election,1,0.4,Feb/25/2013 15:42:50
770015,ITALY.PM.BERLUSCONI,Silvio Berlusconi to be Prime Minister of Italy after the 2013 general election,1,0.4,Feb/25/2013 15:42:51
770015,ITALY.PM.BERLUSCONI,Silvio Berlusconi to be Prime Minister of Italy after the 2013 general election,1,0.4,Feb/25/2013 15:42:52
770015,ITALY.PM.BERLUSCONI,Silvio Berlusconi to be Prime Minister of Italy after the 2013 general election,10,0.1,Feb/25/2013 15:47:23
770015,ITALY.PM.BERLUSCONI,Silvio Berlusconi to be Prime Minister of Italy after the 2013 general election,38,0.4,Feb/25/2013 15:54:25
770015,ITALY.PM.BERLUSCONI,Silvio Berlusconi to be Prime Minister of Italy after the 2013 general election,1,0.6,Feb/25/2013 15:55:15
770015,ITALY.PM.BERLUSCONI,Silvio Berlusconi to be Prime Minister of Italy after the 2013 general election,26,0.6,Feb/25/2013 15:55:41
770015,ITALY.PM.BERLUSCONI,Silvio Berlusconi to be Prime Minister of Italy after the 2013 general election,4,1.4,Feb/25/2013 16:05:23
770015,ITALY.PM.BERLUSCONI,Silvio Berlusconi to be Prime Minister of Italy after the 2013 general election,5,6.0,Feb/25/2013 16:07:47
770015,ITALY.PM.BERLUSCONI,Silvio Berlusconi to be Prime Minister of Italy after the 2013 general election,5,3.0,Feb/25/2013 16:07:47
770015,ITALY.PM.BERLUSCONI,Silvio Berlusconi to be Prime Minister of Italy after the 2013 general election,5,5.0,Feb/25/2013 16:07:47
770015,ITALY.PM.BERLUSCONI,Silvio Berlusconi to be Prime Minister of Italy after the 2013 general election,1,1.4,Feb/25/2013 16:07:47
770015,ITALY.PM.BERLUSCONI,Silvio Berlusconi to be Prime Minister of Italy after the 2013 general election,1,2.6,Feb/25/2013 16:07:47
770015,ITALY.PM.BERLUSCONI,Silvio Berlusconi to be Prime Minister of Italy after the 2013 general election,1,6.0,Feb/25/2013 16:07:50
770015,ITALY.PM.BERLUSCONI,Silvio Berlusconi to be Prime Minister of Italy after the 2013 general election,1,6.0,Feb/25/2013 16:07:51
770015,ITALY.PM.BERLUSCONI,Silvio Berlusconi to be Prime Minister of Italy after the 2013 general election,1,6.0,Feb/25/2013 16:07:52
770015,ITALY.PM.BERLUSCONI,Silvio Berlusconi to be Prime Minister of Italy after the 2013 general election,1,6.0,Feb/25/2013 16:07:53
770015,ITALY.PM.BERLUSCONI,Silvio Berlusconi to be Prime Minister of Italy after the 2013 general election,5,6.0,Feb/25/2013 16:08:54
770015,ITALY.PM.BERLUSCONI,Silvio Berlusconi to be Prime Minister of Italy after the 2013 general election,1,6.0,Feb/25/2013 16:14:44
770015,ITALY.PM.BERLUSCONI,Silvio Berlusconi to be Prime Minister of Italy after the 2013 general election,1,3.4,Feb/25/2013 16:16:33
770015,ITALY.PM.BERLUSCONI,Silvio Berlusconi to be Prime Minister of Italy after the 2013 general election,1,3.4,Feb/25/2013 16:16:34
770015,ITALY.PM.BERLUSCONI,Silvio Berlusconi to be Prime Minister of Italy after the 2013 general election,1,4.5,Feb/25/2013 16:51:47
770015,ITALY.PM.BERLUSCONI,Silvio Berlusconi to be Prime Minister of Italy after the 2013 general election,1,9.0,Feb/25/2013 17:01:14
770015,ITALY.PM.BERLUSCONI,Silvio Berlusconi to be Prime Minister of Italy after the 2013 general election,1,11.0,Feb/25/2013 17:01:25
770015,ITALY.PM.BERLUSCONI,Silvio Berlusconi to be Prime Minister of Italy after the 2013 general election,1,13.0,Feb/25/2013 17:01:44
770015,ITALY.PM.BERLUSCONI,Silvio Berlusconi to be Prime Minister of Italy after the 2013 general election,1,13.0,Feb/25/2013 17:01:55
770015,ITALY.PM.BERLUSCONI,Silvio Berlusconi to be Prime Minister of Italy after the 2013 general election,1,13.0,Feb/25/2013 17:02:05
770015,ITALY.PM.BERLUSCONI,Silvio Berlusconi to be Prime Minister of Italy after the 2013 general election,5,12.5,Feb/25/2013 17:07:20
770015,ITALY.PM.BERLUSCONI,Silvio Berlusconi to be Prime Minister of Italy after the 2013 general election,1,3.0,Feb/25/2013 18:40:56
770015,ITALY.PM.BERLUSCONI,Silvio Berlusconi to be Prime Minister of Italy after the 2013 general election,1,3.0,Feb/25/2013 18:41:03
770015,ITALY.PM.BERLUSCONI,Silvio Berlusconi to be Prime Minister of Italy after the 2013 general election,1,3.0,Feb/25/2013 18:41:08
770015,ITALY.PM.BERLUSCONI,Silvio Berlusconi to be Prime Minister of Italy after the 2013 general election,1,3.0,Feb/25/2013 18:41:14
770015,ITALY.PM.BERLUSCONI,Silvio Berlusconi to be Prime Minister of Italy after the 2013 general election,1,3.0,Feb/25/2013 18:41:19
770015,ITALY.PM.BERLUSCONI,Silvio Berlusconi to be Prime Minister of Italy after the 2013 general election,1,2.0,Feb/25/2013 18:41:27
770015,ITALY.PM.BERLUSCONI,Silvio Berlusconi to be Prime Minister of Italy after the 2013 general election,1,2.0,Feb/25/2013 18:41:33
770015,ITALY.PM.BERLUSCONI,Silvio Berlusconi to be Prime Minister of Italy after the 2013 general election,2,2.0,Feb/25/2013 18:41:46
770015,ITALY.PM.BERLUSCONI,Silvio Berlusconi to be Prime Minister of Italy after the 2013 general election,2,2.0,Feb/25/2013 18:42:28
770015,ITALY.PM.BERLUSCONI,Silvio Berlusconi to be Prime Minister of Italy after the 2013 general election,1,2.0,Feb/25/2013 18:42:30
770015,ITALY.PM.BERLUSCONI,Silvio Berlusconi to be Prime Minister of Italy after the 2013 general election,1,2.0,Feb/25/2013 18:42:34
770015,ITALY.PM.BERLUSCONI,Silvio Berlusconi to be Prime Minister of Italy after the 2013 general election,1,2.0,Feb/25/2013 18:42:35
770015,ITALY.PM.BERLUSCONI,Silvio Berlusconi to be Prime Minister of Italy after the 2013 general election,1,2.0,Feb/25/2013 18:42:36
770015,ITALY.PM.BERLUSCONI,Silvio Berlusconi to be Prime Minister of Italy after the 2013 general election,1,1.0,Feb/25/2013 18:42:47
770015,ITALY.PM.BERLUSCONI,Silvio Berlusconi to be Prime Minister of Italy after the 2013 general election,1,1.0,Feb/25/2013 18:42:54
770015,ITALY.PM.BERLUSCONI,Silvio Berlusconi to be Prime Minister of Italy after the 2013 general election,1,1.0,Feb/25/2013 18:43:01
770015,ITALY.PM.BERLUSCONI,Silvio Berlusconi to be Prime Minister of Italy after the 2013 general election,1,1.0,Feb/25/2013 18:43:08
770015,ITALY.PM.BERLUSCONI,Silvio Berlusconi to be Prime Minister of Italy after the 2013 general election,1,1.0,Feb/25/2013 18:44:27
770015,ITALY.PM.BERLUSCONI,Silvio Berlusconi to be Prime Minister of Italy after the 2013 general election,1,1.0,Feb/25/2013 18:44:31
770015,ITALY.PM.BERLUSCONI,Silvio Berlusconi to be Prime Minister of Italy after the 2013 general election,1,1.0,Feb/25/2013 18:44:37
770015,ITALY.PM.BERLUSCONI,Silvio Berlusconi to be Prime Minister of Italy after the 2013 general election,1,1.0,Feb/25/2013 18:44:45
770015,ITALY.PM.BERLUSCONI,Silvio Berlusconi to be Prime Minister of Italy after the 2013 general election,1,1.0,Feb/25/2013 18:46:46
770015,ITALY.PM.BERLUSCONI,Silvio Berlusconi to be Prime Minister of Italy after the 2013 general election,1,1.0,Feb/25/2013 18:46:47
770015,ITALY.PM.BERLUSCONI,Silvio Berlusconi to be Prime Minister of Italy after the 2013 general election,1,0.5,Feb/25/2013 18:46:48
770015,ITALY.PM.BERLUSCONI,Silvio Berlusconi to be Prime Minister of Italy after the 2013 general election,1,0.5,Feb/25/2013 18:46:49
770015,ITALY.PM.BERLUSCONI,Silvio Berlusconi to be Prime Minister of Italy after the 2013 general election,1,0.5,Feb/25/2013 18:46:50
770015,ITALY.PM.BERLUSCONI,Silvio Berlusconi to be Prime Minister of Italy after the 2013 general election,1,0.5,Feb/25/2013 18:46:51
770015,ITALY.PM.BERLUSCONI,Silvio Berlusconi to be Prime Minister of Italy after the 2013 general election,2,0.5,Feb/25/2013 18:46:52
770015,ITALY.PM.BERLUSCONI,Silvio Berlusconi to be Prime Minister of Italy after the 2013 general election,1,0.5,Feb/25/2013 18:46:54
770015,ITALY.PM.BERLUSCONI,Silvio Berlusconi to be Prime Minister of Italy after the 2013 general election,1,0.5,Feb/25/2013 18:46:55
770015,ITALY.PM.BERLUSCONI,Silvio Berlusconi to be Prime Minister of Italy after the 2013 general election,1,0.5,Feb/25/2013 18:46:56
770015,ITALY.PM.BERLUSCONI,Silvio Berlusconi to be Prime Minister of Italy after the 2013 general election,1,1.0,Feb/25/2013 18:51:44
770015,ITALY.PM.BERLUSCONI,Silvio Berlusconi to be Prime Minister of Italy after the 2013 general election,1,1.0,Feb/25/2013 18:52:10
770015,ITALY.PM.BERLUSCONI,Silvio Berlusconi to be Prime Minister of Italy after the 2013 general election,8,1.0,Feb/25/2013 19:04:37
770015,ITALY.PM.BERLUSCONI,Silvio Berlusconi to be Prime Minister of Italy after the 2013 general election,10,1.5,Feb/25/2013 19:06:34
770015,ITALY.PM.BERLUSCONI,Silvio Berlusconi to be Prime Minister of Italy after the 2013 general election,1,2.5,Feb/25/2013 19:13:29
770015,ITALY.PM.BERLUSCONI,Silvio Berlusconi to be Prime Minister of Italy after the 2013 general election,9,2.5,Feb/25/2013 19:20:41
770015,ITALY.PM.BERLUSCONI,Silvio Berlusconi to be Prime Minister of Italy after the 2013 general election,1,3.9,Feb/25/2013 19:24:26
770015,ITALY.PM.BERLUSCONI,Silvio Berlusconi to be Prime Minister of Italy after the 2013 general election,1,3.5,Feb/25/2013 19:46:07
770015,ITALY.PM.BERLUSCONI,Silvio Berlusconi to be Prime Minister of Italy after the 2013 general election,1,3.5,Feb/25/2013 19:54:31
770015,ITALY.PM.BERLUSCONI,Silvio Berlusconi to be Prime Minister of Italy after the 2013 general election,4,3.9,Feb/25/2013 19:55:29
770015,ITALY.PM.BERLUSCONI,Silvio Berlusconi to be Prime Minister of Italy after the 2013 general election,6,4.4,Feb/25/2013 19:55:29
770015,ITALY.PM.BERLUSCONI,Silvio Berlusconi to be Prime Minister of Italy after the 2013 general election,1,4.9,Feb/25/2013 20:30:15
770015,ITALY.PM.BERLUSCONI,Silvio Berlusconi to be Prime Minister of Italy after the 2013 general election,6,4.9,Feb/25/2013 20:33:11
770015,ITALY.PM.BERLUSCONI,Silvio Berlusconi to be Prime Minister of Italy after the 2013 general election,1,5.4,Feb/25/2013 20:33:51
770015,ITALY.PM.BERLUSCONI,Silvio Berlusconi to be Prime Minister of Italy after the 2013 general election,1,5.4,Feb/25/2013 20:41:25
770015,ITALY.PM.BERLUSCONI,Silvio Berlusconi to be Prime Minister of Italy after the 2013 general election,1,5.4,Feb/25/2013 20:41:26
770015,ITALY.PM.BERLUSCONI,Silvio Berlusconi to be Prime Minister of Italy after the 2013 general election,1,5.4,Feb/25/2013 20:41:27
770015,ITALY.PM.BERLUSCONI,Silvio Berlusconi to be Prime Minister of Italy after the 2013 general election,1,5.4,Feb/25/2013 20:41:28
770015,ITALY.PM.BERLUSCONI,Silvio Berlusconi to be Prime Minister of Italy after the 2013 general election,1,5.4,Feb/25/2013 20:41:29
770015,ITALY.PM.BERLUSCONI,Silvio Berlusconi to be Prime Minister of Italy after the 2013 general election,1,5.4,Feb/25/2013 20:41:30
770015,ITALY.PM.BERLUSCONI,Silvio Berlusconi to be Prime Minister of Italy after the 2013 general election,1,5.4,Feb/25/2013 20:41:32
770015,ITALY.PM.BERLUSCONI,Silvio Berlusconi to be Prime Minister of Italy after the 2013 general election,1,5.9,Feb/25/2013 21:00:49
770015,ITALY.PM.BERLUSCONI,Silvio Berlusconi to be Prime Minister of Italy after the 2013 general election,1,5.9,Feb/25/2013 21:01:10
770015,ITALY.PM.BERLUSCONI,Silvio Berlusconi to be Prime Minister of Italy after the 2013 general election,1,5.8,Feb/25/2013 21:07:20
770015,ITALY.PM.BERLUSCONI,Silvio Berlusconi to be Prime Minister of Italy after the 2013 general election,1,5.8,Feb/25/2013 21:07:40
770015,ITALY.PM.BERLUSCONI,Silvio Berlusconi to be Prime Minister of Italy after the 2013 general election,1,5.8,Feb/25/2013 21:08:08
770015,ITALY.PM.BERLUSCONI,Silvio Berlusconi to be Prime Minister of Italy after the 2013 general election,1,5.9,Feb/25/2013 21:08:20
770015,ITALY.PM.BERLUSCONI,Silvio Berlusconi to be Prime Minister of Italy after the 2013 general election,1,5.9,Feb/25/2013 21:08:33
770015,ITALY.PM.BERLUSCONI,Silvio Berlusconi to be Prime Minister of Italy after the 2013 general election,1,5.9,Feb/25/2013 21:09:10
770015,ITALY.PM.BERLUSCONI,Silvio Berlusconi to be Prime Minister of Italy after the 2013 general election,1,6.4,Feb/25/2013 21:10:09
770015,ITALY.PM.BERLUSCONI,Silvio Berlusconi to be Prime Minister of Italy after the 2013 general election,1,6.4,Feb/25/2013 21:10:21
770015,ITALY.PM.BERLUSCONI,Silvio Berlusconi to be Prime Minister of Italy after the 2013 general election,1,6.4,Feb/25/2013 21:10:37
770015,ITALY.PM.BERLUSCONI,Silvio Berlusconi to be Prime Minister of Italy after the 2013 general election,1,6.4,Feb/25/2013 21:10:46
770015,ITALY.PM.BERLUSCONI,Silvio Berlusconi to be Prime Minister of Italy after the 2013 general election,1,6.4,Feb/25/2013 21:10:57
770015,ITALY.PM.BERLUSCONI,Silvio Berlusconi to be Prime Minister of Italy after the 2013 general election,1,6.4,Feb/25/2013 21:11:17
770015,ITALY.PM.BERLUSCONI,Silvio Berlusconi to be Prime Minister of Italy after the 2013 general election,1,6.9,Feb/25/2013 21:13:36
770015,ITALY.PM.BERLUSCONI,Silvio Berlusconi to be Prime Minister of Italy after the 2013 general election,1,6.9,Feb/25/2013 21:13:53
770015,ITALY.PM.BERLUSCONI,Silvio Berlusconi to be Prime Minister of Italy after the 2013 general election,1,6.9,Feb/25/2013 21:14:09
770015,ITALY.PM.BERLUSCONI,Silvio Berlusconi to be Prime Minister of Italy after the 2013 general election,1,6.9,Feb/25/2013 21:14:20
770015,ITALY.PM.BERLUSCONI,Silvio Berlusconi to be Prime Minister of Italy after the 2013 general election,1,6.0,Feb/25/2013 21:21:07
770015,ITALY.PM.BERLUSCONI,Silvio Berlusconi to be Prime Minister of Italy after the 2013 general election,1,5.8,Feb/25/2013 21:24:10
770015,ITALY.PM.BERLUSCONI,Silvio Berlusconi to be Prime Minister of Italy after the 2013 general election,1,6.0,Feb/25/2013 21:24:31
770015,ITALY.PM.BERLUSCONI,Silvio Berlusconi to be Prime Minister of Italy after the 2013 general election,1,5.9,Feb/25/2013 21:34:08
770015,ITALY.PM.BERLUSCONI,Silvio Berlusconi to be Prime Minister of Italy after the 2013 general election,1,5.9,Feb/25/2013 21:36:54
770015,ITALY.PM.BERLUSCONI,Silvio Berlusconi to be Prime Minister of Italy after the 2013 general election,5,4.1,Feb/25/2013 21:54:16
770015,ITALY.PM.BERLUSCONI,Silvio Berlusconi to be Prime Minister of Italy after the 2013 general election,1,5.6,Feb/25/2013 21:55:02
770015,ITALY.PM.BERLUSCONI,Silvio Berlusconi to be Prime Minister of Italy after the 2013 general election,1,5.6,Feb/25/2013 21:55:14
770015,ITALY.PM.BERLUSCONI,Silvio Berlusconi to be Prime Minister of Italy after the 2013 general election,1,5.6,Feb/25/2013 21:56:05
770015,ITALY.PM.BERLUSCONI,Silvio Berlusconi to be Prime Minister of Italy after the 2013 general election,1,5.6,Feb/25/2013 21:56:37
770015,ITALY.PM.BERLUSCONI,Silvio Berlusconi to be Prime Minister of Italy after the 2013 general election,1,4.8,Feb/25/2013 22:12:26
770015,ITALY.PM.BERLUSCONI,Silvio Berlusconi to be Prime Minister of Italy after the 2013 general election,1,4.0,Feb/25/2013 22:39:22
770015,ITALY.PM.BERLUSCONI,Silvio Berlusconi to be Prime Minister of Italy after the 2013 general election,1,5.0,Feb/25/2013 22:39:32
770015,ITALY.PM.BERLUSCONI,Silvio Berlusconi to be Prime Minister of Italy after the 2013 general election,1,5.4,Feb/25/2013 22:39:42
770015,ITALY.PM.BERLUSCONI,Silvio Berlusconi to be Prime Minister of Italy after the 2013 general election,1,5.6,Feb/25/2013 22:39:51
770015,ITALY.PM.BERLUSCONI,Silvio Berlusconi to be Prime Minister of Italy after the 2013 general election,1,3.7,Feb/25/2013 22:42:18
770015,ITALY.PM.BERLUSCONI,Silvio Berlusconi to be Prime Minister of Italy after the 2013 general election,1,1.0,Feb/25/2013 23:02:08
770015,ITALY.PM.BERLUSCONI,Silvio Berlusconi to be Prime Minister of Italy after the 2013 general election,1,4.9,Feb/25/2013 23:09:42
770015,ITALY.PM.BERLUSCONI,Silvio Berlusconi to be Prime Minister of Italy after the 2013 general election,1,5.2,Feb/25/2013 23:09:50
770015,ITALY.PM.BERLUSCONI,Silvio Berlusconi to be Prime Minister of Italy after the 2013 general election,1,5.1,Feb/25/2013 23:33:05
770015,ITALY.PM.BERLUSCONI,Silvio Berlusconi to be Prime Minister of Italy after the 2013 general election,1,3.3,Feb/26/2013 02:04:57
770015,ITALY.PM.BERLUSCONI,Silvio Berlusconi to be Prime Minister of Italy after the 2013 general election,3,1.8,Feb/26/2013 08:18:02
770015,ITALY.PM.BERLUSCONI,Silvio Berlusconi to be Prime Minister of Italy after the 2013 general election,1,3.3,Feb/26/2013 08:27:48
770015,ITALY.PM.BERLUSCONI,Silvio Berlusconi to be Prime Minister of Italy after the 2013 general election,9,3.5,Feb/26/2013 08:27:48
770015,ITALY.PM.BERLUSCONI,Silvio Berlusconi to be Prime Minister of Italy after the 2013 general election,3,1.8,Feb/26/2013 08:56:23
770015,ITALY.PM.BERLUSCONI,Silvio Berlusconi to be Prime Minister of Italy after the 2013 general election,1,3.1,Feb/26/2013 09:07:23
770015,ITALY.PM.BERLUSCONI,Silvio Berlusconi to be Prime Minister of Italy after the 2013 general election,5,3.1,Feb/26/2013 09:07:53
770015,ITALY.PM.BERLUSCONI,Silvio Berlusconi to be Prime Minister of Italy after the 2013 general election,1,3.3,Feb/26/2013 09:40:49
770015,ITALY.PM.BERLUSCONI,Silvio Berlusconi to be Prime Minister of Italy after the 2013 general election,14,1.6,Feb/26/2013 10:05:50
770015,ITALY.PM.BERLUSCONI,Silvio Berlusconi to be Prime Minister of Italy after the 2013 general election,15,1.5,Feb/26/2013 10:05:50
770015,ITALY.PM.BERLUSCONI,Silvio Berlusconi to be Prime Minister of Italy after the 2013 general election,1,3.2,Feb/26/2013 11:49:35
770015,ITALY.PM.BERLUSCONI,Silvio Berlusconi to be Prime Minister of Italy after the 2013 general election,1,3.2,Feb/26/2013 11:50:08
770015,ITALY.PM.BERLUSCONI,Silvio Berlusconi to be Prime Minister of Italy after the 2013 general election,1,1.2,Feb/26/2013 14:49:41
770015,ITALY.PM.BERLUSCONI,Silvio Berlusconi to be Prime Minister of Italy after the 2013 general election,1,1.2,Feb/26/2013 14:52:52
770015,ITALY.PM.BERLUSCONI,Silvio Berlusconi to be Prime Minister of Italy after the 2013 general election,1,1.0,Feb/26/2013 14:58:28
770015,ITALY.PM.BERLUSCONI,Silvio Berlusconi to be Prime Minister of Italy after the 2013 general election,1,1.0,Feb/26/2013 15:16:44
770015,ITALY.PM.BERLUSCONI,Silvio Berlusconi to be Prime Minister of Italy after the 2013 general election,1,1.0,Feb/26/2013 15:17:18
770015,ITALY.PM.BERLUSCONI,Silvio Berlusconi to be Prime Minister of Italy after the 2013 general election,2,1.0,Feb/26/2013 15:44:32
770015,ITALY.PM.BERLUSCONI,Silvio Berlusconi to be Prime Minister of Italy after the 2013 general election,1,1.0,Feb/26/2013 15:44:51
770015,ITALY.PM.BERLUSCONI,Silvio Berlusconi to be Prime Minister of Italy after the 2013 general election,1,1.0,Feb/26/2013 15:45:07
770015,ITALY.PM.BERLUSCONI,Silvio Berlusconi to be Prime Minister of Italy after the 2013 general election,1,1.0,Feb/26/2013 15:45:18
770015,ITALY.PM.BERLUSCONI,Silvio Berlusconi to be Prime Minister of Italy after the 2013 general election,1,1.0,Feb/26/2013 15:45:30
770015,ITALY.PM.BERLUSCONI,Silvio Berlusconi to be Prime Minister of Italy after the 2013 general election,1,1.0,Feb/26/2013 15:46:25
770015,ITALY.PM.BERLUSCONI,Silvio Berlusconi to be Prime Minister of Italy after the 2013 general election,1,0.2,Feb/26/2013 16:38:53
770015,ITALY.PM.BERLUSCONI,Silvio Berlusconi to be Prime Minister of Italy after the 2013 general election,1,0.5,Feb/26/2013 17:26:23
770015,ITALY.PM.BERLUSCONI,Silvio Berlusconi to be Prime Minister of Italy after the 2013 general election,1,0.5,Feb/26/2013 17:53:46
770015,ITALY.PM.BERLUSCONI,Silvio Berlusconi to be Prime Minister of Italy after the 2013 general election,4,2.1,Feb/26/2013 19:23:21
770015,ITALY.PM.BERLUSCONI,Silvio Berlusconi to be Prime Minister of Italy after the 2013 general election,1,2.1,Feb/26/2013 21:55:02
770015,ITALY.PM.BERLUSCONI,Silvio Berlusconi to be Prime Minister of Italy after the 2013 general election,31,3.0,Feb/27/2013 07:10:24
770015,ITALY.PM.BERLUSCONI,Silvio Berlusconi to be Prime Minister of Italy after the 2013 general election,3,2.8,Feb/27/2013 07:10:24
770015,ITALY.PM.BERLUSCONI,Silvio Berlusconi to be Prime Minister of Italy after the 2013 general election,4,2.8,Feb/27/2013 11:41:11
770015,ITALY.PM.BERLUSCONI,Silvio Berlusconi to be Prime Minister of Italy after the 2013 general election,4,2.8,Feb/27/2013 11:41:25
770015,ITALY.PM.BERLUSCONI,Silvio Berlusconi to be Prime Minister of Italy after the 2013 general election,3,2.8,Feb/27/2013 12:48:07
770015,ITALY.PM.BERLUSCONI,Silvio Berlusconi to be Prime Minister of Italy after the 2013 general election,2,2.8,Feb/27/2013 12:52:18
770015,ITALY.PM.BERLUSCONI,Silvio Berlusconi to be Prime Minister of Italy after the 2013 general election,2,2.8,Feb/27/2013 12:54:24
770015,ITALY.PM.BERLUSCONI,Silvio Berlusconi to be Prime Minister of Italy after the 2013 general election,1,2.8,Feb/27/2013 12:57:56
770015,ITALY.PM.BERLUSCONI,Silvio Berlusconi to be Prime Minister of Italy after the 2013 general election,1,2.8,Feb/27/2013 12:58:36
770015,ITALY.PM.BERLUSCONI,Silvio Berlusconi to be Prime Minister of Italy after the 2013 general election,2,2.4,Feb/27/2013 14:39:41
770015,ITALY.PM.BERLUSCONI,Silvio Berlusconi to be Prime Minister of Italy after the 2013 general election,1,2.5,Feb/27/2013 14:39:47
770015,ITALY.PM.BERLUSCONI,Silvio Berlusconi to be Prime Minister of Italy after the 2013 general election,1,2.1,Feb/27/2013 14:49:09
770015,ITALY.PM.BERLUSCONI,Silvio Berlusconi to be Prime Minister of Italy after the 2013 general election,1,2.1,Feb/27/2013 14:49:10
770015,ITALY.PM.BERLUSCONI,Silvio Berlusconi to be Prime Minister of Italy after the 2013 general election,1,2.1,Feb/27/2013 14:49:11
770015,ITALY.PM.BERLUSCONI,Silvio Berlusconi to be Prime Minister of Italy after the 2013 general election,1,2.1,Feb/27/2013 18:53:40
770015,ITALY.PM.BERLUSCONI,Silvio Berlusconi to be Prime Minister of Italy after the 2013 general election,1,2.1,Feb/27/2013 18:53:42
770015,ITALY.PM.BERLUSCONI,Silvio Berlusconi to be Prime Minister of Italy after the 2013 general election,1,2.1,Feb/27/2013 18:53:43
770015,ITALY.PM.BERLUSCONI,Silvio Berlusconi to be Prime Minister of Italy after the 2013 general election,1,2.1,Feb/27/2013 18:53:44
770015,ITALY.PM.BERLUSCONI,Silvio Berlusconi to be Prime Minister of Italy after the 2013 general election,1,2.1,Feb/27/2013 18:53:45
770015,ITALY.PM.BERLUSCONI,Silvio Berlusconi to be Prime Minister of Italy after the 2013 general election,1,2.1,Feb/27/2013 18:53:47
770015,ITALY.PM.BERLUSCONI,Silvio Berlusconi to be Prime Minister of Italy after the 2013 general election,2,2.1,Feb/27/2013 18:53:49
770015,ITALY.PM.BERLUSCONI,Silvio Berlusconi to be Prime Minister of Italy after the 2013 general election,2,2.1,Feb/27/2013 18:53:50
770015,ITALY.PM.BERLUSCONI,Silvio Berlusconi to be Prime Minister of Italy after the 2013 general election,1,2.1,Feb/27/2013 18:53:51
770015,ITALY.PM.BERLUSCONI,Silvio Berlusconi to be Prime Minister of Italy after the 2013 general election,1,2.1,Feb/27/2013 18:53:52
770015,ITALY.PM.BERLUSCONI,Silvio Berlusconi to be Prime Minister of Italy after the 2013 general election,1,2.1,Feb/27/2013 18:53:53
770015,ITALY.PM.BERLUSCONI,Silvio Berlusconi to be Prime Minister of Italy after the 2013 general election,1,2.1,Feb/27/2013 18:53:54
770015,ITALY.PM.BERLUSCONI,Silvio Berlusconi to be Prime Minister of Italy after the 2013 general election,1,2.1,Feb/27/2013 18:53:55
770015,ITALY.PM.BERLUSCONI,Silvio Berlusconi to be Prime Minister of Italy after the 2013 general election,1,2.1,Feb/27/2013 18:53:57
770015,ITALY.PM.BERLUSCONI,Silvio Berlusconi to be Prime Minister of Italy after the 2013 general election,1,2.1,Feb/27/2013 18:53:59
770015,ITALY.PM.BERLUSCONI,Silvio Berlusconi to be Prime Minister of Italy after the 2013 general election,1,2.1,Feb/27/2013 18:54:00
770015,ITALY.PM.BERLUSCONI,Silvio Berlusconi to be Prime Minister of Italy after the 2013 general election,2,2.1,Feb/27/2013 18:54:01
770015,ITALY.PM.BERLUSCONI,Silvio Berlusconi to be Prime Minister of Italy after the 2013 general election,2,2.1,Feb/27/2013 18:54:02
770015,ITALY.PM.BERLUSCONI,Silvio Berlusconi to be Prime Minister of Italy after the 2013 general election,1,2.1,Feb/27/2013 18:54:03
770015,ITALY.PM.BERLUSCONI,Silvio Berlusconi to be Prime Minister of Italy after the 2013 general election,1,2.1,Feb/27/2013 18:54:04
770015,ITALY.PM.BERLUSCONI,Silvio Berlusconi to be Prime Minister of Italy after the 2013 general election,1,2.1,Feb/27/2013 18:54:05
770015,ITALY.PM.BERLUSCONI,Silvio Berlusconi to be Prime Minister of Italy after the 2013 general election,2,2.1,Feb/27/2013 18:54:06
770015,ITALY.PM.BERLUSCONI,Silvio Berlusconi to be Prime Minister of Italy after the 2013 general election,2,2.1,Feb/27/2013 18:54:07
770015,ITALY.PM.BERLUSCONI,Silvio Berlusconi to be Prime Minister of Italy after the 2013 general election,2,2.1,Feb/27/2013 18:54:08
770015,ITALY.PM.BERLUSCONI,Silvio Berlusconi to be Prime Minister of Italy after the 2013 general election,1,2.1,Feb/27/2013 18:54:09
770015,ITALY.PM.BERLUSCONI,Silvio Berlusconi to be Prime Minister of Italy after the 2013 general election,1,2.1,Feb/27/2013 18:54:10
770015,ITALY.PM.BERLUSCONI,Silvio Berlusconi to be Prime Minister of Italy after the 2013 general election,1,2.1,Feb/27/2013 18:54:11
770015,ITALY.PM.BERLUSCONI,Silvio Berlusconi to be Prime Minister of Italy after the 2013 general election,1,2.1,Feb/27/2013 18:54:13
770015,ITALY.PM.BERLUSCONI,Silvio Berlusconi to be Prime Minister of Italy after the 2013 general election,1,2.1,Feb/27/2013 18:54:14
770015,ITALY.PM.BERLUSCONI,Silvio Berlusconi to be Prime Minister of Italy after the 2013 general election,1,2.1,Feb/27/2013 18:54:15
770015,ITALY.PM.BERLUSCONI,Silvio Berlusconi to be Prime Minister of Italy after the 2013 general election,1,2.1,Feb/27/2013 18:54:16
770015,ITALY.PM.BERLUSCONI,Silvio Berlusconi to be Prime Minister of Italy after the 2013 general election,9,2.1,Feb/27/2013 19:05:19
770015,ITALY.PM.BERLUSCONI,Silvio Berlusconi to be Prime Minister of Italy after the 2013 general election,2,1.9,Feb/27/2013 19:06:28
770015,ITALY.PM.BERLUSCONI,Silvio Berlusconi to be Prime Minister of Italy after the 2013 general election,2,1.5,Feb/28/2013 11:32:44
770015,ITALY.PM.BERLUSCONI,Silvio Berlusconi to be Prime Minister of Italy after the 2013 general election,1,1.6,Feb/28/2013 11:47:27
770015,ITALY.PM.BERLUSCONI,Silvio Berlusconi to be Prime Minister of Italy after the 2013 general election,1,1.5,Feb/28/2013 12:30:39
770015,ITALY.PM.BERLUSCONI,Silvio Berlusconi to be Prime Minister of Italy after the 2013 general election,1,1.6,Feb/28/2013 12:55:58
770015,ITALY.PM.BERLUSCONI,Silvio Berlusconi to be Prime Minister of Italy after the 2013 general election,1,1.6,Feb/28/2013 20:14:36
770015,ITALY.PM.BERLUSCONI,Silvio Berlusconi to be Prime Minister of Italy after the 2013 general election,1,1.6,Feb/28/2013 21:05:13
770015,ITALY.PM.BERLUSCONI,Silvio Berlusconi to be Prime Minister of Italy after the 2013 general election,1,1.7,Feb/28/2013 21:10:38
770015,ITALY.PM.BERLUSCONI,Silvio Berlusconi to be Prime Minister of Italy after the 2013 general election,1,1.7,Feb/28/2013 21:11:24
770015,ITALY.PM.BERLUSCONI,Silvio Berlusconi to be Prime Minister of Italy after the 2013 general election,1,1.8,Feb/28/2013 21:11:35
770015,ITALY.PM.BERLUSCONI,Silvio Berlusconi to be Prime Minister of Italy after the 2013 general election,1,1.8,Feb/28/2013 21:11:47
770015,ITALY.PM.BERLUSCONI,Silvio Berlusconi to be Prime Minister of Italy after the 2013 general election,1,1.9,Feb/28/2013 21:12:07
770015,ITALY.PM.BERLUSCONI,Silvio Berlusconi to be Prime Minister of Italy after the 2013 general election,2,1.5,Feb/28/2013 21:12:47
770015,ITALY.PM.BERLUSCONI,Silvio Berlusconi to be Prime Minister of Italy after the 2013 general election,2,1.5,Feb/28/2013 21:12:48
770015,ITALY.PM.BERLUSCONI,Silvio Berlusconi to be Prime Minister of Italy after the 2013 general election,1,1.5,Feb/28/2013 21:12:49
770015,ITALY.PM.BERLUSCONI,Silvio Berlusconi to be Prime Minister of Italy after the 2013 general election,1,1.5,Feb/28/2013 21:12:50
770015,ITALY.PM.BERLUSCONI,Silvio Berlusconi to be Prime Minister of Italy after the 2013 general election,1,1.5,Feb/28/2013 21:12:51
770015,ITALY.PM.BERLUSCONI,Silvio Berlusconi to be Prime Minister of Italy after the 2013 general election,2,1.5,Mar/01/2013 12:38:08
770015,ITALY.PM.BERLUSCONI,Silvio Berlusconi to be Prime Minister of Italy after the 2013 general election,2,1.6,Mar/01/2013 12:38:26
770015,ITALY.PM.BERLUSCONI,Silvio Berlusconi to be Prime Minister of Italy after the 2013 general election,2,1.6,Mar/01/2013 15:35:08
770015,ITALY.PM.BERLUSCONI,Silvio Berlusconi to be Prime Minister of Italy after the 2013 general election,2,1.6,Mar/01/2013 16:54:22
770015,ITALY.PM.BERLUSCONI,Silvio Berlusconi to be Prime Minister of Italy after the 2013 general election,2,1.2,Mar/01/2013 19:33:22
770015,ITALY.PM.BERLUSCONI,Silvio Berlusconi to be Prime Minister of Italy after the 2013 general election,1,1.2,Mar/01/2013 19:34:27
770015,ITALY.PM.BERLUSCONI,Silvio Berlusconi to be Prime Minister of Italy after the 2013 general election,1,1.2,Mar/02/2013 11:37:40
770015,ITALY.PM.BERLUSCONI,Silvio Berlusconi to be Prime Minister of Italy after the 2013 general election,1,1.2,Mar/02/2013 11:37:48
770015,ITALY.PM.BERLUSCONI,Silvio Berlusconi to be Prime Minister of Italy after the 2013 general election,2,1.2,Mar/02/2013 16:32:21
770015,ITALY.PM.BERLUSCONI,Silvio Berlusconi to be Prime Minister of Italy after the 2013 general election,1,1.2,Mar/02/2013 16:32:33
770015,ITALY.PM.BERLUSCONI,Silvio Berlusconi to be Prime Minister of Italy after the 2013 general election,1,1.2,Mar/02/2013 16:32:39
770015,ITALY.PM.BERLUSCONI,Silvio Berlusconi to be Prime Minister of Italy after the 2013 general election,1,1.2,Mar/02/2013 16:32:46
770015,ITALY.PM.BERLUSCONI,Silvio Berlusconi to be Prime Minister of Italy after the 2013 general election,1,1.2,Mar/02/2013 16:33:00
770015,ITALY.PM.BERLUSCONI,Silvio Berlusconi to be Prime Minister of Italy after the 2013 general election,2,1.2,Mar/02/2013 16:33:36
770015,ITALY.PM.BERLUSCONI,Silvio Berlusconi to be Prime Minister of Italy after the 2013 general election,1,1.2,Mar/02/2013 18:59:55
770015,ITALY.PM.BERLUSCONI,Silvio Berlusconi to be Prime Minister of Italy after the 2013 general election,1,1.1,Mar/04/2013 15:33:19
770015,ITALY.PM.BERLUSCONI,Silvio Berlusconi to be Prime Minister of Italy after the 2013 general election,1,1.1,Mar/04/2013 15:33:22
770015,ITALY.PM.BERLUSCONI,Silvio Berlusconi to be Prime Minister of Italy after the 2013 general election,1,1.1,Mar/04/2013 15:33:23
770015,ITALY.PM.BERLUSCONI,Silvio Berlusconi to be Prime Minister of Italy after the 2013 general election,1,1.1,Mar/04/2013 15:33:24
770015,ITALY.PM.BERLUSCONI,Silvio Berlusconi to be Prime Minister of Italy after the 2013 general election,1,1.1,Mar/04/2013 15:33:25
770015,ITALY.PM.BERLUSCONI,Silvio Berlusconi to be Prime Minister of Italy after the 2013 general election,1,1.1,Mar/04/2013 15:33:26
770015,ITALY.PM.BERLUSCONI,Silvio Berlusconi to be Prime Minister of Italy after the 2013 general election,1,1.1,Mar/04/2013 16:20:19
770015,ITALY.PM.BERLUSCONI,Silvio Berlusconi to be Prime Minister of Italy after the 2013 general election,1,1.1,Mar/04/2013 16:20:27
770015,ITALY.PM.BERLUSCONI,Silvio Berlusconi to be Prime Minister of Italy after the 2013 general election,1,1.1,Mar/04/2013 16:20:37
770015,ITALY.PM.BERLUSCONI,Silvio Berlusconi to be Prime Minister of Italy after the 2013 general election,5,1.5,Mar/04/2013 19:29:53
770015,ITALY.PM.BERLUSCONI,Silvio Berlusconi to be Prime Minister of Italy after the 2013 general election,1,1.8,Mar/04/2013 19:30:01
770015,ITALY.PM.BERLUSCONI,Silvio Berlusconi to be Prime Minister of Italy after the 2013 general election,5,1.7,Mar/04/2013 19:30:01
770015,ITALY.PM.BERLUSCONI,Silvio Berlusconi to be Prime Minister of Italy after the 2013 general election,2,1.6,Mar/04/2013 19:30:01
770015,ITALY.PM.BERLUSCONI,Silvio Berlusconi to be Prime Minister of Italy after the 2013 general election,2,1.5,Mar/04/2013 19:30:01
770015,ITALY.PM.BERLUSCONI,Silvio Berlusconi to be Prime Minister of Italy after the 2013 general election,1,1.7,Mar/04/2013 22:39:21
770015,ITALY.PM.BERLUSCONI,Silvio Berlusconi to be Prime Minister of Italy after the 2013 general election,1,1.7,Mar/04/2013 23:25:36
770015,ITALY.PM.BERLUSCONI,Silvio Berlusconi to be Prime Minister of Italy after the 2013 general election,1,1.7,Mar/04/2013 23:26:25
770015,ITALY.PM.BERLUSCONI,Silvio Berlusconi to be Prime Minister of Italy after the 2013 general election,2,1.7,Mar/04/2013 23:27:54
770015,ITALY.PM.BERLUSCONI,Silvio Berlusconi to be Prime Minister of Italy after the 2013 general election,10,1.7,Mar/04/2013 23:28:45
770015,ITALY.PM.BERLUSCONI,Silvio Berlusconi to be Prime Minister of Italy after the 2013 general election,1,1.8,Mar/05/2013 16:24:11
770015,ITALY.PM.BERLUSCONI,Silvio Berlusconi to be Prime Minister of Italy after the 2013 general election,1,1.8,Mar/05/2013 16:24:20
770015,ITALY.PM.BERLUSCONI,Silvio Berlusconi to be Prime Minister of Italy after the 2013 general election,1,1.8,Mar/05/2013 16:24:25
770015,ITALY.PM.BERLUSCONI,Silvio Berlusconi to be Prime Minister of Italy after the 2013 general election,1,1.8,Mar/05/2013 16:24:34
770015,ITALY.PM.BERLUSCONI,Silvio Berlusconi to be Prime Minister of Italy after the 2013 general election,1,1.8,Mar/05/2013 16:24:41
770015,ITALY.PM.BERLUSCONI,Silvio Berlusconi to be Prime Minister of Italy after the 2013 general election,1,1.9,Mar/05/2013 16:24:48
770015,ITALY.PM.BERLUSCONI,Silvio Berlusconi to be Prime Minister of Italy after the 2013 general election,1,1.9,Mar/05/2013 16:24:55
770015,ITALY.PM.BERLUSCONI,Silvio Berlusconi to be Prime Minister of Italy after the 2013 general election,1,1.9,Mar/05/2013 16:25:09
770015,ITALY.PM.BERLUSCONI,Silvio Berlusconi to be Prime Minister of Italy after the 2013 general election,1,1.9,Mar/05/2013 16:25:37
770015,ITALY.PM.BERLUSCONI,Silvio Berlusconi to be Prime Minister of Italy after the 2013 general election,1,1.9,Mar/05/2013 16:25:44
770015,ITALY.PM.BERLUSCONI,Silvio Berlusconi to be Prime Minister of Italy after the 2013 general election,1,1.8,Mar/05/2013 20:55:58
770015,ITALY.PM.BERLUSCONI,Silvio Berlusconi to be Prime Minister of Italy after the 2013 general election,1,1.8,Mar/06/2013 09:49:28
770015,ITALY.PM.BERLUSCONI,Silvio Berlusconi to be Prime Minister of Italy after the 2013 general election,1,1.8,Mar/06/2013 12:46:40
770015,ITALY.PM.BERLUSCONI,Silvio Berlusconi to be Prime Minister of Italy after the 2013 general election,2,1.8,Mar/06/2013 17:10:44
770015,ITALY.PM.BERLUSCONI,Silvio Berlusconi to be Prime Minister of Italy after the 2013 general election,1,2.0,Mar/06/2013 20:34:40
770015,ITALY.PM.BERLUSCONI,Silvio Berlusconi to be Prime Minister of Italy after the 2013 general election,1,2.0,Mar/06/2013 20:34:41
770015,ITALY.PM.BERLUSCONI,Silvio Berlusconi to be Prime Minister of Italy after the 2013 general election,1,2.0,Mar/06/2013 20:34:42
770015,ITALY.PM.BERLUSCONI,Silvio Berlusconi to be Prime Minister of Italy after the 2013 general election,1,2.0,Mar/06/2013 20:37:23
770015,ITALY.PM.BERLUSCONI,Silvio Berlusconi to be Prime Minister of Italy after the 2013 general election,1,2.0,Mar/06/2013 20:37:23
770015,ITALY.PM.BERLUSCONI,Silvio Berlusconi to be Prime Minister of Italy after the 2013 general election,1,2.0,Mar/06/2013 20:37:25
770015,ITALY.PM.BERLUSCONI,Silvio Berlusconi to be Prime Minister of Italy after the 2013 general election,2,2.0,Mar/06/2013 20:39:27
770015,ITALY.PM.BERLUSCONI,Silvio Berlusconi to be Prime Minister of Italy after the 2013 general election,1,1.6,Mar/07/2013 11:17:54
770015,ITALY.PM.BERLUSCONI,Silvio Berlusconi to be Prime Minister of Italy after the 2013 general election,1,1.6,Mar/07/2013 13:13:25
770015,ITALY.PM.BERLUSCONI,Silvio Berlusconi to be Prime Minister of Italy after the 2013 general election,2,1.2,Mar/09/2013 17:24:27
770015,ITALY.PM.BERLUSCONI,Silvio Berlusconi to be Prime Minister of Italy after the 2013 general election,1,1.8,Mar/09/2013 22:12:41
770015,ITALY.PM.BERLUSCONI,Silvio Berlusconi to be Prime Minister of Italy after the 2013 general election,1,1.8,Mar/09/2013 22:12:50
770015,ITALY.PM.BERLUSCONI,Silvio Berlusconi to be Prime Minister of Italy after the 2013 general election,1,2.0,Mar/09/2013 22:13:21
