market id,market symbol,market name,trade quantity,trade price,date/time [utc]
770019,ITALY.PM.OTHER,Any other individual to be Prime Minister of Italy after the 2013 general election,10,0.1,Jan/21/2013 19:20:59
770019,ITALY.PM.OTHER,Any other individual to be Prime Minister of Italy after the 2013 general election,10,0.5,Jan/21/2013 19:21:11
770019,ITALY.PM.OTHER,Any other individual to be Prime Minister of Italy after the 2013 general election,1,49.5,Jan/21/2013 20:55:06
770019,ITALY.PM.OTHER,Any other individual to be Prime Minister of Italy after the 2013 general election,3,20.0,Jan/22/2013 22:45:28
770019,ITALY.PM.OTHER,Any other individual to be Prime Minister of Italy after the 2013 general election,1,10.2,Jan/23/2013 17:28:54
770019,ITALY.PM.OTHER,Any other individual to be Prime Minister of Italy after the 2013 general election,5,10.1,Jan/23/2013 17:29:11
770019,ITALY.PM.OTHER,Any other individual to be Prime Minister of Italy after the 2013 general election,10,9.1,Jan/23/2013 17:29:20
770019,ITALY.PM.OTHER,Any other individual to be Prime Minister of Italy after the 2013 general election,15,8.1,Jan/23/2013 17:34:46
770019,ITALY.PM.OTHER,Any other individual to be Prime Minister of Italy after the 2013 general election,20,7.1,Jan/23/2013 20:48:54
770019,ITALY.PM.OTHER,Any other individual to be Prime Minister of Italy after the 2013 general election,3,18.5,Jan/23/2013 20:53:45
770019,ITALY.PM.OTHER,Any other individual to be Prime Minister of Italy after the 2013 general election,1,18.5,Jan/23/2013 20:54:00
770019,ITALY.PM.OTHER,Any other individual to be Prime Minister of Italy after the 2013 general election,5,7.1,Jan/24/2013 22:21:38
770019,ITALY.PM.OTHER,Any other individual to be Prime Minister of Italy after the 2013 general election,30,7.0,Jan/24/2013 22:21:49
770019,ITALY.PM.OTHER,Any other individual to be Prime Minister of Italy after the 2013 general election,1,8.5,Jan/27/2013 20:07:57
770019,ITALY.PM.OTHER,Any other individual to be Prime Minister of Italy after the 2013 general election,5,7.0,Jan/29/2013 15:01:21
770019,ITALY.PM.OTHER,Any other individual to be Prime Minister of Italy after the 2013 general election,5,6.2,Jan/29/2013 16:58:30
770019,ITALY.PM.OTHER,Any other individual to be Prime Minister of Italy after the 2013 general election,5,6.2,Jan/29/2013 17:04:13
770019,ITALY.PM.OTHER,Any other individual to be Prime Minister of Italy after the 2013 general election,1,7.0,Feb/01/2013 11:50:54
770019,ITALY.PM.OTHER,Any other individual to be Prime Minister of Italy after the 2013 general election,1,6.3,Feb/04/2013 18:31:51
770019,ITALY.PM.OTHER,Any other individual to be Prime Minister of Italy after the 2013 general election,1,6.3,Feb/04/2013 18:32:28
770019,ITALY.PM.OTHER,Any other individual to be Prime Minister of Italy after the 2013 general election,10,6.2,Feb/04/2013 18:33:51
770019,ITALY.PM.OTHER,Any other individual to be Prime Minister of Italy after the 2013 general election,3,6.3,Feb/04/2013 18:33:51
770019,ITALY.PM.OTHER,Any other individual to be Prime Minister of Italy after the 2013 general election,4,7.0,Feb/04/2013 20:45:21
770019,ITALY.PM.OTHER,Any other individual to be Prime Minister of Italy after the 2013 general election,4,7.0,Feb/04/2013 20:45:34
770019,ITALY.PM.OTHER,Any other individual to be Prime Minister of Italy after the 2013 general election,1,7.0,Feb/04/2013 20:45:40
770019,ITALY.PM.OTHER,Any other individual to be Prime Minister of Italy after the 2013 general election,2,7.0,Feb/04/2013 20:45:40
770019,ITALY.PM.OTHER,Any other individual to be Prime Minister of Italy after the 2013 general election,3,6.6,Feb/04/2013 23:08:49
770019,ITALY.PM.OTHER,Any other individual to be Prime Minister of Italy after the 2013 general election,3,6.6,Feb/04/2013 23:08:50
770019,ITALY.PM.OTHER,Any other individual to be Prime Minister of Italy after the 2013 general election,3,6.6,Feb/04/2013 23:08:51
770019,ITALY.PM.OTHER,Any other individual to be Prime Minister of Italy after the 2013 general election,2,6.6,Feb/04/2013 23:08:52
770019,ITALY.PM.OTHER,Any other individual to be Prime Minister of Italy after the 2013 general election,1,6.6,Feb/04/2013 23:08:53
770019,ITALY.PM.OTHER,Any other individual to be Prime Minister of Italy after the 2013 general election,1,6.6,Feb/04/2013 23:08:54
770019,ITALY.PM.OTHER,Any other individual to be Prime Minister of Italy after the 2013 general election,1,6.6,Feb/04/2013 23:08:55
770019,ITALY.PM.OTHER,Any other individual to be Prime Minister of Italy after the 2013 general election,2,6.5,Feb/04/2013 23:11:20
770019,ITALY.PM.OTHER,Any other individual to be Prime Minister of Italy after the 2013 general election,2,6.5,Feb/04/2013 23:11:21
770019,ITALY.PM.OTHER,Any other individual to be Prime Minister of Italy after the 2013 general election,1,6.5,Feb/04/2013 23:11:22
770019,ITALY.PM.OTHER,Any other individual to be Prime Minister of Italy after the 2013 general election,1,6.5,Feb/04/2013 23:11:23
770019,ITALY.PM.OTHER,Any other individual to be Prime Minister of Italy after the 2013 general election,1,6.5,Feb/04/2013 23:11:24
770019,ITALY.PM.OTHER,Any other individual to be Prime Minister of Italy after the 2013 general election,1,6.5,Feb/04/2013 23:11:25
770019,ITALY.PM.OTHER,Any other individual to be Prime Minister of Italy after the 2013 general election,1,6.4,Feb/04/2013 23:12:11
770019,ITALY.PM.OTHER,Any other individual to be Prime Minister of Italy after the 2013 general election,1,6.4,Feb/04/2013 23:12:13
770019,ITALY.PM.OTHER,Any other individual to be Prime Minister of Italy after the 2013 general election,1,6.4,Feb/04/2013 23:12:14
770019,ITALY.PM.OTHER,Any other individual to be Prime Minister of Italy after the 2013 general election,1,6.4,Feb/04/2013 23:12:15
770019,ITALY.PM.OTHER,Any other individual to be Prime Minister of Italy after the 2013 general election,1,6.4,Feb/04/2013 23:12:29
770019,ITALY.PM.OTHER,Any other individual to be Prime Minister of Italy after the 2013 general election,2,6.4,Feb/04/2013 23:12:30
770019,ITALY.PM.OTHER,Any other individual to be Prime Minister of Italy after the 2013 general election,2,6.4,Feb/04/2013 23:12:31
770019,ITALY.PM.OTHER,Any other individual to be Prime Minister of Italy after the 2013 general election,1,6.4,Feb/04/2013 23:12:32
770019,ITALY.PM.OTHER,Any other individual to be Prime Minister of Italy after the 2013 general election,1,6.4,Feb/04/2013 23:12:33
770019,ITALY.PM.OTHER,Any other individual to be Prime Minister of Italy after the 2013 general election,3,5.0,Feb/04/2013 23:14:31
770019,ITALY.PM.OTHER,Any other individual to be Prime Minister of Italy after the 2013 general election,3,5.0,Feb/04/2013 23:14:32
770019,ITALY.PM.OTHER,Any other individual to be Prime Minister of Italy after the 2013 general election,2,5.0,Feb/04/2013 23:14:33
770019,ITALY.PM.OTHER,Any other individual to be Prime Minister of Italy after the 2013 general election,2,5.0,Feb/04/2013 23:14:34
770019,ITALY.PM.OTHER,Any other individual to be Prime Minister of Italy after the 2013 general election,2,5.0,Feb/04/2013 23:14:35
770019,ITALY.PM.OTHER,Any other individual to be Prime Minister of Italy after the 2013 general election,1,5.0,Feb/04/2013 23:14:36
770019,ITALY.PM.OTHER,Any other individual to be Prime Minister of Italy after the 2013 general election,1,5.0,Feb/04/2013 23:14:37
770019,ITALY.PM.OTHER,Any other individual to be Prime Minister of Italy after the 2013 general election,1,5.0,Feb/04/2013 23:14:58
770019,ITALY.PM.OTHER,Any other individual to be Prime Minister of Italy after the 2013 general election,2,5.0,Feb/04/2013 23:15:41
770019,ITALY.PM.OTHER,Any other individual to be Prime Minister of Italy after the 2013 general election,2,5.0,Feb/04/2013 23:15:42
770019,ITALY.PM.OTHER,Any other individual to be Prime Minister of Italy after the 2013 general election,1,5.0,Feb/04/2013 23:15:43
770019,ITALY.PM.OTHER,Any other individual to be Prime Minister of Italy after the 2013 general election,1,5.0,Feb/04/2013 23:15:44
770019,ITALY.PM.OTHER,Any other individual to be Prime Minister of Italy after the 2013 general election,1,5.0,Feb/04/2013 23:15:46
770019,ITALY.PM.OTHER,Any other individual to be Prime Minister of Italy after the 2013 general election,1,5.0,Feb/04/2013 23:15:47
770019,ITALY.PM.OTHER,Any other individual to be Prime Minister of Italy after the 2013 general election,1,5.0,Feb/04/2013 23:15:48
770019,ITALY.PM.OTHER,Any other individual to be Prime Minister of Italy after the 2013 general election,1,5.0,Feb/04/2013 23:16:25
770019,ITALY.PM.OTHER,Any other individual to be Prime Minister of Italy after the 2013 general election,3,4.9,Feb/04/2013 23:16:49
770019,ITALY.PM.OTHER,Any other individual to be Prime Minister of Italy after the 2013 general election,3,4.9,Feb/04/2013 23:16:51
770019,ITALY.PM.OTHER,Any other individual to be Prime Minister of Italy after the 2013 general election,2,4.9,Feb/04/2013 23:16:51
770019,ITALY.PM.OTHER,Any other individual to be Prime Minister of Italy after the 2013 general election,2,4.9,Feb/04/2013 23:16:53
770019,ITALY.PM.OTHER,Any other individual to be Prime Minister of Italy after the 2013 general election,1,4.9,Feb/04/2013 23:16:54
770019,ITALY.PM.OTHER,Any other individual to be Prime Minister of Italy after the 2013 general election,1,4.9,Feb/04/2013 23:16:55
770019,ITALY.PM.OTHER,Any other individual to be Prime Minister of Italy after the 2013 general election,1,4.9,Feb/04/2013 23:16:56
770019,ITALY.PM.OTHER,Any other individual to be Prime Minister of Italy after the 2013 general election,1,4.9,Feb/04/2013 23:16:57
770019,ITALY.PM.OTHER,Any other individual to be Prime Minister of Italy after the 2013 general election,5,4.9,Feb/04/2013 23:18:22
770019,ITALY.PM.OTHER,Any other individual to be Prime Minister of Italy after the 2013 general election,4,4.9,Feb/04/2013 23:18:23
770019,ITALY.PM.OTHER,Any other individual to be Prime Minister of Italy after the 2013 general election,3,4.9,Feb/04/2013 23:18:24
770019,ITALY.PM.OTHER,Any other individual to be Prime Minister of Italy after the 2013 general election,3,4.9,Feb/04/2013 23:18:25
770019,ITALY.PM.OTHER,Any other individual to be Prime Minister of Italy after the 2013 general election,2,4.9,Feb/04/2013 23:18:26
770019,ITALY.PM.OTHER,Any other individual to be Prime Minister of Italy after the 2013 general election,2,4.9,Feb/04/2013 23:18:27
770019,ITALY.PM.OTHER,Any other individual to be Prime Minister of Italy after the 2013 general election,2,4.9,Feb/04/2013 23:18:28
770019,ITALY.PM.OTHER,Any other individual to be Prime Minister of Italy after the 2013 general election,1,4.9,Feb/04/2013 23:18:29
770019,ITALY.PM.OTHER,Any other individual to be Prime Minister of Italy after the 2013 general election,1,4.9,Feb/04/2013 23:18:30
770019,ITALY.PM.OTHER,Any other individual to be Prime Minister of Italy after the 2013 general election,1,4.9,Feb/04/2013 23:18:32
770019,ITALY.PM.OTHER,Any other individual to be Prime Minister of Italy after the 2013 general election,1,4.9,Feb/04/2013 23:19:32
770019,ITALY.PM.OTHER,Any other individual to be Prime Minister of Italy after the 2013 general election,1,4.9,Feb/04/2013 23:19:33
770019,ITALY.PM.OTHER,Any other individual to be Prime Minister of Italy after the 2013 general election,1,4.9,Feb/04/2013 23:19:34
770019,ITALY.PM.OTHER,Any other individual to be Prime Minister of Italy after the 2013 general election,1,4.9,Feb/04/2013 23:20:00
770019,ITALY.PM.OTHER,Any other individual to be Prime Minister of Italy after the 2013 general election,1,4.9,Feb/04/2013 23:20:01
770019,ITALY.PM.OTHER,Any other individual to be Prime Minister of Italy after the 2013 general election,1,6.6,Feb/05/2013 11:40:19
770019,ITALY.PM.OTHER,Any other individual to be Prime Minister of Italy after the 2013 general election,10,7.6,Feb/05/2013 11:40:43
770019,ITALY.PM.OTHER,Any other individual to be Prime Minister of Italy after the 2013 general election,16,10.0,Feb/05/2013 11:41:00
770019,ITALY.PM.OTHER,Any other individual to be Prime Minister of Italy after the 2013 general election,10,5.0,Feb/06/2013 17:21:54
770019,ITALY.PM.OTHER,Any other individual to be Prime Minister of Italy after the 2013 general election,10,5.1,Feb/06/2013 17:21:54
770019,ITALY.PM.OTHER,Any other individual to be Prime Minister of Italy after the 2013 general election,10,5.0,Feb/08/2013 08:58:29
770019,ITALY.PM.OTHER,Any other individual to be Prime Minister of Italy after the 2013 general election,10,6.0,Feb/08/2013 08:58:35
770019,ITALY.PM.OTHER,Any other individual to be Prime Minister of Italy after the 2013 general election,15,4.5,Feb/08/2013 22:51:08
770019,ITALY.PM.OTHER,Any other individual to be Prime Minister of Italy after the 2013 general election,10,5.5,Feb/12/2013 11:41:36
770019,ITALY.PM.OTHER,Any other individual to be Prime Minister of Italy after the 2013 general election,10,6.5,Feb/12/2013 11:44:35
770019,ITALY.PM.OTHER,Any other individual to be Prime Minister of Italy after the 2013 general election,1,6.9,Feb/12/2013 11:46:09
770019,ITALY.PM.OTHER,Any other individual to be Prime Minister of Italy after the 2013 general election,9,7.0,Feb/12/2013 11:46:19
770019,ITALY.PM.OTHER,Any other individual to be Prime Minister of Italy after the 2013 general election,1,6.9,Feb/12/2013 11:46:19
770019,ITALY.PM.OTHER,Any other individual to be Prime Minister of Italy after the 2013 general election,1,7.0,Feb/12/2013 11:46:53
770019,ITALY.PM.OTHER,Any other individual to be Prime Minister of Italy after the 2013 general election,1,6.9,Feb/12/2013 11:46:53
770019,ITALY.PM.OTHER,Any other individual to be Prime Minister of Italy after the 2013 general election,1,6.9,Feb/12/2013 11:47:29
770019,ITALY.PM.OTHER,Any other individual to be Prime Minister of Italy after the 2013 general election,1,6.9,Feb/12/2013 11:47:52
770019,ITALY.PM.OTHER,Any other individual to be Prime Minister of Italy after the 2013 general election,1,6.9,Feb/12/2013 11:47:54
770019,ITALY.PM.OTHER,Any other individual to be Prime Minister of Italy after the 2013 general election,1,6.9,Feb/12/2013 11:47:55
770019,ITALY.PM.OTHER,Any other individual to be Prime Minister of Italy after the 2013 general election,1,6.9,Feb/12/2013 11:47:56
770019,ITALY.PM.OTHER,Any other individual to be Prime Minister of Italy after the 2013 general election,1,6.9,Feb/12/2013 11:47:57
770019,ITALY.PM.OTHER,Any other individual to be Prime Minister of Italy after the 2013 general election,1,6.9,Feb/12/2013 11:47:58
770019,ITALY.PM.OTHER,Any other individual to be Prime Minister of Italy after the 2013 general election,1,6.9,Feb/12/2013 11:47:59
770019,ITALY.PM.OTHER,Any other individual to be Prime Minister of Italy after the 2013 general election,10,6.5,Feb/12/2013 13:03:15
770019,ITALY.PM.OTHER,Any other individual to be Prime Minister of Italy after the 2013 general election,1,7.0,Feb/12/2013 16:53:23
770019,ITALY.PM.OTHER,Any other individual to be Prime Minister of Italy after the 2013 general election,4,7.0,Feb/12/2013 19:01:09
770019,ITALY.PM.OTHER,Any other individual to be Prime Minister of Italy after the 2013 general election,1,7.0,Feb/15/2013 00:16:11
770019,ITALY.PM.OTHER,Any other individual to be Prime Minister of Italy after the 2013 general election,4,7.0,Feb/17/2013 13:25:27
770019,ITALY.PM.OTHER,Any other individual to be Prime Minister of Italy after the 2013 general election,1,7.5,Feb/18/2013 15:13:45
770019,ITALY.PM.OTHER,Any other individual to be Prime Minister of Italy after the 2013 general election,1,8.7,Feb/19/2013 20:39:53
770019,ITALY.PM.OTHER,Any other individual to be Prime Minister of Italy after the 2013 general election,1,8.4,Feb/19/2013 21:03:14
770019,ITALY.PM.OTHER,Any other individual to be Prime Minister of Italy after the 2013 general election,2,7.9,Feb/20/2013 09:47:21
770019,ITALY.PM.OTHER,Any other individual to be Prime Minister of Italy after the 2013 general election,4,7.8,Feb/20/2013 09:47:21
770019,ITALY.PM.OTHER,Any other individual to be Prime Minister of Italy after the 2013 general election,2,7.6,Feb/20/2013 16:15:44
770019,ITALY.PM.OTHER,Any other individual to be Prime Minister of Italy after the 2013 general election,1,7.5,Feb/20/2013 16:15:58
770019,ITALY.PM.OTHER,Any other individual to be Prime Minister of Italy after the 2013 general election,4,7.5,Feb/20/2013 16:49:42
770019,ITALY.PM.OTHER,Any other individual to be Prime Minister of Italy after the 2013 general election,2,9.1,Feb/20/2013 20:34:24
770019,ITALY.PM.OTHER,Any other individual to be Prime Minister of Italy after the 2013 general election,1,9.1,Feb/20/2013 20:47:48
770019,ITALY.PM.OTHER,Any other individual to be Prime Minister of Italy after the 2013 general election,8,9.1,Feb/20/2013 21:34:20
770019,ITALY.PM.OTHER,Any other individual to be Prime Minister of Italy after the 2013 general election,30,9.1,Feb/21/2013 00:32:12
770019,ITALY.PM.OTHER,Any other individual to be Prime Minister of Italy after the 2013 general election,15,9.1,Feb/21/2013 01:07:45
770019,ITALY.PM.OTHER,Any other individual to be Prime Minister of Italy after the 2013 general election,1,9.1,Feb/21/2013 02:18:42
770019,ITALY.PM.OTHER,Any other individual to be Prime Minister of Italy after the 2013 general election,1,9.1,Feb/21/2013 02:24:18
770019,ITALY.PM.OTHER,Any other individual to be Prime Minister of Italy after the 2013 general election,6,9.1,Feb/21/2013 02:48:06
770019,ITALY.PM.OTHER,Any other individual to be Prime Minister of Italy after the 2013 general election,20,9.1,Feb/21/2013 03:34:42
770019,ITALY.PM.OTHER,Any other individual to be Prime Minister of Italy after the 2013 general election,6,9.1,Feb/21/2013 03:50:38
770019,ITALY.PM.OTHER,Any other individual to be Prime Minister of Italy after the 2013 general election,1,9.1,Feb/21/2013 05:15:18
770019,ITALY.PM.OTHER,Any other individual to be Prime Minister of Italy after the 2013 general election,1,9.1,Feb/21/2013 05:15:43
770019,ITALY.PM.OTHER,Any other individual to be Prime Minister of Italy after the 2013 general election,1,9.1,Feb/21/2013 05:15:59
770019,ITALY.PM.OTHER,Any other individual to be Prime Minister of Italy after the 2013 general election,71,9.1,Feb/21/2013 12:16:38
770019,ITALY.PM.OTHER,Any other individual to be Prime Minister of Italy after the 2013 general election,3,9.1,Feb/23/2013 00:36:19
770019,ITALY.PM.OTHER,Any other individual to be Prime Minister of Italy after the 2013 general election,1,9.1,Feb/23/2013 00:36:19
770019,ITALY.PM.OTHER,Any other individual to be Prime Minister of Italy after the 2013 general election,6,9.9,Feb/23/2013 00:36:19
770019,ITALY.PM.OTHER,Any other individual to be Prime Minister of Italy after the 2013 general election,2,10.0,Feb/23/2013 05:17:00
770019,ITALY.PM.OTHER,Any other individual to be Prime Minister of Italy after the 2013 general election,8,10.0,Feb/23/2013 16:14:16
770019,ITALY.PM.OTHER,Any other individual to be Prime Minister of Italy after the 2013 general election,7,11.0,Feb/23/2013 23:53:42
770019,ITALY.PM.OTHER,Any other individual to be Prime Minister of Italy after the 2013 general election,11,11.0,Feb/23/2013 23:53:54
770019,ITALY.PM.OTHER,Any other individual to be Prime Minister of Italy after the 2013 general election,3,11.0,Feb/23/2013 23:54:14
770019,ITALY.PM.OTHER,Any other individual to be Prime Minister of Italy after the 2013 general election,1,11.0,Feb/24/2013 11:32:39
770019,ITALY.PM.OTHER,Any other individual to be Prime Minister of Italy after the 2013 general election,9,11.0,Feb/24/2013 12:30:11
770019,ITALY.PM.OTHER,Any other individual to be Prime Minister of Italy after the 2013 general election,2,11.0,Feb/24/2013 12:31:05
770019,ITALY.PM.OTHER,Any other individual to be Prime Minister of Italy after the 2013 general election,10,11.0,Feb/24/2013 13:41:28
770019,ITALY.PM.OTHER,Any other individual to be Prime Minister of Italy after the 2013 general election,5,11.0,Feb/24/2013 20:24:50
770019,ITALY.PM.OTHER,Any other individual to be Prime Minister of Italy after the 2013 general election,1,11.0,Feb/24/2013 20:56:13
770019,ITALY.PM.OTHER,Any other individual to be Prime Minister of Italy after the 2013 general election,1,11.0,Feb/24/2013 21:47:02
770019,ITALY.PM.OTHER,Any other individual to be Prime Minister of Italy after the 2013 general election,5,7.5,Feb/25/2013 08:21:39
770019,ITALY.PM.OTHER,Any other individual to be Prime Minister of Italy after the 2013 general election,5,5.0,Feb/25/2013 08:21:39
770019,ITALY.PM.OTHER,Any other individual to be Prime Minister of Italy after the 2013 general election,4,1.6,Feb/25/2013 13:30:39
770019,ITALY.PM.OTHER,Any other individual to be Prime Minister of Italy after the 2013 general election,16,1.4,Feb/25/2013 13:30:39
770019,ITALY.PM.OTHER,Any other individual to be Prime Minister of Italy after the 2013 general election,15,1.2,Feb/25/2013 13:56:40
770019,ITALY.PM.OTHER,Any other individual to be Prime Minister of Italy after the 2013 general election,1,2.0,Feb/25/2013 14:02:14
770019,ITALY.PM.OTHER,Any other individual to be Prime Minister of Italy after the 2013 general election,1,2.0,Feb/25/2013 14:02:15
770019,ITALY.PM.OTHER,Any other individual to be Prime Minister of Italy after the 2013 general election,1,2.0,Feb/25/2013 14:02:16
770019,ITALY.PM.OTHER,Any other individual to be Prime Minister of Italy after the 2013 general election,1,2.0,Feb/25/2013 14:02:17
770019,ITALY.PM.OTHER,Any other individual to be Prime Minister of Italy after the 2013 general election,1,2.0,Feb/25/2013 14:02:18
770019,ITALY.PM.OTHER,Any other individual to be Prime Minister of Italy after the 2013 general election,1,2.0,Feb/25/2013 14:02:50
770019,ITALY.PM.OTHER,Any other individual to be Prime Minister of Italy after the 2013 general election,1,2.0,Feb/25/2013 14:02:51
770019,ITALY.PM.OTHER,Any other individual to be Prime Minister of Italy after the 2013 general election,1,2.0,Feb/25/2013 14:02:52
770019,ITALY.PM.OTHER,Any other individual to be Prime Minister of Italy after the 2013 general election,1,2.0,Feb/25/2013 14:02:54
770019,ITALY.PM.OTHER,Any other individual to be Prime Minister of Italy after the 2013 general election,1,2.0,Feb/25/2013 14:02:55
770019,ITALY.PM.OTHER,Any other individual to be Prime Minister of Italy after the 2013 general election,1,1.5,Feb/25/2013 14:23:46
770019,ITALY.PM.OTHER,Any other individual to be Prime Minister of Italy after the 2013 general election,1,1.5,Feb/25/2013 14:24:33
770019,ITALY.PM.OTHER,Any other individual to be Prime Minister of Italy after the 2013 general election,18,1.6,Feb/25/2013 14:42:41
770019,ITALY.PM.OTHER,Any other individual to be Prime Minister of Italy after the 2013 general election,8,1.3,Feb/25/2013 14:52:25
770019,ITALY.PM.OTHER,Any other individual to be Prime Minister of Italy after the 2013 general election,11,1.3,Feb/25/2013 14:55:49
770019,ITALY.PM.OTHER,Any other individual to be Prime Minister of Italy after the 2013 general election,10,1.2,Feb/25/2013 15:00:02
770019,ITALY.PM.OTHER,Any other individual to be Prime Minister of Italy after the 2013 general election,7,1.2,Feb/25/2013 15:05:09
770019,ITALY.PM.OTHER,Any other individual to be Prime Minister of Italy after the 2013 general election,10,1.2,Feb/25/2013 15:10:06
770019,ITALY.PM.OTHER,Any other individual to be Prime Minister of Italy after the 2013 general election,10,1.1,Feb/25/2013 15:11:45
770019,ITALY.PM.OTHER,Any other individual to be Prime Minister of Italy after the 2013 general election,10,1.1,Feb/25/2013 15:12:38
770019,ITALY.PM.OTHER,Any other individual to be Prime Minister of Italy after the 2013 general election,36,1.1,Feb/25/2013 15:13:20
770019,ITALY.PM.OTHER,Any other individual to be Prime Minister of Italy after the 2013 general election,4,0.8,Feb/25/2013 15:26:48
770019,ITALY.PM.OTHER,Any other individual to be Prime Minister of Italy after the 2013 general election,10,0.8,Feb/25/2013 15:31:36
770019,ITALY.PM.OTHER,Any other individual to be Prime Minister of Italy after the 2013 general election,1,0.8,Feb/25/2013 15:32:13
770019,ITALY.PM.OTHER,Any other individual to be Prime Minister of Italy after the 2013 general election,1,0.8,Feb/25/2013 15:32:15
770019,ITALY.PM.OTHER,Any other individual to be Prime Minister of Italy after the 2013 general election,1,0.8,Feb/25/2013 15:32:16
770019,ITALY.PM.OTHER,Any other individual to be Prime Minister of Italy after the 2013 general election,1,0.8,Feb/25/2013 15:32:18
770019,ITALY.PM.OTHER,Any other individual to be Prime Minister of Italy after the 2013 general election,1,0.8,Feb/25/2013 15:32:18
770019,ITALY.PM.OTHER,Any other individual to be Prime Minister of Italy after the 2013 general election,2,1.2,Feb/25/2013 15:32:21
770019,ITALY.PM.OTHER,Any other individual to be Prime Minister of Italy after the 2013 general election,1,1.2,Feb/25/2013 15:32:22
770019,ITALY.PM.OTHER,Any other individual to be Prime Minister of Italy after the 2013 general election,2,1.2,Feb/25/2013 15:32:23
770019,ITALY.PM.OTHER,Any other individual to be Prime Minister of Italy after the 2013 general election,1,1.2,Feb/25/2013 15:32:24
770019,ITALY.PM.OTHER,Any other individual to be Prime Minister of Italy after the 2013 general election,1,1.2,Feb/25/2013 15:32:25
770019,ITALY.PM.OTHER,Any other individual to be Prime Minister of Italy after the 2013 general election,1,1.2,Feb/25/2013 15:32:26
770019,ITALY.PM.OTHER,Any other individual to be Prime Minister of Italy after the 2013 general election,2,1.2,Feb/25/2013 15:37:13
770019,ITALY.PM.OTHER,Any other individual to be Prime Minister of Italy after the 2013 general election,1,1.2,Feb/25/2013 15:37:14
770019,ITALY.PM.OTHER,Any other individual to be Prime Minister of Italy after the 2013 general election,1,1.2,Feb/25/2013 15:37:15
770019,ITALY.PM.OTHER,Any other individual to be Prime Minister of Italy after the 2013 general election,1,1.2,Feb/25/2013 15:37:16
770019,ITALY.PM.OTHER,Any other individual to be Prime Minister of Italy after the 2013 general election,1,1.2,Feb/25/2013 15:37:17
770019,ITALY.PM.OTHER,Any other individual to be Prime Minister of Italy after the 2013 general election,1,1.2,Feb/25/2013 15:37:18
770019,ITALY.PM.OTHER,Any other individual to be Prime Minister of Italy after the 2013 general election,3,1.2,Feb/25/2013 15:41:34
770019,ITALY.PM.OTHER,Any other individual to be Prime Minister of Italy after the 2013 general election,18,1.3,Feb/25/2013 15:41:41
770019,ITALY.PM.OTHER,Any other individual to be Prime Minister of Italy after the 2013 general election,40,1.4,Feb/25/2013 15:41:50
770019,ITALY.PM.OTHER,Any other individual to be Prime Minister of Italy after the 2013 general election,16,1.4,Feb/25/2013 15:42:02
770019,ITALY.PM.OTHER,Any other individual to be Prime Minister of Italy after the 2013 general election,10,0.9,Feb/25/2013 15:42:27
770019,ITALY.PM.OTHER,Any other individual to be Prime Minister of Italy after the 2013 general election,40,0.9,Feb/25/2013 15:42:39
770019,ITALY.PM.OTHER,Any other individual to be Prime Minister of Italy after the 2013 general election,3,0.9,Feb/25/2013 15:42:45
770019,ITALY.PM.OTHER,Any other individual to be Prime Minister of Italy after the 2013 general election,2,0.9,Feb/25/2013 15:42:47
770019,ITALY.PM.OTHER,Any other individual to be Prime Minister of Italy after the 2013 general election,1,0.9,Feb/25/2013 15:42:48
770019,ITALY.PM.OTHER,Any other individual to be Prime Minister of Italy after the 2013 general election,1,0.9,Feb/25/2013 15:42:49
770019,ITALY.PM.OTHER,Any other individual to be Prime Minister of Italy after the 2013 general election,1,0.9,Feb/25/2013 15:42:50
770019,ITALY.PM.OTHER,Any other individual to be Prime Minister of Italy after the 2013 general election,1,0.9,Feb/25/2013 15:42:51
770019,ITALY.PM.OTHER,Any other individual to be Prime Minister of Italy after the 2013 general election,1,0.9,Feb/25/2013 15:42:52
770019,ITALY.PM.OTHER,Any other individual to be Prime Minister of Italy after the 2013 general election,7,0.9,Feb/25/2013 15:42:53
770019,ITALY.PM.OTHER,Any other individual to be Prime Minister of Italy after the 2013 general election,10,1.6,Feb/25/2013 15:43:08
770019,ITALY.PM.OTHER,Any other individual to be Prime Minister of Italy after the 2013 general election,55,1.6,Feb/25/2013 15:44:51
770019,ITALY.PM.OTHER,Any other individual to be Prime Minister of Italy after the 2013 general election,10,1.8,Feb/25/2013 15:47:22
770019,ITALY.PM.OTHER,Any other individual to be Prime Minister of Italy after the 2013 general election,2,2.0,Feb/25/2013 15:47:34
770019,ITALY.PM.OTHER,Any other individual to be Prime Minister of Italy after the 2013 general election,10,2.0,Feb/25/2013 15:47:40
770019,ITALY.PM.OTHER,Any other individual to be Prime Minister of Italy after the 2013 general election,10,2.0,Feb/25/2013 15:47:47
770019,ITALY.PM.OTHER,Any other individual to be Prime Minister of Italy after the 2013 general election,2,2.1,Feb/25/2013 15:47:54
770019,ITALY.PM.OTHER,Any other individual to be Prime Minister of Italy after the 2013 general election,3,1.2,Feb/25/2013 15:48:01
770019,ITALY.PM.OTHER,Any other individual to be Prime Minister of Italy after the 2013 general election,9,1.2,Feb/25/2013 15:49:21
770019,ITALY.PM.OTHER,Any other individual to be Prime Minister of Italy after the 2013 general election,4,1.1,Feb/25/2013 15:50:13
770019,ITALY.PM.OTHER,Any other individual to be Prime Minister of Italy after the 2013 general election,10,1.0,Feb/25/2013 15:51:51
770019,ITALY.PM.OTHER,Any other individual to be Prime Minister of Italy after the 2013 general election,10,1.0,Feb/25/2013 16:01:56
770019,ITALY.PM.OTHER,Any other individual to be Prime Minister of Italy after the 2013 general election,1,1.0,Feb/25/2013 16:02:47
770019,ITALY.PM.OTHER,Any other individual to be Prime Minister of Italy after the 2013 general election,1,1.0,Feb/25/2013 16:02:49
770019,ITALY.PM.OTHER,Any other individual to be Prime Minister of Italy after the 2013 general election,1,1.0,Feb/25/2013 16:03:20
770019,ITALY.PM.OTHER,Any other individual to be Prime Minister of Italy after the 2013 general election,1,1.0,Feb/25/2013 16:05:15
770019,ITALY.PM.OTHER,Any other individual to be Prime Minister of Italy after the 2013 general election,1,1.0,Feb/25/2013 16:05:21
770019,ITALY.PM.OTHER,Any other individual to be Prime Minister of Italy after the 2013 general election,10,1.0,Feb/25/2013 16:05:23
770019,ITALY.PM.OTHER,Any other individual to be Prime Minister of Italy after the 2013 general election,10,1.0,Feb/25/2013 16:06:44
770019,ITALY.PM.OTHER,Any other individual to be Prime Minister of Italy after the 2013 general election,10,1.0,Feb/25/2013 16:06:55
770019,ITALY.PM.OTHER,Any other individual to be Prime Minister of Italy after the 2013 general election,175,1.0,Feb/25/2013 16:07:21
770019,ITALY.PM.OTHER,Any other individual to be Prime Minister of Italy after the 2013 general election,1,1.0,Feb/25/2013 16:07:47
770019,ITALY.PM.OTHER,Any other individual to be Prime Minister of Italy after the 2013 general election,1,1.0,Feb/25/2013 16:07:50
770019,ITALY.PM.OTHER,Any other individual to be Prime Minister of Italy after the 2013 general election,1,1.0,Feb/25/2013 16:07:51
770019,ITALY.PM.OTHER,Any other individual to be Prime Minister of Italy after the 2013 general election,1,1.0,Feb/25/2013 16:07:52
770019,ITALY.PM.OTHER,Any other individual to be Prime Minister of Italy after the 2013 general election,1,1.0,Feb/25/2013 16:07:53
770019,ITALY.PM.OTHER,Any other individual to be Prime Minister of Italy after the 2013 general election,10,1.1,Feb/25/2013 16:09:55
770019,ITALY.PM.OTHER,Any other individual to be Prime Minister of Italy after the 2013 general election,55,1.2,Feb/25/2013 16:11:36
770019,ITALY.PM.OTHER,Any other individual to be Prime Minister of Italy after the 2013 general election,42,1.1,Feb/25/2013 16:11:36
770019,ITALY.PM.OTHER,Any other individual to be Prime Minister of Italy after the 2013 general election,34,1.5,Feb/25/2013 16:14:21
770019,ITALY.PM.OTHER,Any other individual to be Prime Minister of Italy after the 2013 general election,1,2.8,Feb/25/2013 16:16:33
770019,ITALY.PM.OTHER,Any other individual to be Prime Minister of Italy after the 2013 general election,1,2.8,Feb/25/2013 16:16:34
770019,ITALY.PM.OTHER,Any other individual to be Prime Minister of Italy after the 2013 general election,1,10.0,Feb/25/2013 16:51:47
770019,ITALY.PM.OTHER,Any other individual to be Prime Minister of Italy after the 2013 general election,1,6.1,Feb/25/2013 17:01:45
770019,ITALY.PM.OTHER,Any other individual to be Prime Minister of Italy after the 2013 general election,1,6.1,Feb/25/2013 17:01:55
770019,ITALY.PM.OTHER,Any other individual to be Prime Minister of Italy after the 2013 general election,1,6.1,Feb/25/2013 17:02:05
770019,ITALY.PM.OTHER,Any other individual to be Prime Minister of Italy after the 2013 general election,4,11.0,Feb/25/2013 17:13:20
770019,ITALY.PM.OTHER,Any other individual to be Prime Minister of Italy after the 2013 general election,1,10.0,Feb/25/2013 17:13:20
770019,ITALY.PM.OTHER,Any other individual to be Prime Minister of Italy after the 2013 general election,3,9.0,Feb/25/2013 17:13:20
770019,ITALY.PM.OTHER,Any other individual to be Prime Minister of Italy after the 2013 general election,5,5.0,Feb/25/2013 17:14:34
770019,ITALY.PM.OTHER,Any other individual to be Prime Minister of Italy after the 2013 general election,1,5.5,Feb/25/2013 17:59:49
770019,ITALY.PM.OTHER,Any other individual to be Prime Minister of Italy after the 2013 general election,1,5.8,Feb/25/2013 18:01:08
770019,ITALY.PM.OTHER,Any other individual to be Prime Minister of Italy after the 2013 general election,2,6.0,Feb/25/2013 18:30:25
770019,ITALY.PM.OTHER,Any other individual to be Prime Minister of Italy after the 2013 general election,1,5.8,Feb/25/2013 18:30:25
770019,ITALY.PM.OTHER,Any other individual to be Prime Minister of Italy after the 2013 general election,1,6.0,Feb/25/2013 18:40:56
770019,ITALY.PM.OTHER,Any other individual to be Prime Minister of Italy after the 2013 general election,1,6.0,Feb/25/2013 18:41:03
770019,ITALY.PM.OTHER,Any other individual to be Prime Minister of Italy after the 2013 general election,1,6.0,Feb/25/2013 18:41:08
770019,ITALY.PM.OTHER,Any other individual to be Prime Minister of Italy after the 2013 general election,1,6.0,Feb/25/2013 18:41:14
770019,ITALY.PM.OTHER,Any other individual to be Prime Minister of Italy after the 2013 general election,1,6.0,Feb/25/2013 18:41:19
770019,ITALY.PM.OTHER,Any other individual to be Prime Minister of Italy after the 2013 general election,1,6.0,Feb/25/2013 18:41:27
770019,ITALY.PM.OTHER,Any other individual to be Prime Minister of Italy after the 2013 general election,1,6.0,Feb/25/2013 18:41:33
770019,ITALY.PM.OTHER,Any other individual to be Prime Minister of Italy after the 2013 general election,2,5.0,Feb/25/2013 18:41:46
770019,ITALY.PM.OTHER,Any other individual to be Prime Minister of Italy after the 2013 general election,2,5.0,Feb/25/2013 18:42:28
770019,ITALY.PM.OTHER,Any other individual to be Prime Minister of Italy after the 2013 general election,1,5.0,Feb/25/2013 18:42:30
770019,ITALY.PM.OTHER,Any other individual to be Prime Minister of Italy after the 2013 general election,1,5.0,Feb/25/2013 18:42:34
770019,ITALY.PM.OTHER,Any other individual to be Prime Minister of Italy after the 2013 general election,1,5.0,Feb/25/2013 18:42:35
770019,ITALY.PM.OTHER,Any other individual to be Prime Minister of Italy after the 2013 general election,1,5.0,Feb/25/2013 18:42:36
770019,ITALY.PM.OTHER,Any other individual to be Prime Minister of Italy after the 2013 general election,1,5.0,Feb/25/2013 18:42:47
770019,ITALY.PM.OTHER,Any other individual to be Prime Minister of Italy after the 2013 general election,1,5.0,Feb/25/2013 18:42:54
770019,ITALY.PM.OTHER,Any other individual to be Prime Minister of Italy after the 2013 general election,1,4.1,Feb/25/2013 18:43:01
770019,ITALY.PM.OTHER,Any other individual to be Prime Minister of Italy after the 2013 general election,1,4.1,Feb/25/2013 18:43:08
770019,ITALY.PM.OTHER,Any other individual to be Prime Minister of Italy after the 2013 general election,1,4.1,Feb/25/2013 18:44:27
770019,ITALY.PM.OTHER,Any other individual to be Prime Minister of Italy after the 2013 general election,1,4.1,Feb/25/2013 18:44:31
770019,ITALY.PM.OTHER,Any other individual to be Prime Minister of Italy after the 2013 general election,1,4.1,Feb/25/2013 18:44:37
770019,ITALY.PM.OTHER,Any other individual to be Prime Minister of Italy after the 2013 general election,1,4.1,Feb/25/2013 18:44:45
770019,ITALY.PM.OTHER,Any other individual to be Prime Minister of Italy after the 2013 general election,1,4.1,Feb/25/2013 18:46:46
770019,ITALY.PM.OTHER,Any other individual to be Prime Minister of Italy after the 2013 general election,1,4.1,Feb/25/2013 18:46:47
770019,ITALY.PM.OTHER,Any other individual to be Prime Minister of Italy after the 2013 general election,1,4.1,Feb/25/2013 18:46:48
770019,ITALY.PM.OTHER,Any other individual to be Prime Minister of Italy after the 2013 general election,1,4.1,Feb/25/2013 18:46:49
770019,ITALY.PM.OTHER,Any other individual to be Prime Minister of Italy after the 2013 general election,2,4.0,Feb/25/2013 18:46:51
770019,ITALY.PM.OTHER,Any other individual to be Prime Minister of Italy after the 2013 general election,2,4.0,Feb/25/2013 18:46:52
770019,ITALY.PM.OTHER,Any other individual to be Prime Minister of Italy after the 2013 general election,1,4.0,Feb/25/2013 18:46:54
770019,ITALY.PM.OTHER,Any other individual to be Prime Minister of Italy after the 2013 general election,1,4.0,Feb/25/2013 18:46:55
770019,ITALY.PM.OTHER,Any other individual to be Prime Minister of Italy after the 2013 general election,1,4.0,Feb/25/2013 18:46:56
770019,ITALY.PM.OTHER,Any other individual to be Prime Minister of Italy after the 2013 general election,10,4.0,Feb/25/2013 18:46:57
770019,ITALY.PM.OTHER,Any other individual to be Prime Minister of Italy after the 2013 general election,10,4.0,Feb/25/2013 18:47:35
770019,ITALY.PM.OTHER,Any other individual to be Prime Minister of Italy after the 2013 general election,10,4.0,Feb/25/2013 18:48:04
770019,ITALY.PM.OTHER,Any other individual to be Prime Minister of Italy after the 2013 general election,1,7.0,Feb/25/2013 18:51:44
770019,ITALY.PM.OTHER,Any other individual to be Prime Minister of Italy after the 2013 general election,1,7.0,Feb/25/2013 18:52:10
770019,ITALY.PM.OTHER,Any other individual to be Prime Minister of Italy after the 2013 general election,1,10.3,Feb/25/2013 19:13:28
770019,ITALY.PM.OTHER,Any other individual to be Prime Minister of Italy after the 2013 general election,1,8.6,Feb/25/2013 19:24:26
770019,ITALY.PM.OTHER,Any other individual to be Prime Minister of Italy after the 2013 general election,1,9.0,Feb/25/2013 19:46:07
770019,ITALY.PM.OTHER,Any other individual to be Prime Minister of Italy after the 2013 general election,1,9.5,Feb/25/2013 19:54:31
770019,ITALY.PM.OTHER,Any other individual to be Prime Minister of Italy after the 2013 general election,1,9.9,Feb/25/2013 20:33:51
770019,ITALY.PM.OTHER,Any other individual to be Prime Minister of Italy after the 2013 general election,1,9.8,Feb/25/2013 20:41:25
770019,ITALY.PM.OTHER,Any other individual to be Prime Minister of Italy after the 2013 general election,1,9.8,Feb/25/2013 20:41:26
770019,ITALY.PM.OTHER,Any other individual to be Prime Minister of Italy after the 2013 general election,1,9.8,Feb/25/2013 20:41:27
770019,ITALY.PM.OTHER,Any other individual to be Prime Minister of Italy after the 2013 general election,1,9.9,Feb/25/2013 20:41:28
770019,ITALY.PM.OTHER,Any other individual to be Prime Minister of Italy after the 2013 general election,1,9.9,Feb/25/2013 20:41:29
770019,ITALY.PM.OTHER,Any other individual to be Prime Minister of Italy after the 2013 general election,1,9.9,Feb/25/2013 20:41:30
770019,ITALY.PM.OTHER,Any other individual to be Prime Minister of Italy after the 2013 general election,1,9.9,Feb/25/2013 20:41:32
770019,ITALY.PM.OTHER,Any other individual to be Prime Minister of Italy after the 2013 general election,1,14.8,Feb/25/2013 21:00:49
770019,ITALY.PM.OTHER,Any other individual to be Prime Minister of Italy after the 2013 general election,1,14.8,Feb/25/2013 21:01:10
770019,ITALY.PM.OTHER,Any other individual to be Prime Minister of Italy after the 2013 general election,1,12.8,Feb/25/2013 21:07:20
770019,ITALY.PM.OTHER,Any other individual to be Prime Minister of Italy after the 2013 general election,1,12.8,Feb/25/2013 21:07:40
770019,ITALY.PM.OTHER,Any other individual to be Prime Minister of Italy after the 2013 general election,1,12.8,Feb/25/2013 21:08:08
770019,ITALY.PM.OTHER,Any other individual to be Prime Minister of Italy after the 2013 general election,1,12.8,Feb/25/2013 21:08:20
770019,ITALY.PM.OTHER,Any other individual to be Prime Minister of Italy after the 2013 general election,1,12.8,Feb/25/2013 21:08:33
770019,ITALY.PM.OTHER,Any other individual to be Prime Minister of Italy after the 2013 general election,1,13.6,Feb/25/2013 21:09:10
770019,ITALY.PM.OTHER,Any other individual to be Prime Minister of Italy after the 2013 general election,1,13.6,Feb/25/2013 21:10:09
770019,ITALY.PM.OTHER,Any other individual to be Prime Minister of Italy after the 2013 general election,1,13.6,Feb/25/2013 21:10:21
770019,ITALY.PM.OTHER,Any other individual to be Prime Minister of Italy after the 2013 general election,1,13.6,Feb/25/2013 21:10:37
770019,ITALY.PM.OTHER,Any other individual to be Prime Minister of Italy after the 2013 general election,1,13.6,Feb/25/2013 21:10:46
770019,ITALY.PM.OTHER,Any other individual to be Prime Minister of Italy after the 2013 general election,1,13.6,Feb/25/2013 21:10:57
770019,ITALY.PM.OTHER,Any other individual to be Prime Minister of Italy after the 2013 general election,1,14.4,Feb/25/2013 21:11:17
770019,ITALY.PM.OTHER,Any other individual to be Prime Minister of Italy after the 2013 general election,1,14.3,Feb/25/2013 21:13:36
770019,ITALY.PM.OTHER,Any other individual to be Prime Minister of Italy after the 2013 general election,1,14.3,Feb/25/2013 21:13:53
770019,ITALY.PM.OTHER,Any other individual to be Prime Minister of Italy after the 2013 general election,1,14.3,Feb/25/2013 21:14:09
770019,ITALY.PM.OTHER,Any other individual to be Prime Minister of Italy after the 2013 general election,1,14.4,Feb/25/2013 21:14:20
770019,ITALY.PM.OTHER,Any other individual to be Prime Minister of Italy after the 2013 general election,9,15.9,Feb/25/2013 21:14:36
770019,ITALY.PM.OTHER,Any other individual to be Prime Minister of Italy after the 2013 general election,8,15.1,Feb/25/2013 21:14:36
770019,ITALY.PM.OTHER,Any other individual to be Prime Minister of Italy after the 2013 general election,5,14.4,Feb/25/2013 21:14:36
770019,ITALY.PM.OTHER,Any other individual to be Prime Minister of Italy after the 2013 general election,2,15.9,Feb/25/2013 21:14:36
770019,ITALY.PM.OTHER,Any other individual to be Prime Minister of Italy after the 2013 general election,1,16.9,Feb/25/2013 21:21:07
770019,ITALY.PM.OTHER,Any other individual to be Prime Minister of Italy after the 2013 general election,1,16.9,Feb/25/2013 21:24:10
770019,ITALY.PM.OTHER,Any other individual to be Prime Minister of Italy after the 2013 general election,1,16.9,Feb/25/2013 21:24:31
770019,ITALY.PM.OTHER,Any other individual to be Prime Minister of Italy after the 2013 general election,1,16.8,Feb/25/2013 21:34:08
770019,ITALY.PM.OTHER,Any other individual to be Prime Minister of Italy after the 2013 general election,1,16.8,Feb/25/2013 21:35:46
770019,ITALY.PM.OTHER,Any other individual to be Prime Minister of Italy after the 2013 general election,1,16.8,Feb/25/2013 21:36:54
770019,ITALY.PM.OTHER,Any other individual to be Prime Minister of Italy after the 2013 general election,1,16.8,Feb/25/2013 21:39:09
770019,ITALY.PM.OTHER,Any other individual to be Prime Minister of Italy after the 2013 general election,1,16.8,Feb/25/2013 21:55:02
770019,ITALY.PM.OTHER,Any other individual to be Prime Minister of Italy after the 2013 general election,1,16.9,Feb/25/2013 21:55:14
770019,ITALY.PM.OTHER,Any other individual to be Prime Minister of Italy after the 2013 general election,1,16.9,Feb/25/2013 21:56:05
770019,ITALY.PM.OTHER,Any other individual to be Prime Minister of Italy after the 2013 general election,1,16.9,Feb/25/2013 21:56:37
770019,ITALY.PM.OTHER,Any other individual to be Prime Minister of Italy after the 2013 general election,1,17.9,Feb/25/2013 22:12:27
770019,ITALY.PM.OTHER,Any other individual to be Prime Minister of Italy after the 2013 general election,1,15.3,Feb/25/2013 22:39:21
770019,ITALY.PM.OTHER,Any other individual to be Prime Minister of Italy after the 2013 general election,1,14.3,Feb/25/2013 22:39:32
770019,ITALY.PM.OTHER,Any other individual to be Prime Minister of Italy after the 2013 general election,1,13.9,Feb/25/2013 22:39:41
770019,ITALY.PM.OTHER,Any other individual to be Prime Minister of Italy after the 2013 general election,1,13.7,Feb/25/2013 22:39:51
770019,ITALY.PM.OTHER,Any other individual to be Prime Minister of Italy after the 2013 general election,1,15.0,Feb/25/2013 22:42:19
770019,ITALY.PM.OTHER,Any other individual to be Prime Minister of Italy after the 2013 general election,1,17.8,Feb/25/2013 23:33:05
770019,ITALY.PM.OTHER,Any other individual to be Prime Minister of Italy after the 2013 general election,5,19.8,Feb/25/2013 23:43:53
770019,ITALY.PM.OTHER,Any other individual to be Prime Minister of Italy after the 2013 general election,4,17.8,Feb/25/2013 23:43:53
770019,ITALY.PM.OTHER,Any other individual to be Prime Minister of Italy after the 2013 general election,1,19.9,Feb/25/2013 23:43:53
770019,ITALY.PM.OTHER,Any other individual to be Prime Minister of Italy after the 2013 general election,1,20.0,Feb/26/2013 08:24:17
770019,ITALY.PM.OTHER,Any other individual to be Prime Minister of Italy after the 2013 general election,1,20.0,Feb/26/2013 08:24:40
770019,ITALY.PM.OTHER,Any other individual to be Prime Minister of Italy after the 2013 general election,1,22.9,Feb/26/2013 08:24:45
770019,ITALY.PM.OTHER,Any other individual to be Prime Minister of Italy after the 2013 general election,1,22.9,Feb/26/2013 08:24:51
770019,ITALY.PM.OTHER,Any other individual to be Prime Minister of Italy after the 2013 general election,4,22.9,Feb/26/2013 08:24:58
770019,ITALY.PM.OTHER,Any other individual to be Prime Minister of Italy after the 2013 general election,6,23.9,Feb/26/2013 08:25:11
770019,ITALY.PM.OTHER,Any other individual to be Prime Minister of Italy after the 2013 general election,5,24.9,Feb/26/2013 08:25:24
770019,ITALY.PM.OTHER,Any other individual to be Prime Minister of Italy after the 2013 general election,7,24.9,Feb/26/2013 08:25:24
770019,ITALY.PM.OTHER,Any other individual to be Prime Minister of Italy after the 2013 general election,8,25.9,Feb/26/2013 08:25:46
770019,ITALY.PM.OTHER,Any other individual to be Prime Minister of Italy after the 2013 general election,9,26.9,Feb/26/2013 08:26:26
770019,ITALY.PM.OTHER,Any other individual to be Prime Minister of Italy after the 2013 general election,2,18.0,Feb/26/2013 09:21:21
770019,ITALY.PM.OTHER,Any other individual to be Prime Minister of Italy after the 2013 general election,2,17.5,Feb/26/2013 09:25:52
770019,ITALY.PM.OTHER,Any other individual to be Prime Minister of Italy after the 2013 general election,1,18.0,Feb/26/2013 11:49:35
770019,ITALY.PM.OTHER,Any other individual to be Prime Minister of Italy after the 2013 general election,1,18.0,Feb/26/2013 11:50:08
770019,ITALY.PM.OTHER,Any other individual to be Prime Minister of Italy after the 2013 general election,2,19.9,Feb/26/2013 14:28:21
770019,ITALY.PM.OTHER,Any other individual to be Prime Minister of Italy after the 2013 general election,3,19.5,Feb/26/2013 14:28:21
770019,ITALY.PM.OTHER,Any other individual to be Prime Minister of Italy after the 2013 general election,1,20.0,Feb/26/2013 14:49:41
770019,ITALY.PM.OTHER,Any other individual to be Prime Minister of Italy after the 2013 general election,1,20.0,Feb/26/2013 14:52:52
770019,ITALY.PM.OTHER,Any other individual to be Prime Minister of Italy after the 2013 general election,1,20.0,Feb/26/2013 14:58:28
770019,ITALY.PM.OTHER,Any other individual to be Prime Minister of Italy after the 2013 general election,1,20.0,Feb/26/2013 15:16:44
770019,ITALY.PM.OTHER,Any other individual to be Prime Minister of Italy after the 2013 general election,1,20.0,Feb/26/2013 15:17:18
770019,ITALY.PM.OTHER,Any other individual to be Prime Minister of Italy after the 2013 general election,2,20.0,Feb/26/2013 15:44:32
770019,ITALY.PM.OTHER,Any other individual to be Prime Minister of Italy after the 2013 general election,1,20.0,Feb/26/2013 15:44:51
770019,ITALY.PM.OTHER,Any other individual to be Prime Minister of Italy after the 2013 general election,1,20.0,Feb/26/2013 15:45:07
770019,ITALY.PM.OTHER,Any other individual to be Prime Minister of Italy after the 2013 general election,1,20.0,Feb/26/2013 15:45:18
770019,ITALY.PM.OTHER,Any other individual to be Prime Minister of Italy after the 2013 general election,1,20.0,Feb/26/2013 15:45:30
770019,ITALY.PM.OTHER,Any other individual to be Prime Minister of Italy after the 2013 general election,1,20.0,Feb/26/2013 15:46:25
770019,ITALY.PM.OTHER,Any other individual to be Prime Minister of Italy after the 2013 general election,1,20.0,Feb/26/2013 16:38:53
770019,ITALY.PM.OTHER,Any other individual to be Prime Minister of Italy after the 2013 general election,1,21.5,Feb/26/2013 17:26:23
770019,ITALY.PM.OTHER,Any other individual to be Prime Minister of Italy after the 2013 general election,1,21.5,Feb/26/2013 17:53:46
770019,ITALY.PM.OTHER,Any other individual to be Prime Minister of Italy after the 2013 general election,5,23.1,Feb/26/2013 20:24:59
770019,ITALY.PM.OTHER,Any other individual to be Prime Minister of Italy after the 2013 general election,3,23.0,Feb/27/2013 06:37:27
770019,ITALY.PM.OTHER,Any other individual to be Prime Minister of Italy after the 2013 general election,2,23.0,Feb/27/2013 07:22:12
770019,ITALY.PM.OTHER,Any other individual to be Prime Minister of Italy after the 2013 general election,2,22.8,Feb/27/2013 11:06:48
770019,ITALY.PM.OTHER,Any other individual to be Prime Minister of Italy after the 2013 general election,2,22.5,Feb/27/2013 11:06:48
770019,ITALY.PM.OTHER,Any other individual to be Prime Minister of Italy after the 2013 general election,1,22.1,Feb/27/2013 11:06:48
770019,ITALY.PM.OTHER,Any other individual to be Prime Minister of Italy after the 2013 general election,4,23.0,Feb/27/2013 11:41:11
770019,ITALY.PM.OTHER,Any other individual to be Prime Minister of Italy after the 2013 general election,4,23.0,Feb/27/2013 11:41:25
770019,ITALY.PM.OTHER,Any other individual to be Prime Minister of Italy after the 2013 general election,5,22.1,Feb/27/2013 12:19:50
770019,ITALY.PM.OTHER,Any other individual to be Prime Minister of Italy after the 2013 general election,3,23.0,Feb/27/2013 12:48:07
770019,ITALY.PM.OTHER,Any other individual to be Prime Minister of Italy after the 2013 general election,2,23.0,Feb/27/2013 12:52:18
770019,ITALY.PM.OTHER,Any other individual to be Prime Minister of Italy after the 2013 general election,2,23.0,Feb/27/2013 12:54:24
770019,ITALY.PM.OTHER,Any other individual to be Prime Minister of Italy after the 2013 general election,1,23.0,Feb/27/2013 12:57:56
770019,ITALY.PM.OTHER,Any other individual to be Prime Minister of Italy after the 2013 general election,1,23.0,Feb/27/2013 12:58:36
770019,ITALY.PM.OTHER,Any other individual to be Prime Minister of Italy after the 2013 general election,1,22.1,Feb/27/2013 14:49:09
770019,ITALY.PM.OTHER,Any other individual to be Prime Minister of Italy after the 2013 general election,1,22.1,Feb/27/2013 14:49:10
770019,ITALY.PM.OTHER,Any other individual to be Prime Minister of Italy after the 2013 general election,1,22.1,Feb/27/2013 14:49:11
770019,ITALY.PM.OTHER,Any other individual to be Prime Minister of Italy after the 2013 general election,3,21.1,Feb/27/2013 18:08:53
770019,ITALY.PM.OTHER,Any other individual to be Prime Minister of Italy after the 2013 general election,2,21.5,Feb/27/2013 18:08:53
770019,ITALY.PM.OTHER,Any other individual to be Prime Minister of Italy after the 2013 general election,1,21.1,Feb/27/2013 18:53:40
770019,ITALY.PM.OTHER,Any other individual to be Prime Minister of Italy after the 2013 general election,1,21.1,Feb/27/2013 18:53:42
770019,ITALY.PM.OTHER,Any other individual to be Prime Minister of Italy after the 2013 general election,1,21.1,Feb/27/2013 18:53:43
770019,ITALY.PM.OTHER,Any other individual to be Prime Minister of Italy after the 2013 general election,1,21.1,Feb/27/2013 18:53:44
770019,ITALY.PM.OTHER,Any other individual to be Prime Minister of Italy after the 2013 general election,1,20.5,Feb/27/2013 18:53:46
770019,ITALY.PM.OTHER,Any other individual to be Prime Minister of Italy after the 2013 general election,1,20.5,Feb/27/2013 18:53:47
770019,ITALY.PM.OTHER,Any other individual to be Prime Minister of Italy after the 2013 general election,2,20.1,Feb/27/2013 18:53:49
770019,ITALY.PM.OTHER,Any other individual to be Prime Minister of Italy after the 2013 general election,2,20.1,Feb/27/2013 18:53:50
770019,ITALY.PM.OTHER,Any other individual to be Prime Minister of Italy after the 2013 general election,1,20.1,Feb/27/2013 18:53:51
770019,ITALY.PM.OTHER,Any other individual to be Prime Minister of Italy after the 2013 general election,1,20.1,Feb/27/2013 18:53:52
770019,ITALY.PM.OTHER,Any other individual to be Prime Minister of Italy after the 2013 general election,1,20.1,Feb/27/2013 18:53:53
770019,ITALY.PM.OTHER,Any other individual to be Prime Minister of Italy after the 2013 general election,1,20.1,Feb/27/2013 18:53:54
770019,ITALY.PM.OTHER,Any other individual to be Prime Minister of Italy after the 2013 general election,1,19.5,Feb/27/2013 18:53:56
770019,ITALY.PM.OTHER,Any other individual to be Prime Minister of Italy after the 2013 general election,1,19.5,Feb/27/2013 18:53:57
770019,ITALY.PM.OTHER,Any other individual to be Prime Minister of Italy after the 2013 general election,2,19.1,Feb/27/2013 18:54:00
770019,ITALY.PM.OTHER,Any other individual to be Prime Minister of Italy after the 2013 general election,2,19.1,Feb/27/2013 18:54:01
770019,ITALY.PM.OTHER,Any other individual to be Prime Minister of Italy after the 2013 general election,2,19.1,Feb/27/2013 18:54:02
770019,ITALY.PM.OTHER,Any other individual to be Prime Minister of Italy after the 2013 general election,1,19.1,Feb/27/2013 18:54:03
770019,ITALY.PM.OTHER,Any other individual to be Prime Minister of Italy after the 2013 general election,1,19.1,Feb/27/2013 18:54:04
770019,ITALY.PM.OTHER,Any other individual to be Prime Minister of Italy after the 2013 general election,1,19.1,Feb/27/2013 18:54:05
770019,ITALY.PM.OTHER,Any other individual to be Prime Minister of Italy after the 2013 general election,2,18.1,Feb/27/2013 18:54:06
770019,ITALY.PM.OTHER,Any other individual to be Prime Minister of Italy after the 2013 general election,2,18.1,Feb/27/2013 18:54:07
770019,ITALY.PM.OTHER,Any other individual to be Prime Minister of Italy after the 2013 general election,2,18.1,Feb/27/2013 18:54:08
770019,ITALY.PM.OTHER,Any other individual to be Prime Minister of Italy after the 2013 general election,1,18.1,Feb/27/2013 18:54:09
770019,ITALY.PM.OTHER,Any other individual to be Prime Minister of Italy after the 2013 general election,1,18.1,Feb/27/2013 18:54:10
770019,ITALY.PM.OTHER,Any other individual to be Prime Minister of Italy after the 2013 general election,1,18.1,Feb/27/2013 18:54:11
770019,ITALY.PM.OTHER,Any other individual to be Prime Minister of Italy after the 2013 general election,1,18.1,Feb/27/2013 18:54:13
770019,ITALY.PM.OTHER,Any other individual to be Prime Minister of Italy after the 2013 general election,1,17.5,Feb/27/2013 18:54:14
770019,ITALY.PM.OTHER,Any other individual to be Prime Minister of Italy after the 2013 general election,1,17.5,Feb/27/2013 18:54:15
770019,ITALY.PM.OTHER,Any other individual to be Prime Minister of Italy after the 2013 general election,1,17.1,Feb/27/2013 18:54:16
770019,ITALY.PM.OTHER,Any other individual to be Prime Minister of Italy after the 2013 general election,10,17.1,Feb/27/2013 18:57:10
770019,ITALY.PM.OTHER,Any other individual to be Prime Minister of Italy after the 2013 general election,10,16.1,Feb/27/2013 18:57:56
770019,ITALY.PM.OTHER,Any other individual to be Prime Minister of Italy after the 2013 general election,4,15.1,Feb/27/2013 18:59:53
770019,ITALY.PM.OTHER,Any other individual to be Prime Minister of Italy after the 2013 general election,2,16.1,Feb/27/2013 18:59:53
770019,ITALY.PM.OTHER,Any other individual to be Prime Minister of Italy after the 2013 general election,2,15.5,Feb/27/2013 18:59:53
770019,ITALY.PM.OTHER,Any other individual to be Prime Minister of Italy after the 2013 general election,9,15.1,Feb/27/2013 19:05:12
770019,ITALY.PM.OTHER,Any other individual to be Prime Minister of Italy after the 2013 general election,2,15.0,Feb/27/2013 19:06:18
770019,ITALY.PM.OTHER,Any other individual to be Prime Minister of Italy after the 2013 general election,5,17.3,Feb/27/2013 22:02:57
770019,ITALY.PM.OTHER,Any other individual to be Prime Minister of Italy after the 2013 general election,4,17.4,Feb/27/2013 22:03:44
770019,ITALY.PM.OTHER,Any other individual to be Prime Minister of Italy after the 2013 general election,1,17.9,Feb/27/2013 22:04:18
770019,ITALY.PM.OTHER,Any other individual to be Prime Minister of Italy after the 2013 general election,1,19.9,Feb/27/2013 22:14:47
770019,ITALY.PM.OTHER,Any other individual to be Prime Minister of Italy after the 2013 general election,5,20.0,Feb/27/2013 23:47:13
770019,ITALY.PM.OTHER,Any other individual to be Prime Minister of Italy after the 2013 general election,1,17.5,Feb/28/2013 12:30:39
770019,ITALY.PM.OTHER,Any other individual to be Prime Minister of Italy after the 2013 general election,1,19.9,Feb/28/2013 12:55:58
770019,ITALY.PM.OTHER,Any other individual to be Prime Minister of Italy after the 2013 general election,1,20.9,Feb/28/2013 20:14:36
770019,ITALY.PM.OTHER,Any other individual to be Prime Minister of Italy after the 2013 general election,1,21.4,Feb/28/2013 21:05:13
770019,ITALY.PM.OTHER,Any other individual to be Prime Minister of Italy after the 2013 general election,1,21.9,Feb/28/2013 21:10:38
770019,ITALY.PM.OTHER,Any other individual to be Prime Minister of Italy after the 2013 general election,1,24.3,Feb/28/2013 21:11:24
770019,ITALY.PM.OTHER,Any other individual to be Prime Minister of Italy after the 2013 general election,1,24.2,Feb/28/2013 21:11:34
770019,ITALY.PM.OTHER,Any other individual to be Prime Minister of Italy after the 2013 general election,1,24.2,Feb/28/2013 21:11:46
770019,ITALY.PM.OTHER,Any other individual to be Prime Minister of Italy after the 2013 general election,1,24.0,Feb/28/2013 21:12:07
770019,ITALY.PM.OTHER,Any other individual to be Prime Minister of Italy after the 2013 general election,2,27.1,Feb/28/2013 21:12:46
770019,ITALY.PM.OTHER,Any other individual to be Prime Minister of Italy after the 2013 general election,1,27.0,Feb/28/2013 21:12:46
770019,ITALY.PM.OTHER,Any other individual to be Prime Minister of Italy after the 2013 general election,2,27.1,Feb/28/2013 21:12:48
770019,ITALY.PM.OTHER,Any other individual to be Prime Minister of Italy after the 2013 general election,1,27.1,Feb/28/2013 21:12:49
770019,ITALY.PM.OTHER,Any other individual to be Prime Minister of Italy after the 2013 general election,1,27.1,Feb/28/2013 21:12:50
770019,ITALY.PM.OTHER,Any other individual to be Prime Minister of Italy after the 2013 general election,1,27.1,Feb/28/2013 21:12:51
770019,ITALY.PM.OTHER,Any other individual to be Prime Minister of Italy after the 2013 general election,15,27.1,Feb/28/2013 21:21:50
770019,ITALY.PM.OTHER,Any other individual to be Prime Minister of Italy after the 2013 general election,2,27.1,Feb/28/2013 21:22:31
770019,ITALY.PM.OTHER,Any other individual to be Prime Minister of Italy after the 2013 general election,1,23.0,Mar/01/2013 17:03:37
770019,ITALY.PM.OTHER,Any other individual to be Prime Minister of Italy after the 2013 general election,2,21.9,Mar/01/2013 19:33:22
770019,ITALY.PM.OTHER,Any other individual to be Prime Minister of Italy after the 2013 general election,1,21.9,Mar/01/2013 19:34:27
770019,ITALY.PM.OTHER,Any other individual to be Prime Minister of Italy after the 2013 general election,3,21.9,Mar/01/2013 19:34:35
770019,ITALY.PM.OTHER,Any other individual to be Prime Minister of Italy after the 2013 general election,5,21.1,Mar/01/2013 19:34:53
770019,ITALY.PM.OTHER,Any other individual to be Prime Minister of Italy after the 2013 general election,2,20.5,Mar/01/2013 19:35:02
770019,ITALY.PM.OTHER,Any other individual to be Prime Minister of Italy after the 2013 general election,5,20.1,Mar/01/2013 19:35:14
770019,ITALY.PM.OTHER,Any other individual to be Prime Minister of Italy after the 2013 general election,1,24.8,Mar/02/2013 11:37:39
770019,ITALY.PM.OTHER,Any other individual to be Prime Minister of Italy after the 2013 general election,1,24.8,Mar/02/2013 11:37:48
770019,ITALY.PM.OTHER,Any other individual to be Prime Minister of Italy after the 2013 general election,2,23.1,Mar/02/2013 16:32:21
770019,ITALY.PM.OTHER,Any other individual to be Prime Minister of Italy after the 2013 general election,1,23.1,Mar/02/2013 16:32:33
770019,ITALY.PM.OTHER,Any other individual to be Prime Minister of Italy after the 2013 general election,1,23.1,Mar/02/2013 16:32:39
770019,ITALY.PM.OTHER,Any other individual to be Prime Minister of Italy after the 2013 general election,1,23.1,Mar/02/2013 16:32:46
770019,ITALY.PM.OTHER,Any other individual to be Prime Minister of Italy after the 2013 general election,1,23.1,Mar/02/2013 16:33:00
770019,ITALY.PM.OTHER,Any other individual to be Prime Minister of Italy after the 2013 general election,2,22.1,Mar/02/2013 16:33:36
770019,ITALY.PM.OTHER,Any other individual to be Prime Minister of Italy after the 2013 general election,5,25.8,Mar/03/2013 20:43:27
770019,ITALY.PM.OTHER,Any other individual to be Prime Minister of Italy after the 2013 general election,17,25.9,Mar/03/2013 20:44:27
770019,ITALY.PM.OTHER,Any other individual to be Prime Minister of Italy after the 2013 general election,5,27.1,Mar/04/2013 00:57:40
770019,ITALY.PM.OTHER,Any other individual to be Prime Minister of Italy after the 2013 general election,10,29.4,Mar/04/2013 15:26:08
770019,ITALY.PM.OTHER,Any other individual to be Prime Minister of Italy after the 2013 general election,1,31.2,Mar/04/2013 15:33:19
770019,ITALY.PM.OTHER,Any other individual to be Prime Minister of Italy after the 2013 general election,1,31.2,Mar/04/2013 15:33:22
770019,ITALY.PM.OTHER,Any other individual to be Prime Minister of Italy after the 2013 general election,1,31.2,Mar/04/2013 15:33:23
770019,ITALY.PM.OTHER,Any other individual to be Prime Minister of Italy after the 2013 general election,1,31.2,Mar/04/2013 15:33:24
770019,ITALY.PM.OTHER,Any other individual to be Prime Minister of Italy after the 2013 general election,1,31.2,Mar/04/2013 15:33:25
770019,ITALY.PM.OTHER,Any other individual to be Prime Minister of Italy after the 2013 general election,1,31.8,Mar/04/2013 16:20:08
770019,ITALY.PM.OTHER,Any other individual to be Prime Minister of Italy after the 2013 general election,1,31.8,Mar/04/2013 16:20:18
770019,ITALY.PM.OTHER,Any other individual to be Prime Minister of Italy after the 2013 general election,1,31.8,Mar/04/2013 16:20:27
770019,ITALY.PM.OTHER,Any other individual to be Prime Minister of Italy after the 2013 general election,1,31.8,Mar/04/2013 16:20:36
770019,ITALY.PM.OTHER,Any other individual to be Prime Minister of Italy after the 2013 general election,1,40.6,Mar/04/2013 22:39:21
770019,ITALY.PM.OTHER,Any other individual to be Prime Minister of Italy after the 2013 general election,1,41.1,Mar/04/2013 23:25:35
770019,ITALY.PM.OTHER,Any other individual to be Prime Minister of Italy after the 2013 general election,1,41.1,Mar/04/2013 23:26:24
770019,ITALY.PM.OTHER,Any other individual to be Prime Minister of Italy after the 2013 general election,5,40.1,Mar/05/2013 04:04:07
770019,ITALY.PM.OTHER,Any other individual to be Prime Minister of Italy after the 2013 general election,5,40.0,Mar/05/2013 07:34:32
770019,ITALY.PM.OTHER,Any other individual to be Prime Minister of Italy after the 2013 general election,1,42.9,Mar/05/2013 15:12:14
770019,ITALY.PM.OTHER,Any other individual to be Prime Minister of Italy after the 2013 general election,5,40.7,Mar/05/2013 16:17:53
770019,ITALY.PM.OTHER,Any other individual to be Prime Minister of Italy after the 2013 general election,1,40.7,Mar/05/2013 16:24:11
770019,ITALY.PM.OTHER,Any other individual to be Prime Minister of Italy after the 2013 general election,1,40.7,Mar/05/2013 16:24:20
770019,ITALY.PM.OTHER,Any other individual to be Prime Minister of Italy after the 2013 general election,1,40.7,Mar/05/2013 16:24:25
770019,ITALY.PM.OTHER,Any other individual to be Prime Minister of Italy after the 2013 general election,1,40.7,Mar/05/2013 16:24:34
770019,ITALY.PM.OTHER,Any other individual to be Prime Minister of Italy after the 2013 general election,1,40.7,Mar/05/2013 16:24:41
770019,ITALY.PM.OTHER,Any other individual to be Prime Minister of Italy after the 2013 general election,1,40.7,Mar/05/2013 16:24:48
770019,ITALY.PM.OTHER,Any other individual to be Prime Minister of Italy after the 2013 general election,1,40.7,Mar/05/2013 16:24:55
770019,ITALY.PM.OTHER,Any other individual to be Prime Minister of Italy after the 2013 general election,1,40.7,Mar/05/2013 16:25:09
770019,ITALY.PM.OTHER,Any other individual to be Prime Minister of Italy after the 2013 general election,1,40.7,Mar/05/2013 16:25:37
770019,ITALY.PM.OTHER,Any other individual to be Prime Minister of Italy after the 2013 general election,1,40.7,Mar/05/2013 16:25:44
770019,ITALY.PM.OTHER,Any other individual to be Prime Minister of Italy after the 2013 general election,1,50.1,Mar/05/2013 17:49:54
770019,ITALY.PM.OTHER,Any other individual to be Prime Minister of Italy after the 2013 general election,4,50.1,Mar/05/2013 18:06:10
770019,ITALY.PM.OTHER,Any other individual to be Prime Minister of Italy after the 2013 general election,1,52.2,Mar/05/2013 20:55:57
770019,ITALY.PM.OTHER,Any other individual to be Prime Minister of Italy after the 2013 general election,3,50.1,Mar/05/2013 21:40:55
770019,ITALY.PM.OTHER,Any other individual to be Prime Minister of Italy after the 2013 general election,2,50.5,Mar/05/2013 22:10:06
770019,ITALY.PM.OTHER,Any other individual to be Prime Minister of Italy after the 2013 general election,1,50.1,Mar/06/2013 09:49:28
770019,ITALY.PM.OTHER,Any other individual to be Prime Minister of Italy after the 2013 general election,1,50.1,Mar/06/2013 10:38:17
770019,ITALY.PM.OTHER,Any other individual to be Prime Minister of Italy after the 2013 general election,4,49.1,Mar/06/2013 10:38:17
770019,ITALY.PM.OTHER,Any other individual to be Prime Minister of Italy after the 2013 general election,1,54.5,Mar/06/2013 12:46:39
770019,ITALY.PM.OTHER,Any other individual to be Prime Minister of Italy after the 2013 general election,2,54.5,Mar/06/2013 13:09:29
770019,ITALY.PM.OTHER,Any other individual to be Prime Minister of Italy after the 2013 general election,2,49.1,Mar/06/2013 13:09:40
770019,ITALY.PM.OTHER,Any other individual to be Prime Minister of Italy after the 2013 general election,2,50.1,Mar/06/2013 14:11:18
770019,ITALY.PM.OTHER,Any other individual to be Prime Minister of Italy after the 2013 general election,1,50.1,Mar/06/2013 14:32:21
770019,ITALY.PM.OTHER,Any other individual to be Prime Minister of Italy after the 2013 general election,5,49.6,Mar/06/2013 18:31:30
770019,ITALY.PM.OTHER,Any other individual to be Prime Minister of Italy after the 2013 general election,1,49.5,Mar/06/2013 20:19:13
770019,ITALY.PM.OTHER,Any other individual to be Prime Minister of Italy after the 2013 general election,8,49.1,Mar/06/2013 20:20:19
770019,ITALY.PM.OTHER,Any other individual to be Prime Minister of Italy after the 2013 general election,6,49.1,Mar/06/2013 20:20:19
770019,ITALY.PM.OTHER,Any other individual to be Prime Minister of Italy after the 2013 general election,1,48.6,Mar/06/2013 20:34:40
770019,ITALY.PM.OTHER,Any other individual to be Prime Minister of Italy after the 2013 general election,7,48.1,Mar/06/2013 20:34:40
770019,ITALY.PM.OTHER,Any other individual to be Prime Minister of Italy after the 2013 general election,1,48.0,Mar/06/2013 20:34:41
770019,ITALY.PM.OTHER,Any other individual to be Prime Minister of Italy after the 2013 general election,1,48.0,Mar/06/2013 20:34:42
770019,ITALY.PM.OTHER,Any other individual to be Prime Minister of Italy after the 2013 general election,1,48.5,Mar/06/2013 20:37:22
770019,ITALY.PM.OTHER,Any other individual to be Prime Minister of Italy after the 2013 general election,1,48.5,Mar/06/2013 20:37:23
770019,ITALY.PM.OTHER,Any other individual to be Prime Minister of Italy after the 2013 general election,1,48.5,Mar/06/2013 20:37:25
770019,ITALY.PM.OTHER,Any other individual to be Prime Minister of Italy after the 2013 general election,8,47.1,Mar/06/2013 20:38:18
770019,ITALY.PM.OTHER,Any other individual to be Prime Minister of Italy after the 2013 general election,2,46.5,Mar/06/2013 20:39:26
770019,ITALY.PM.OTHER,Any other individual to be Prime Minister of Italy after the 2013 general election,5,46.1,Mar/06/2013 20:39:26
770019,ITALY.PM.OTHER,Any other individual to be Prime Minister of Italy after the 2013 general election,4,46.1,Mar/07/2013 09:26:56
770019,ITALY.PM.OTHER,Any other individual to be Prime Minister of Italy after the 2013 general election,3,47.9,Mar/07/2013 13:55:49
770019,ITALY.PM.OTHER,Any other individual to be Prime Minister of Italy after the 2013 general election,1,45.1,Mar/07/2013 14:57:06
770019,ITALY.PM.OTHER,Any other individual to be Prime Minister of Italy after the 2013 general election,9,45.1,Mar/07/2013 15:10:58
770019,ITALY.PM.OTHER,Any other individual to be Prime Minister of Italy after the 2013 general election,27,45.0,Mar/08/2013 07:28:26
770019,ITALY.PM.OTHER,Any other individual to be Prime Minister of Italy after the 2013 general election,2,47.1,Mar/09/2013 17:24:27
770019,ITALY.PM.OTHER,Any other individual to be Prime Minister of Italy after the 2013 general election,1,50.1,Mar/09/2013 22:12:41
770019,ITALY.PM.OTHER,Any other individual to be Prime Minister of Italy after the 2013 general election,1,50.1,Mar/09/2013 22:12:50
770019,ITALY.PM.OTHER,Any other individual to be Prime Minister of Italy after the 2013 general election,1,50.1,Mar/09/2013 22:13:21
770019,ITALY.PM.OTHER,Any other individual to be Prime Minister of Italy after the 2013 general election,2,50.1,Mar/10/2013 07:44:57
