market id,market symbol,market name,trade quantity,trade price,date/time [utc]
747403,LIBYA.NO-FLY.MAR11,A no-fly zone to be declared over Libyan territory before midnight ET 31 Mar 2011,1,40.0,Mar/09/2011 16:26:04
747403,LIBYA.NO-FLY.MAR11,A no-fly zone to be declared over Libyan territory before midnight ET 31 Mar 2011,1,59.0,Mar/10/2011 01:10:02
747403,LIBYA.NO-FLY.MAR11,A no-fly zone to be declared over Libyan territory before midnight ET 31 Mar 2011,1,59.0,Mar/10/2011 02:35:10
747403,LIBYA.NO-FLY.MAR11,A no-fly zone to be declared over Libyan territory before midnight ET 31 Mar 2011,1,37.0,Mar/11/2011 00:49:12
747403,LIBYA.NO-FLY.MAR11,A no-fly zone to be declared over Libyan territory before midnight ET 31 Mar 2011,1,38.0,Mar/11/2011 00:49:29
747403,LIBYA.NO-FLY.MAR11,A no-fly zone to be declared over Libyan territory before midnight ET 31 Mar 2011,3,40.0,Mar/11/2011 15:05:19
747403,LIBYA.NO-FLY.MAR11,A no-fly zone to be declared over Libyan territory before midnight ET 31 Mar 2011,1,27.0,Mar/11/2011 17:32:16
747403,LIBYA.NO-FLY.MAR11,A no-fly zone to be declared over Libyan territory before midnight ET 31 Mar 2011,5,36.0,Mar/11/2011 17:37:28
747403,LIBYA.NO-FLY.MAR11,A no-fly zone to be declared over Libyan territory before midnight ET 31 Mar 2011,1,41.0,Mar/11/2011 17:53:45
747403,LIBYA.NO-FLY.MAR11,A no-fly zone to be declared over Libyan territory before midnight ET 31 Mar 2011,3,44.4,Mar/11/2011 17:54:09
747403,LIBYA.NO-FLY.MAR11,A no-fly zone to be declared over Libyan territory before midnight ET 31 Mar 2011,2,44.4,Mar/11/2011 17:54:09
747403,LIBYA.NO-FLY.MAR11,A no-fly zone to be declared over Libyan territory before midnight ET 31 Mar 2011,1,27.0,Mar/11/2011 20:30:42
747403,LIBYA.NO-FLY.MAR11,A no-fly zone to be declared over Libyan territory before midnight ET 31 Mar 2011,1,26.2,Mar/11/2011 20:31:05
747403,LIBYA.NO-FLY.MAR11,A no-fly zone to be declared over Libyan territory before midnight ET 31 Mar 2011,2,26.2,Mar/11/2011 20:31:21
747403,LIBYA.NO-FLY.MAR11,A no-fly zone to be declared over Libyan territory before midnight ET 31 Mar 2011,1,27.0,Mar/11/2011 20:56:02
747403,LIBYA.NO-FLY.MAR11,A no-fly zone to be declared over Libyan territory before midnight ET 31 Mar 2011,1,26.2,Mar/11/2011 20:56:02
747403,LIBYA.NO-FLY.MAR11,A no-fly zone to be declared over Libyan territory before midnight ET 31 Mar 2011,1,26.2,Mar/11/2011 20:56:02
747403,LIBYA.NO-FLY.MAR11,A no-fly zone to be declared over Libyan territory before midnight ET 31 Mar 2011,1,38.0,Mar/12/2011 04:58:21
747403,LIBYA.NO-FLY.MAR11,A no-fly zone to be declared over Libyan territory before midnight ET 31 Mar 2011,1,36.0,Mar/12/2011 16:48:06
747403,LIBYA.NO-FLY.MAR11,A no-fly zone to be declared over Libyan territory before midnight ET 31 Mar 2011,1,38.0,Mar/12/2011 16:48:18
747403,LIBYA.NO-FLY.MAR11,A no-fly zone to be declared over Libyan territory before midnight ET 31 Mar 2011,1,39.0,Mar/12/2011 16:48:28
747403,LIBYA.NO-FLY.MAR11,A no-fly zone to be declared over Libyan territory before midnight ET 31 Mar 2011,1,29.9,Mar/12/2011 19:59:41
747403,LIBYA.NO-FLY.MAR11,A no-fly zone to be declared over Libyan territory before midnight ET 31 Mar 2011,1,30.9,Mar/12/2011 19:59:54
747403,LIBYA.NO-FLY.MAR11,A no-fly zone to be declared over Libyan territory before midnight ET 31 Mar 2011,1,31.9,Mar/12/2011 20:00:15
747403,LIBYA.NO-FLY.MAR11,A no-fly zone to be declared over Libyan territory before midnight ET 31 Mar 2011,3,32.0,Mar/12/2011 20:42:13
747403,LIBYA.NO-FLY.MAR11,A no-fly zone to be declared over Libyan territory before midnight ET 31 Mar 2011,1,32.9,Mar/12/2011 21:06:37
747403,LIBYA.NO-FLY.MAR11,A no-fly zone to be declared over Libyan territory before midnight ET 31 Mar 2011,1,33.9,Mar/12/2011 21:08:42
747403,LIBYA.NO-FLY.MAR11,A no-fly zone to be declared over Libyan territory before midnight ET 31 Mar 2011,1,30.1,Mar/13/2011 01:36:08
747403,LIBYA.NO-FLY.MAR11,A no-fly zone to be declared over Libyan territory before midnight ET 31 Mar 2011,4,30.1,Mar/13/2011 01:36:30
747403,LIBYA.NO-FLY.MAR11,A no-fly zone to be declared over Libyan territory before midnight ET 31 Mar 2011,1,30.0,Mar/13/2011 01:36:37
747403,LIBYA.NO-FLY.MAR11,A no-fly zone to be declared over Libyan territory before midnight ET 31 Mar 2011,2,29.0,Mar/13/2011 01:37:05
747403,LIBYA.NO-FLY.MAR11,A no-fly zone to be declared over Libyan territory before midnight ET 31 Mar 2011,3,28.0,Mar/13/2011 01:37:14
747403,LIBYA.NO-FLY.MAR11,A no-fly zone to be declared over Libyan territory before midnight ET 31 Mar 2011,4,27.0,Mar/13/2011 01:37:54
747403,LIBYA.NO-FLY.MAR11,A no-fly zone to be declared over Libyan territory before midnight ET 31 Mar 2011,5,26.0,Mar/13/2011 01:38:12
747403,LIBYA.NO-FLY.MAR11,A no-fly zone to be declared over Libyan territory before midnight ET 31 Mar 2011,3,28.0,Mar/13/2011 01:47:08
747403,LIBYA.NO-FLY.MAR11,A no-fly zone to be declared over Libyan territory before midnight ET 31 Mar 2011,1,30.0,Mar/13/2011 01:47:36
747403,LIBYA.NO-FLY.MAR11,A no-fly zone to be declared over Libyan territory before midnight ET 31 Mar 2011,1,30.1,Mar/13/2011 01:47:36
747403,LIBYA.NO-FLY.MAR11,A no-fly zone to be declared over Libyan territory before midnight ET 31 Mar 2011,5,30.8,Mar/13/2011 03:22:25
747403,LIBYA.NO-FLY.MAR11,A no-fly zone to be declared over Libyan territory before midnight ET 31 Mar 2011,5,31.0,Mar/13/2011 03:22:25
747403,LIBYA.NO-FLY.MAR11,A no-fly zone to be declared over Libyan territory before midnight ET 31 Mar 2011,1,33.8,Mar/13/2011 05:35:04
747403,LIBYA.NO-FLY.MAR11,A no-fly zone to be declared over Libyan territory before midnight ET 31 Mar 2011,5,34.0,Mar/13/2011 05:35:04
747403,LIBYA.NO-FLY.MAR11,A no-fly zone to be declared over Libyan territory before midnight ET 31 Mar 2011,1,36.0,Mar/13/2011 09:39:19
747403,LIBYA.NO-FLY.MAR11,A no-fly zone to be declared over Libyan territory before midnight ET 31 Mar 2011,1,38.0,Mar/13/2011 11:34:12
747403,LIBYA.NO-FLY.MAR11,A no-fly zone to be declared over Libyan territory before midnight ET 31 Mar 2011,3,44.0,Mar/13/2011 14:01:12
747403,LIBYA.NO-FLY.MAR11,A no-fly zone to be declared over Libyan territory before midnight ET 31 Mar 2011,1,44.0,Mar/13/2011 14:10:30
747403,LIBYA.NO-FLY.MAR11,A no-fly zone to be declared over Libyan territory before midnight ET 31 Mar 2011,5,44.0,Mar/13/2011 14:21:45
747403,LIBYA.NO-FLY.MAR11,A no-fly zone to be declared over Libyan territory before midnight ET 31 Mar 2011,1,44.0,Mar/13/2011 14:22:21
747403,LIBYA.NO-FLY.MAR11,A no-fly zone to be declared over Libyan territory before midnight ET 31 Mar 2011,5,35.0,Mar/13/2011 15:34:11
747403,LIBYA.NO-FLY.MAR11,A no-fly zone to be declared over Libyan territory before midnight ET 31 Mar 2011,1,36.0,Mar/13/2011 15:34:11
747403,LIBYA.NO-FLY.MAR11,A no-fly zone to be declared over Libyan territory before midnight ET 31 Mar 2011,5,31.0,Mar/13/2011 15:35:14
747403,LIBYA.NO-FLY.MAR11,A no-fly zone to be declared over Libyan territory before midnight ET 31 Mar 2011,1,33.0,Mar/13/2011 15:35:14
747403,LIBYA.NO-FLY.MAR11,A no-fly zone to be declared over Libyan territory before midnight ET 31 Mar 2011,10,30.2,Mar/13/2011 15:35:14
747403,LIBYA.NO-FLY.MAR11,A no-fly zone to be declared over Libyan territory before midnight ET 31 Mar 2011,5,30.1,Mar/13/2011 15:35:14
747403,LIBYA.NO-FLY.MAR11,A no-fly zone to be declared over Libyan territory before midnight ET 31 Mar 2011,1,30.0,Mar/13/2011 16:08:49
747403,LIBYA.NO-FLY.MAR11,A no-fly zone to be declared over Libyan territory before midnight ET 31 Mar 2011,1,33.0,Mar/13/2011 16:32:33
747403,LIBYA.NO-FLY.MAR11,A no-fly zone to be declared over Libyan territory before midnight ET 31 Mar 2011,2,30.6,Mar/13/2011 20:41:08
747403,LIBYA.NO-FLY.MAR11,A no-fly zone to be declared over Libyan territory before midnight ET 31 Mar 2011,1,30.6,Mar/13/2011 20:41:24
747403,LIBYA.NO-FLY.MAR11,A no-fly zone to be declared over Libyan territory before midnight ET 31 Mar 2011,5,31.0,Mar/14/2011 00:26:57
747403,LIBYA.NO-FLY.MAR11,A no-fly zone to be declared over Libyan territory before midnight ET 31 Mar 2011,3,30.1,Mar/14/2011 00:26:57
747403,LIBYA.NO-FLY.MAR11,A no-fly zone to be declared over Libyan territory before midnight ET 31 Mar 2011,4,29.1,Mar/14/2011 00:26:57
747403,LIBYA.NO-FLY.MAR11,A no-fly zone to be declared over Libyan territory before midnight ET 31 Mar 2011,3,29.4,Mar/14/2011 00:26:57
747403,LIBYA.NO-FLY.MAR11,A no-fly zone to be declared over Libyan territory before midnight ET 31 Mar 2011,2,29.7,Mar/14/2011 00:26:57
747403,LIBYA.NO-FLY.MAR11,A no-fly zone to be declared over Libyan territory before midnight ET 31 Mar 2011,1,30.0,Mar/14/2011 00:26:57
747403,LIBYA.NO-FLY.MAR11,A no-fly zone to be declared over Libyan territory before midnight ET 31 Mar 2011,1,27.5,Mar/14/2011 00:27:08
747403,LIBYA.NO-FLY.MAR11,A no-fly zone to be declared over Libyan territory before midnight ET 31 Mar 2011,4,25.0,Mar/14/2011 00:27:08
747403,LIBYA.NO-FLY.MAR11,A no-fly zone to be declared over Libyan territory before midnight ET 31 Mar 2011,5,28.0,Mar/14/2011 00:27:08
747403,LIBYA.NO-FLY.MAR11,A no-fly zone to be declared over Libyan territory before midnight ET 31 Mar 2011,5,26.5,Mar/14/2011 00:27:08
747403,LIBYA.NO-FLY.MAR11,A no-fly zone to be declared over Libyan territory before midnight ET 31 Mar 2011,1,27.7,Mar/14/2011 00:27:08
747403,LIBYA.NO-FLY.MAR11,A no-fly zone to be declared over Libyan territory before midnight ET 31 Mar 2011,1,27.2,Mar/14/2011 00:27:08
747403,LIBYA.NO-FLY.MAR11,A no-fly zone to be declared over Libyan territory before midnight ET 31 Mar 2011,1,27.6,Mar/14/2011 00:27:08
747403,LIBYA.NO-FLY.MAR11,A no-fly zone to be declared over Libyan territory before midnight ET 31 Mar 2011,1,27.4,Mar/14/2011 00:27:08
747403,LIBYA.NO-FLY.MAR11,A no-fly zone to be declared over Libyan territory before midnight ET 31 Mar 2011,1,27.3,Mar/14/2011 00:27:08
747403,LIBYA.NO-FLY.MAR11,A no-fly zone to be declared over Libyan territory before midnight ET 31 Mar 2011,2,29.0,Mar/14/2011 01:17:27
747403,LIBYA.NO-FLY.MAR11,A no-fly zone to be declared over Libyan territory before midnight ET 31 Mar 2011,1,28.0,Mar/14/2011 01:17:27
747403,LIBYA.NO-FLY.MAR11,A no-fly zone to be declared over Libyan territory before midnight ET 31 Mar 2011,5,32.0,Mar/14/2011 01:34:24
747403,LIBYA.NO-FLY.MAR11,A no-fly zone to be declared over Libyan territory before midnight ET 31 Mar 2011,1,32.0,Mar/14/2011 01:52:38
747403,LIBYA.NO-FLY.MAR11,A no-fly zone to be declared over Libyan territory before midnight ET 31 Mar 2011,5,33.0,Mar/14/2011 02:00:57
747403,LIBYA.NO-FLY.MAR11,A no-fly zone to be declared over Libyan territory before midnight ET 31 Mar 2011,5,29.9,Mar/14/2011 02:33:36
747403,LIBYA.NO-FLY.MAR11,A no-fly zone to be declared over Libyan territory before midnight ET 31 Mar 2011,6,30.0,Mar/14/2011 04:25:40
747403,LIBYA.NO-FLY.MAR11,A no-fly zone to be declared over Libyan territory before midnight ET 31 Mar 2011,1,34.9,Mar/14/2011 14:37:39
747403,LIBYA.NO-FLY.MAR11,A no-fly zone to be declared over Libyan territory before midnight ET 31 Mar 2011,1,35.0,Mar/14/2011 15:09:33
747403,LIBYA.NO-FLY.MAR11,A no-fly zone to be declared over Libyan territory before midnight ET 31 Mar 2011,10,31.1,Mar/14/2011 15:22:50
747403,LIBYA.NO-FLY.MAR11,A no-fly zone to be declared over Libyan territory before midnight ET 31 Mar 2011,2,32.0,Mar/14/2011 20:50:01
747403,LIBYA.NO-FLY.MAR11,A no-fly zone to be declared over Libyan territory before midnight ET 31 Mar 2011,3,31.0,Mar/14/2011 20:50:01
747403,LIBYA.NO-FLY.MAR11,A no-fly zone to be declared over Libyan territory before midnight ET 31 Mar 2011,5,35.0,Mar/14/2011 20:50:01
747403,LIBYA.NO-FLY.MAR11,A no-fly zone to be declared over Libyan territory before midnight ET 31 Mar 2011,1,33.0,Mar/14/2011 20:50:01
747403,LIBYA.NO-FLY.MAR11,A no-fly zone to be declared over Libyan territory before midnight ET 31 Mar 2011,1,32.0,Mar/14/2011 20:50:01
747403,LIBYA.NO-FLY.MAR11,A no-fly zone to be declared over Libyan territory before midnight ET 31 Mar 2011,5,36.8,Mar/14/2011 22:18:50
747403,LIBYA.NO-FLY.MAR11,A no-fly zone to be declared over Libyan territory before midnight ET 31 Mar 2011,2,31.1,Mar/15/2011 00:50:11
747403,LIBYA.NO-FLY.MAR11,A no-fly zone to be declared over Libyan territory before midnight ET 31 Mar 2011,5,31.0,Mar/15/2011 12:27:58
747403,LIBYA.NO-FLY.MAR11,A no-fly zone to be declared over Libyan territory before midnight ET 31 Mar 2011,5,30.3,Mar/15/2011 12:27:58
747403,LIBYA.NO-FLY.MAR11,A no-fly zone to be declared over Libyan territory before midnight ET 31 Mar 2011,5,25.0,Mar/15/2011 13:54:35
747403,LIBYA.NO-FLY.MAR11,A no-fly zone to be declared over Libyan territory before midnight ET 31 Mar 2011,5,25.1,Mar/15/2011 13:54:35
747403,LIBYA.NO-FLY.MAR11,A no-fly zone to be declared over Libyan territory before midnight ET 31 Mar 2011,1,25.0,Mar/15/2011 13:55:35
747403,LIBYA.NO-FLY.MAR11,A no-fly zone to be declared over Libyan territory before midnight ET 31 Mar 2011,1,20.1,Mar/15/2011 14:29:26
747403,LIBYA.NO-FLY.MAR11,A no-fly zone to be declared over Libyan territory before midnight ET 31 Mar 2011,1,11.0,Mar/15/2011 16:59:22
747403,LIBYA.NO-FLY.MAR11,A no-fly zone to be declared over Libyan territory before midnight ET 31 Mar 2011,1,19.9,Mar/15/2011 17:15:12
747403,LIBYA.NO-FLY.MAR11,A no-fly zone to be declared over Libyan territory before midnight ET 31 Mar 2011,1,20.0,Mar/15/2011 18:42:17
747403,LIBYA.NO-FLY.MAR11,A no-fly zone to be declared over Libyan territory before midnight ET 31 Mar 2011,5,19.8,Mar/15/2011 18:42:17
747403,LIBYA.NO-FLY.MAR11,A no-fly zone to be declared over Libyan territory before midnight ET 31 Mar 2011,1,19.9,Mar/15/2011 18:42:17
747403,LIBYA.NO-FLY.MAR11,A no-fly zone to be declared over Libyan territory before midnight ET 31 Mar 2011,10,19.9,Mar/15/2011 19:01:29
747403,LIBYA.NO-FLY.MAR11,A no-fly zone to be declared over Libyan territory before midnight ET 31 Mar 2011,10,20.0,Mar/15/2011 19:01:59
747403,LIBYA.NO-FLY.MAR11,A no-fly zone to be declared over Libyan territory before midnight ET 31 Mar 2011,2,13.6,Mar/15/2011 19:32:58
747403,LIBYA.NO-FLY.MAR11,A no-fly zone to be declared over Libyan territory before midnight ET 31 Mar 2011,1,14.1,Mar/15/2011 19:32:58
747403,LIBYA.NO-FLY.MAR11,A no-fly zone to be declared over Libyan territory before midnight ET 31 Mar 2011,3,13.1,Mar/15/2011 19:32:58
747403,LIBYA.NO-FLY.MAR11,A no-fly zone to be declared over Libyan territory before midnight ET 31 Mar 2011,4,12.6,Mar/15/2011 19:32:58
747403,LIBYA.NO-FLY.MAR11,A no-fly zone to be declared over Libyan territory before midnight ET 31 Mar 2011,1,15.0,Mar/15/2011 19:32:58
747403,LIBYA.NO-FLY.MAR11,A no-fly zone to be declared over Libyan territory before midnight ET 31 Mar 2011,10,12.5,Mar/15/2011 19:33:32
747403,LIBYA.NO-FLY.MAR11,A no-fly zone to be declared over Libyan territory before midnight ET 31 Mar 2011,6,11.1,Mar/15/2011 19:33:32
747403,LIBYA.NO-FLY.MAR11,A no-fly zone to be declared over Libyan territory before midnight ET 31 Mar 2011,5,12.1,Mar/15/2011 19:33:32
747403,LIBYA.NO-FLY.MAR11,A no-fly zone to be declared over Libyan territory before midnight ET 31 Mar 2011,10,12.1,Mar/15/2011 19:33:32
747403,LIBYA.NO-FLY.MAR11,A no-fly zone to be declared over Libyan territory before midnight ET 31 Mar 2011,5,12.3,Mar/15/2011 19:33:32
747403,LIBYA.NO-FLY.MAR11,A no-fly zone to be declared over Libyan territory before midnight ET 31 Mar 2011,5,12.1,Mar/15/2011 19:33:32
747403,LIBYA.NO-FLY.MAR11,A no-fly zone to be declared over Libyan territory before midnight ET 31 Mar 2011,6,11.6,Mar/15/2011 19:33:32
747403,LIBYA.NO-FLY.MAR11,A no-fly zone to be declared over Libyan territory before midnight ET 31 Mar 2011,1,11.1,Mar/15/2011 19:35:29
747403,LIBYA.NO-FLY.MAR11,A no-fly zone to be declared over Libyan territory before midnight ET 31 Mar 2011,11,12.0,Mar/15/2011 19:35:29
747403,LIBYA.NO-FLY.MAR11,A no-fly zone to be declared over Libyan territory before midnight ET 31 Mar 2011,9,11.0,Mar/15/2011 19:35:29
747403,LIBYA.NO-FLY.MAR11,A no-fly zone to be declared over Libyan territory before midnight ET 31 Mar 2011,9,10.1,Mar/15/2011 19:35:29
747403,LIBYA.NO-FLY.MAR11,A no-fly zone to be declared over Libyan territory before midnight ET 31 Mar 2011,8,10.6,Mar/15/2011 19:35:29
747403,LIBYA.NO-FLY.MAR11,A no-fly zone to be declared over Libyan territory before midnight ET 31 Mar 2011,13,8.1,Mar/15/2011 19:36:16
747403,LIBYA.NO-FLY.MAR11,A no-fly zone to be declared over Libyan territory before midnight ET 31 Mar 2011,10,9.6,Mar/15/2011 19:36:16
747403,LIBYA.NO-FLY.MAR11,A no-fly zone to be declared over Libyan territory before midnight ET 31 Mar 2011,11,9.1,Mar/15/2011 19:36:16
747403,LIBYA.NO-FLY.MAR11,A no-fly zone to be declared over Libyan territory before midnight ET 31 Mar 2011,12,8.6,Mar/15/2011 19:36:16
747403,LIBYA.NO-FLY.MAR11,A no-fly zone to be declared over Libyan territory before midnight ET 31 Mar 2011,6,8.1,Mar/15/2011 23:20:23
747403,LIBYA.NO-FLY.MAR11,A no-fly zone to be declared over Libyan territory before midnight ET 31 Mar 2011,5,12.5,Mar/15/2011 23:33:28
747403,LIBYA.NO-FLY.MAR11,A no-fly zone to be declared over Libyan territory before midnight ET 31 Mar 2011,2,10.0,Mar/16/2011 00:20:55
747403,LIBYA.NO-FLY.MAR11,A no-fly zone to be declared over Libyan territory before midnight ET 31 Mar 2011,2,10.0,Mar/16/2011 00:49:58
747403,LIBYA.NO-FLY.MAR11,A no-fly zone to be declared over Libyan territory before midnight ET 31 Mar 2011,5,10.0,Mar/16/2011 15:10:23
747403,LIBYA.NO-FLY.MAR11,A no-fly zone to be declared over Libyan territory before midnight ET 31 Mar 2011,2,10.0,Mar/16/2011 15:10:23
747403,LIBYA.NO-FLY.MAR11,A no-fly zone to be declared over Libyan territory before midnight ET 31 Mar 2011,3,10.0,Mar/16/2011 15:10:23
747403,LIBYA.NO-FLY.MAR11,A no-fly zone to be declared over Libyan territory before midnight ET 31 Mar 2011,20,7.0,Mar/16/2011 16:03:56
747403,LIBYA.NO-FLY.MAR11,A no-fly zone to be declared over Libyan territory before midnight ET 31 Mar 2011,1,7.1,Mar/16/2011 20:30:23
747403,LIBYA.NO-FLY.MAR11,A no-fly zone to be declared over Libyan territory before midnight ET 31 Mar 2011,1,10.2,Mar/16/2011 21:34:07
747403,LIBYA.NO-FLY.MAR11,A no-fly zone to be declared over Libyan territory before midnight ET 31 Mar 2011,5,12.3,Mar/16/2011 21:47:42
747403,LIBYA.NO-FLY.MAR11,A no-fly zone to be declared over Libyan territory before midnight ET 31 Mar 2011,5,12.5,Mar/16/2011 22:09:52
747403,LIBYA.NO-FLY.MAR11,A no-fly zone to be declared over Libyan territory before midnight ET 31 Mar 2011,1,30.0,Mar/16/2011 23:42:20
747403,LIBYA.NO-FLY.MAR11,A no-fly zone to be declared over Libyan territory before midnight ET 31 Mar 2011,1,30.0,Mar/17/2011 01:34:02
747403,LIBYA.NO-FLY.MAR11,A no-fly zone to be declared over Libyan territory before midnight ET 31 Mar 2011,1,30.5,Mar/17/2011 01:34:02
747403,LIBYA.NO-FLY.MAR11,A no-fly zone to be declared over Libyan territory before midnight ET 31 Mar 2011,2,25.0,Mar/17/2011 02:42:26
747403,LIBYA.NO-FLY.MAR11,A no-fly zone to be declared over Libyan territory before midnight ET 31 Mar 2011,10,29.9,Mar/17/2011 03:15:25
747403,LIBYA.NO-FLY.MAR11,A no-fly zone to be declared over Libyan territory before midnight ET 31 Mar 2011,4,29.8,Mar/17/2011 03:15:25
747403,LIBYA.NO-FLY.MAR11,A no-fly zone to be declared over Libyan territory before midnight ET 31 Mar 2011,2,35.0,Mar/17/2011 04:14:01
747403,LIBYA.NO-FLY.MAR11,A no-fly zone to be declared over Libyan territory before midnight ET 31 Mar 2011,2,34.5,Mar/17/2011 04:14:01
747403,LIBYA.NO-FLY.MAR11,A no-fly zone to be declared over Libyan territory before midnight ET 31 Mar 2011,3,34.0,Mar/17/2011 04:14:01
747403,LIBYA.NO-FLY.MAR11,A no-fly zone to be declared over Libyan territory before midnight ET 31 Mar 2011,3,33.5,Mar/17/2011 04:14:01
747403,LIBYA.NO-FLY.MAR11,A no-fly zone to be declared over Libyan territory before midnight ET 31 Mar 2011,1,33.0,Mar/17/2011 05:13:59
747403,LIBYA.NO-FLY.MAR11,A no-fly zone to be declared over Libyan territory before midnight ET 31 Mar 2011,1,32.0,Mar/17/2011 05:13:59
747403,LIBYA.NO-FLY.MAR11,A no-fly zone to be declared over Libyan territory before midnight ET 31 Mar 2011,1,31.0,Mar/17/2011 05:13:59
747403,LIBYA.NO-FLY.MAR11,A no-fly zone to be declared over Libyan territory before midnight ET 31 Mar 2011,2,30.0,Mar/17/2011 06:15:34
747403,LIBYA.NO-FLY.MAR11,A no-fly zone to be declared over Libyan territory before midnight ET 31 Mar 2011,3,35.0,Mar/17/2011 06:48:17
747403,LIBYA.NO-FLY.MAR11,A no-fly zone to be declared over Libyan territory before midnight ET 31 Mar 2011,1,34.0,Mar/17/2011 06:48:17
747403,LIBYA.NO-FLY.MAR11,A no-fly zone to be declared over Libyan territory before midnight ET 31 Mar 2011,1,35.0,Mar/17/2011 06:48:17
747403,LIBYA.NO-FLY.MAR11,A no-fly zone to be declared over Libyan territory before midnight ET 31 Mar 2011,1,40.0,Mar/17/2011 07:13:10
747403,LIBYA.NO-FLY.MAR11,A no-fly zone to be declared over Libyan territory before midnight ET 31 Mar 2011,1,39.0,Mar/17/2011 07:13:10
747403,LIBYA.NO-FLY.MAR11,A no-fly zone to be declared over Libyan territory before midnight ET 31 Mar 2011,1,38.0,Mar/17/2011 07:13:10
747403,LIBYA.NO-FLY.MAR11,A no-fly zone to be declared over Libyan territory before midnight ET 31 Mar 2011,1,37.0,Mar/17/2011 07:13:10
747403,LIBYA.NO-FLY.MAR11,A no-fly zone to be declared over Libyan territory before midnight ET 31 Mar 2011,1,36.0,Mar/17/2011 07:13:10
747403,LIBYA.NO-FLY.MAR11,A no-fly zone to be declared over Libyan territory before midnight ET 31 Mar 2011,5,35.5,Mar/17/2011 07:13:10
747403,LIBYA.NO-FLY.MAR11,A no-fly zone to be declared over Libyan territory before midnight ET 31 Mar 2011,4,39.0,Mar/17/2011 07:13:10
747403,LIBYA.NO-FLY.MAR11,A no-fly zone to be declared over Libyan territory before midnight ET 31 Mar 2011,5,38.5,Mar/17/2011 07:13:10
747403,LIBYA.NO-FLY.MAR11,A no-fly zone to be declared over Libyan territory before midnight ET 31 Mar 2011,30,40.0,Mar/17/2011 07:13:10
747403,LIBYA.NO-FLY.MAR11,A no-fly zone to be declared over Libyan territory before midnight ET 31 Mar 2011,1,40.0,Mar/17/2011 09:58:17
747403,LIBYA.NO-FLY.MAR11,A no-fly zone to be declared over Libyan territory before midnight ET 31 Mar 2011,10,40.0,Mar/17/2011 11:47:17
747403,LIBYA.NO-FLY.MAR11,A no-fly zone to be declared over Libyan territory before midnight ET 31 Mar 2011,8,40.0,Mar/17/2011 11:47:17
747403,LIBYA.NO-FLY.MAR11,A no-fly zone to be declared over Libyan territory before midnight ET 31 Mar 2011,7,40.0,Mar/17/2011 11:54:10
747403,LIBYA.NO-FLY.MAR11,A no-fly zone to be declared over Libyan territory before midnight ET 31 Mar 2011,1,41.0,Mar/17/2011 12:13:07
747403,LIBYA.NO-FLY.MAR11,A no-fly zone to be declared over Libyan territory before midnight ET 31 Mar 2011,9,50.0,Mar/17/2011 12:13:27
747403,LIBYA.NO-FLY.MAR11,A no-fly zone to be declared over Libyan territory before midnight ET 31 Mar 2011,1,49.0,Mar/17/2011 12:13:27
747403,LIBYA.NO-FLY.MAR11,A no-fly zone to be declared over Libyan territory before midnight ET 31 Mar 2011,1,48.0,Mar/17/2011 12:13:27
747403,LIBYA.NO-FLY.MAR11,A no-fly zone to be declared over Libyan territory before midnight ET 31 Mar 2011,1,47.0,Mar/17/2011 12:13:27
747403,LIBYA.NO-FLY.MAR11,A no-fly zone to be declared over Libyan territory before midnight ET 31 Mar 2011,1,46.0,Mar/17/2011 12:13:27
747403,LIBYA.NO-FLY.MAR11,A no-fly zone to be declared over Libyan territory before midnight ET 31 Mar 2011,1,45.0,Mar/17/2011 12:13:27
747403,LIBYA.NO-FLY.MAR11,A no-fly zone to be declared over Libyan territory before midnight ET 31 Mar 2011,1,44.0,Mar/17/2011 12:13:27
747403,LIBYA.NO-FLY.MAR11,A no-fly zone to be declared over Libyan territory before midnight ET 31 Mar 2011,1,43.0,Mar/17/2011 12:13:27
747403,LIBYA.NO-FLY.MAR11,A no-fly zone to be declared over Libyan territory before midnight ET 31 Mar 2011,1,42.0,Mar/17/2011 12:13:27
747403,LIBYA.NO-FLY.MAR11,A no-fly zone to be declared over Libyan territory before midnight ET 31 Mar 2011,1,60.0,Mar/17/2011 13:37:31
747403,LIBYA.NO-FLY.MAR11,A no-fly zone to be declared over Libyan territory before midnight ET 31 Mar 2011,2,59.0,Mar/17/2011 16:01:34
747403,LIBYA.NO-FLY.MAR11,A no-fly zone to be declared over Libyan territory before midnight ET 31 Mar 2011,2,51.0,Mar/17/2011 16:21:42
747403,LIBYA.NO-FLY.MAR11,A no-fly zone to be declared over Libyan territory before midnight ET 31 Mar 2011,5,50.0,Mar/17/2011 16:53:36
747403,LIBYA.NO-FLY.MAR11,A no-fly zone to be declared over Libyan territory before midnight ET 31 Mar 2011,5,58.0,Mar/17/2011 17:21:42
747403,LIBYA.NO-FLY.MAR11,A no-fly zone to be declared over Libyan territory before midnight ET 31 Mar 2011,1,50.0,Mar/17/2011 17:44:55
747403,LIBYA.NO-FLY.MAR11,A no-fly zone to be declared over Libyan territory before midnight ET 31 Mar 2011,1,53.0,Mar/17/2011 19:25:58
747403,LIBYA.NO-FLY.MAR11,A no-fly zone to be declared over Libyan territory before midnight ET 31 Mar 2011,3,53.5,Mar/17/2011 19:34:28
747403,LIBYA.NO-FLY.MAR11,A no-fly zone to be declared over Libyan territory before midnight ET 31 Mar 2011,2,63.0,Mar/17/2011 19:37:20
747403,LIBYA.NO-FLY.MAR11,A no-fly zone to be declared over Libyan territory before midnight ET 31 Mar 2011,2,64.0,Mar/17/2011 19:37:36
747403,LIBYA.NO-FLY.MAR11,A no-fly zone to be declared over Libyan territory before midnight ET 31 Mar 2011,2,66.0,Mar/17/2011 19:40:33
747403,LIBYA.NO-FLY.MAR11,A no-fly zone to be declared over Libyan territory before midnight ET 31 Mar 2011,1,68.0,Mar/17/2011 19:40:36
747403,LIBYA.NO-FLY.MAR11,A no-fly zone to be declared over Libyan territory before midnight ET 31 Mar 2011,25,67.0,Mar/17/2011 19:40:36
747403,LIBYA.NO-FLY.MAR11,A no-fly zone to be declared over Libyan territory before midnight ET 31 Mar 2011,1,78.0,Mar/17/2011 19:46:40
747403,LIBYA.NO-FLY.MAR11,A no-fly zone to be declared over Libyan territory before midnight ET 31 Mar 2011,1,85.0,Mar/17/2011 19:48:06
747403,LIBYA.NO-FLY.MAR11,A no-fly zone to be declared over Libyan territory before midnight ET 31 Mar 2011,1,85.0,Mar/17/2011 19:48:40
747403,LIBYA.NO-FLY.MAR11,A no-fly zone to be declared over Libyan territory before midnight ET 31 Mar 2011,1,87.0,Mar/17/2011 19:48:51
747403,LIBYA.NO-FLY.MAR11,A no-fly zone to be declared over Libyan territory before midnight ET 31 Mar 2011,5,70.6,Mar/17/2011 19:50:16
747403,LIBYA.NO-FLY.MAR11,A no-fly zone to be declared over Libyan territory before midnight ET 31 Mar 2011,5,70.6,Mar/17/2011 19:50:16
747403,LIBYA.NO-FLY.MAR11,A no-fly zone to be declared over Libyan territory before midnight ET 31 Mar 2011,5,70.4,Mar/17/2011 19:50:16
747403,LIBYA.NO-FLY.MAR11,A no-fly zone to be declared over Libyan territory before midnight ET 31 Mar 2011,5,70.3,Mar/17/2011 19:50:16
747403,LIBYA.NO-FLY.MAR11,A no-fly zone to be declared over Libyan territory before midnight ET 31 Mar 2011,2,70.2,Mar/17/2011 19:50:16
747403,LIBYA.NO-FLY.MAR11,A no-fly zone to be declared over Libyan territory before midnight ET 31 Mar 2011,3,70.5,Mar/17/2011 19:50:16
747403,LIBYA.NO-FLY.MAR11,A no-fly zone to be declared over Libyan territory before midnight ET 31 Mar 2011,3,70.2,Mar/17/2011 19:50:43
747403,LIBYA.NO-FLY.MAR11,A no-fly zone to be declared over Libyan territory before midnight ET 31 Mar 2011,5,70.0,Mar/17/2011 19:50:43
747403,LIBYA.NO-FLY.MAR11,A no-fly zone to be declared over Libyan territory before midnight ET 31 Mar 2011,5,70.1,Mar/17/2011 19:50:43
747403,LIBYA.NO-FLY.MAR11,A no-fly zone to be declared over Libyan territory before midnight ET 31 Mar 2011,2,70.0,Mar/17/2011 19:50:46
747403,LIBYA.NO-FLY.MAR11,A no-fly zone to be declared over Libyan territory before midnight ET 31 Mar 2011,10,70.0,Mar/17/2011 19:51:00
747403,LIBYA.NO-FLY.MAR11,A no-fly zone to be declared over Libyan territory before midnight ET 31 Mar 2011,10,70.0,Mar/17/2011 19:52:03
747403,LIBYA.NO-FLY.MAR11,A no-fly zone to be declared over Libyan territory before midnight ET 31 Mar 2011,5,68.1,Mar/17/2011 19:52:14
747403,LIBYA.NO-FLY.MAR11,A no-fly zone to be declared over Libyan territory before midnight ET 31 Mar 2011,1,60.0,Mar/17/2011 19:52:26
747403,LIBYA.NO-FLY.MAR11,A no-fly zone to be declared over Libyan territory before midnight ET 31 Mar 2011,15,70.0,Mar/17/2011 19:52:49
747403,LIBYA.NO-FLY.MAR11,A no-fly zone to be declared over Libyan territory before midnight ET 31 Mar 2011,3,69.5,Mar/17/2011 19:53:51
747403,LIBYA.NO-FLY.MAR11,A no-fly zone to be declared over Libyan territory before midnight ET 31 Mar 2011,5,74.0,Mar/17/2011 19:54:26
747403,LIBYA.NO-FLY.MAR11,A no-fly zone to be declared over Libyan territory before midnight ET 31 Mar 2011,5,78.5,Mar/17/2011 19:54:26
747403,LIBYA.NO-FLY.MAR11,A no-fly zone to be declared over Libyan territory before midnight ET 31 Mar 2011,25,75.0,Mar/17/2011 19:54:26
747403,LIBYA.NO-FLY.MAR11,A no-fly zone to be declared over Libyan territory before midnight ET 31 Mar 2011,25,80.0,Mar/17/2011 19:54:26
747403,LIBYA.NO-FLY.MAR11,A no-fly zone to be declared over Libyan territory before midnight ET 31 Mar 2011,1,87.0,Mar/17/2011 19:54:35
747403,LIBYA.NO-FLY.MAR11,A no-fly zone to be declared over Libyan territory before midnight ET 31 Mar 2011,25,80.0,Mar/17/2011 19:54:48
747403,LIBYA.NO-FLY.MAR11,A no-fly zone to be declared over Libyan territory before midnight ET 31 Mar 2011,25,80.0,Mar/17/2011 19:57:23
747403,LIBYA.NO-FLY.MAR11,A no-fly zone to be declared over Libyan territory before midnight ET 31 Mar 2011,1,77.0,Mar/17/2011 20:01:23
747403,LIBYA.NO-FLY.MAR11,A no-fly zone to be declared over Libyan territory before midnight ET 31 Mar 2011,2,76.3,Mar/17/2011 20:01:29
747403,LIBYA.NO-FLY.MAR11,A no-fly zone to be declared over Libyan territory before midnight ET 31 Mar 2011,5,76.2,Mar/17/2011 20:01:29
747403,LIBYA.NO-FLY.MAR11,A no-fly zone to be declared over Libyan territory before midnight ET 31 Mar 2011,5,76.0,Mar/17/2011 20:01:29
747403,LIBYA.NO-FLY.MAR11,A no-fly zone to be declared over Libyan territory before midnight ET 31 Mar 2011,1,75.0,Mar/17/2011 20:02:52
747403,LIBYA.NO-FLY.MAR11,A no-fly zone to be declared over Libyan territory before midnight ET 31 Mar 2011,1,76.0,Mar/17/2011 20:03:00
747403,LIBYA.NO-FLY.MAR11,A no-fly zone to be declared over Libyan territory before midnight ET 31 Mar 2011,2,74.0,Mar/17/2011 20:05:11
747403,LIBYA.NO-FLY.MAR11,A no-fly zone to be declared over Libyan territory before midnight ET 31 Mar 2011,3,70.0,Mar/17/2011 20:06:53
747403,LIBYA.NO-FLY.MAR11,A no-fly zone to be declared over Libyan territory before midnight ET 31 Mar 2011,2,70.0,Mar/17/2011 20:07:09
747403,LIBYA.NO-FLY.MAR11,A no-fly zone to be declared over Libyan territory before midnight ET 31 Mar 2011,1,75.0,Mar/17/2011 20:07:41
747403,LIBYA.NO-FLY.MAR11,A no-fly zone to be declared over Libyan territory before midnight ET 31 Mar 2011,51,72.0,Mar/17/2011 20:08:01
747403,LIBYA.NO-FLY.MAR11,A no-fly zone to be declared over Libyan territory before midnight ET 31 Mar 2011,5,74.0,Mar/17/2011 20:09:42
747403,LIBYA.NO-FLY.MAR11,A no-fly zone to be declared over Libyan territory before midnight ET 31 Mar 2011,25,78.0,Mar/17/2011 20:10:06
747403,LIBYA.NO-FLY.MAR11,A no-fly zone to be declared over Libyan territory before midnight ET 31 Mar 2011,24,75.0,Mar/17/2011 20:10:06
747403,LIBYA.NO-FLY.MAR11,A no-fly zone to be declared over Libyan territory before midnight ET 31 Mar 2011,5,78.0,Mar/17/2011 20:10:06
747403,LIBYA.NO-FLY.MAR11,A no-fly zone to be declared over Libyan territory before midnight ET 31 Mar 2011,25,78.9,Mar/17/2011 20:10:06
747403,LIBYA.NO-FLY.MAR11,A no-fly zone to be declared over Libyan territory before midnight ET 31 Mar 2011,25,79.0,Mar/17/2011 20:10:06
747403,LIBYA.NO-FLY.MAR11,A no-fly zone to be declared over Libyan territory before midnight ET 31 Mar 2011,25,80.0,Mar/17/2011 20:10:06
747403,LIBYA.NO-FLY.MAR11,A no-fly zone to be declared over Libyan territory before midnight ET 31 Mar 2011,5,73.0,Mar/17/2011 20:22:46
747403,LIBYA.NO-FLY.MAR11,A no-fly zone to be declared over Libyan territory before midnight ET 31 Mar 2011,50,72.5,Mar/17/2011 20:23:12
747403,LIBYA.NO-FLY.MAR11,A no-fly zone to be declared over Libyan territory before midnight ET 31 Mar 2011,2,72.0,Mar/17/2011 20:24:22
747403,LIBYA.NO-FLY.MAR11,A no-fly zone to be declared over Libyan territory before midnight ET 31 Mar 2011,1,70.0,Mar/17/2011 20:24:22
747403,LIBYA.NO-FLY.MAR11,A no-fly zone to be declared over Libyan territory before midnight ET 31 Mar 2011,5,70.5,Mar/17/2011 20:26:43
747403,LIBYA.NO-FLY.MAR11,A no-fly zone to be declared over Libyan territory before midnight ET 31 Mar 2011,3,70.5,Mar/17/2011 20:32:22
747403,LIBYA.NO-FLY.MAR11,A no-fly zone to be declared over Libyan territory before midnight ET 31 Mar 2011,5,70.6,Mar/17/2011 20:32:22
747403,LIBYA.NO-FLY.MAR11,A no-fly zone to be declared over Libyan territory before midnight ET 31 Mar 2011,5,72.5,Mar/17/2011 20:49:28
747403,LIBYA.NO-FLY.MAR11,A no-fly zone to be declared over Libyan territory before midnight ET 31 Mar 2011,1,72.6,Mar/17/2011 20:50:04
747403,LIBYA.NO-FLY.MAR11,A no-fly zone to be declared over Libyan territory before midnight ET 31 Mar 2011,5,74.5,Mar/17/2011 20:51:43
747403,LIBYA.NO-FLY.MAR11,A no-fly zone to be declared over Libyan territory before midnight ET 31 Mar 2011,5,75.0,Mar/17/2011 20:56:09
747403,LIBYA.NO-FLY.MAR11,A no-fly zone to be declared over Libyan territory before midnight ET 31 Mar 2011,5,79.0,Mar/17/2011 21:03:46
747403,LIBYA.NO-FLY.MAR11,A no-fly zone to be declared over Libyan territory before midnight ET 31 Mar 2011,1,77.5,Mar/17/2011 21:17:24
747403,LIBYA.NO-FLY.MAR11,A no-fly zone to be declared over Libyan territory before midnight ET 31 Mar 2011,5,84.0,Mar/17/2011 21:18:36
747403,LIBYA.NO-FLY.MAR11,A no-fly zone to be declared over Libyan territory before midnight ET 31 Mar 2011,5,84.0,Mar/17/2011 21:19:31
747403,LIBYA.NO-FLY.MAR11,A no-fly zone to be declared over Libyan territory before midnight ET 31 Mar 2011,6,84.0,Mar/17/2011 21:20:35
747403,LIBYA.NO-FLY.MAR11,A no-fly zone to be declared over Libyan territory before midnight ET 31 Mar 2011,1,84.0,Mar/17/2011 21:21:03
747403,LIBYA.NO-FLY.MAR11,A no-fly zone to be declared over Libyan territory before midnight ET 31 Mar 2011,10,84.5,Mar/17/2011 21:23:02
747403,LIBYA.NO-FLY.MAR11,A no-fly zone to be declared over Libyan territory before midnight ET 31 Mar 2011,1,84.0,Mar/17/2011 21:29:42
747403,LIBYA.NO-FLY.MAR11,A no-fly zone to be declared over Libyan territory before midnight ET 31 Mar 2011,1,80.0,Mar/17/2011 21:34:51
747403,LIBYA.NO-FLY.MAR11,A no-fly zone to be declared over Libyan territory before midnight ET 31 Mar 2011,1,83.5,Mar/17/2011 21:53:28
747403,LIBYA.NO-FLY.MAR11,A no-fly zone to be declared over Libyan territory before midnight ET 31 Mar 2011,2,83.0,Mar/17/2011 21:55:34
747403,LIBYA.NO-FLY.MAR11,A no-fly zone to be declared over Libyan territory before midnight ET 31 Mar 2011,1,84.0,Mar/17/2011 21:56:19
747403,LIBYA.NO-FLY.MAR11,A no-fly zone to be declared over Libyan territory before midnight ET 31 Mar 2011,1,84.5,Mar/17/2011 21:56:31
747403,LIBYA.NO-FLY.MAR11,A no-fly zone to be declared over Libyan territory before midnight ET 31 Mar 2011,50,82.0,Mar/17/2011 22:19:39
747403,LIBYA.NO-FLY.MAR11,A no-fly zone to be declared over Libyan territory before midnight ET 31 Mar 2011,3,83.0,Mar/17/2011 22:21:26
747403,LIBYA.NO-FLY.MAR11,A no-fly zone to be declared over Libyan territory before midnight ET 31 Mar 2011,10,82.9,Mar/17/2011 22:21:26
747403,LIBYA.NO-FLY.MAR11,A no-fly zone to be declared over Libyan territory before midnight ET 31 Mar 2011,21,83.0,Mar/17/2011 22:23:24
747403,LIBYA.NO-FLY.MAR11,A no-fly zone to be declared over Libyan territory before midnight ET 31 Mar 2011,5,88.0,Mar/17/2011 22:26:12
747403,LIBYA.NO-FLY.MAR11,A no-fly zone to be declared over Libyan territory before midnight ET 31 Mar 2011,39,85.9,Mar/17/2011 22:26:12
747403,LIBYA.NO-FLY.MAR11,A no-fly zone to be declared over Libyan territory before midnight ET 31 Mar 2011,20,89.9,Mar/17/2011 22:26:12
747403,LIBYA.NO-FLY.MAR11,A no-fly zone to be declared over Libyan territory before midnight ET 31 Mar 2011,10,84.0,Mar/17/2011 22:26:12
747403,LIBYA.NO-FLY.MAR11,A no-fly zone to be declared over Libyan territory before midnight ET 31 Mar 2011,1,95.0,Mar/17/2011 22:26:31
747403,LIBYA.NO-FLY.MAR11,A no-fly zone to be declared over Libyan territory before midnight ET 31 Mar 2011,14,90.0,Mar/17/2011 22:26:31
747403,LIBYA.NO-FLY.MAR11,A no-fly zone to be declared over Libyan territory before midnight ET 31 Mar 2011,11,90.0,Mar/17/2011 22:27:53
747403,LIBYA.NO-FLY.MAR11,A no-fly zone to be declared over Libyan territory before midnight ET 31 Mar 2011,5,90.0,Mar/17/2011 22:27:53
747403,LIBYA.NO-FLY.MAR11,A no-fly zone to be declared over Libyan territory before midnight ET 31 Mar 2011,4,90.0,Mar/17/2011 22:32:01
747403,LIBYA.NO-FLY.MAR11,A no-fly zone to be declared over Libyan territory before midnight ET 31 Mar 2011,9,95.0,Mar/17/2011 22:33:14
747403,LIBYA.NO-FLY.MAR11,A no-fly zone to be declared over Libyan territory before midnight ET 31 Mar 2011,10,99.0,Mar/17/2011 22:33:14
747403,LIBYA.NO-FLY.MAR11,A no-fly zone to be declared over Libyan territory before midnight ET 31 Mar 2011,10,98.0,Mar/17/2011 22:33:14
747403,LIBYA.NO-FLY.MAR11,A no-fly zone to be declared over Libyan territory before midnight ET 31 Mar 2011,5,94.9,Mar/17/2011 22:33:14
747403,LIBYA.NO-FLY.MAR11,A no-fly zone to be declared over Libyan territory before midnight ET 31 Mar 2011,10,94.8,Mar/17/2011 22:33:14
747403,LIBYA.NO-FLY.MAR11,A no-fly zone to be declared over Libyan territory before midnight ET 31 Mar 2011,1,99.5,Mar/17/2011 22:33:59
747403,LIBYA.NO-FLY.MAR11,A no-fly zone to be declared over Libyan territory before midnight ET 31 Mar 2011,20,99.4,Mar/17/2011 22:34:16
