market id,market symbol,market name,trade quantity,trade price,date/time [utc]
476054,2016.OLYMPICS.STH.AMERICA,Venue in South America to host the 2016 Summer Olympics,17,11.0,Apr/27/2007 12:50:34
476054,2016.OLYMPICS.STH.AMERICA,Venue in South America to host the 2016 Summer Olympics,17,11.0,Apr/27/2007 12:50:48
476054,2016.OLYMPICS.STH.AMERICA,Venue in South America to host the 2016 Summer Olympics,15,15.0,Apr/30/2007 14:00:43
476054,2016.OLYMPICS.STH.AMERICA,Venue in South America to host the 2016 Summer Olympics,15,15.0,Apr/30/2007 14:00:56
476054,2016.OLYMPICS.STH.AMERICA,Venue in South America to host the 2016 Summer Olympics,15,15.0,May/02/2007 16:05:37
476054,2016.OLYMPICS.STH.AMERICA,Venue in South America to host the 2016 Summer Olympics,16,12.0,May/04/2007 11:19:30
476054,2016.OLYMPICS.STH.AMERICA,Venue in South America to host the 2016 Summer Olympics,17,13.3,May/08/2007 12:29:18
476054,2016.OLYMPICS.STH.AMERICA,Venue in South America to host the 2016 Summer Olympics,15,13.3,May/10/2007 16:14:37
476054,2016.OLYMPICS.STH.AMERICA,Venue in South America to host the 2016 Summer Olympics,20,13.3,May/14/2007 12:20:36
476054,2016.OLYMPICS.STH.AMERICA,Venue in South America to host the 2016 Summer Olympics,20,13.3,May/14/2007 12:20:51
476054,2016.OLYMPICS.STH.AMERICA,Venue in South America to host the 2016 Summer Olympics,13,14.0,May/15/2007 11:38:31
476054,2016.OLYMPICS.STH.AMERICA,Venue in South America to host the 2016 Summer Olympics,13,14.0,May/15/2007 11:38:46
476054,2016.OLYMPICS.STH.AMERICA,Venue in South America to host the 2016 Summer Olympics,9,14.6,May/16/2007 12:03:06
476054,2016.OLYMPICS.STH.AMERICA,Venue in South America to host the 2016 Summer Olympics,9,14.6,May/16/2007 12:03:18
476054,2016.OLYMPICS.STH.AMERICA,Venue in South America to host the 2016 Summer Olympics,19,14.4,May/17/2007 14:35:04
476054,2016.OLYMPICS.STH.AMERICA,Venue in South America to host the 2016 Summer Olympics,19,14.4,May/17/2007 14:35:18
476054,2016.OLYMPICS.STH.AMERICA,Venue in South America to host the 2016 Summer Olympics,11,14.8,May/18/2007 15:32:26
476054,2016.OLYMPICS.STH.AMERICA,Venue in South America to host the 2016 Summer Olympics,11,14.8,May/18/2007 15:32:41
476054,2016.OLYMPICS.STH.AMERICA,Venue in South America to host the 2016 Summer Olympics,33,14.8,May/21/2007 10:21:42
476054,2016.OLYMPICS.STH.AMERICA,Venue in South America to host the 2016 Summer Olympics,15,15.0,May/25/2007 15:26:37
476054,2016.OLYMPICS.STH.AMERICA,Venue in South America to host the 2016 Summer Olympics,15,15.0,May/25/2007 15:26:55
476054,2016.OLYMPICS.STH.AMERICA,Venue in South America to host the 2016 Summer Olympics,10,17.0,May/28/2007 13:08:04
476054,2016.OLYMPICS.STH.AMERICA,Venue in South America to host the 2016 Summer Olympics,10,17.0,May/28/2007 13:08:24
476054,2016.OLYMPICS.STH.AMERICA,Venue in South America to host the 2016 Summer Olympics,13,16.5,May/29/2007 12:43:39
476054,2016.OLYMPICS.STH.AMERICA,Venue in South America to host the 2016 Summer Olympics,13,16.5,May/29/2007 12:43:52
476054,2016.OLYMPICS.STH.AMERICA,Venue in South America to host the 2016 Summer Olympics,15,17.0,Jun/01/2007 13:53:21
476054,2016.OLYMPICS.STH.AMERICA,Venue in South America to host the 2016 Summer Olympics,15,17.0,Jun/01/2007 13:53:36
476054,2016.OLYMPICS.STH.AMERICA,Venue in South America to host the 2016 Summer Olympics,15,17.0,Jun/01/2007 13:53:46
476054,2016.OLYMPICS.STH.AMERICA,Venue in South America to host the 2016 Summer Olympics,15,17.0,Jun/01/2007 14:11:06
476054,2016.OLYMPICS.STH.AMERICA,Venue in South America to host the 2016 Summer Olympics,1,20.0,Jun/04/2007 00:47:29
476054,2016.OLYMPICS.STH.AMERICA,Venue in South America to host the 2016 Summer Olympics,15,16.4,Jun/05/2007 14:01:22
476054,2016.OLYMPICS.STH.AMERICA,Venue in South America to host the 2016 Summer Olympics,15,16.4,Jun/05/2007 14:01:33
476054,2016.OLYMPICS.STH.AMERICA,Venue in South America to host the 2016 Summer Olympics,6,16.2,Jun/06/2007 15:10:12
476054,2016.OLYMPICS.STH.AMERICA,Venue in South America to host the 2016 Summer Olympics,6,16.2,Jun/06/2007 15:10:24
476054,2016.OLYMPICS.STH.AMERICA,Venue in South America to host the 2016 Summer Olympics,15,16.2,Jun/08/2007 14:34:03
476054,2016.OLYMPICS.STH.AMERICA,Venue in South America to host the 2016 Summer Olympics,15,16.2,Jun/08/2007 14:34:15
476054,2016.OLYMPICS.STH.AMERICA,Venue in South America to host the 2016 Summer Olympics,5,15.8,Jun/09/2007 14:03:56
476054,2016.OLYMPICS.STH.AMERICA,Venue in South America to host the 2016 Summer Olympics,5,15.8,Jun/09/2007 14:04:08
476054,2016.OLYMPICS.STH.AMERICA,Venue in South America to host the 2016 Summer Olympics,10,16.0,Jun/10/2007 12:15:14
476054,2016.OLYMPICS.STH.AMERICA,Venue in South America to host the 2016 Summer Olympics,10,16.0,Jun/10/2007 12:15:23
476054,2016.OLYMPICS.STH.AMERICA,Venue in South America to host the 2016 Summer Olympics,10,15.5,Jun/13/2007 14:04:29
476054,2016.OLYMPICS.STH.AMERICA,Venue in South America to host the 2016 Summer Olympics,10,15.5,Jun/13/2007 14:04:46
476054,2016.OLYMPICS.STH.AMERICA,Venue in South America to host the 2016 Summer Olympics,10,14.8,Jun/19/2007 15:21:35
476054,2016.OLYMPICS.STH.AMERICA,Venue in South America to host the 2016 Summer Olympics,10,14.8,Jun/19/2007 15:21:49
476054,2016.OLYMPICS.STH.AMERICA,Venue in South America to host the 2016 Summer Olympics,15,16.0,Jun/29/2007 13:18:00
476054,2016.OLYMPICS.STH.AMERICA,Venue in South America to host the 2016 Summer Olympics,15,16.0,Jun/29/2007 13:18:22
476054,2016.OLYMPICS.STH.AMERICA,Venue in South America to host the 2016 Summer Olympics,10,18.0,Jun/30/2007 15:51:55
476054,2016.OLYMPICS.STH.AMERICA,Venue in South America to host the 2016 Summer Olympics,10,18.0,Jun/30/2007 15:52:06
476054,2016.OLYMPICS.STH.AMERICA,Venue in South America to host the 2016 Summer Olympics,10,17.0,Jul/01/2007 14:08:09
476054,2016.OLYMPICS.STH.AMERICA,Venue in South America to host the 2016 Summer Olympics,10,17.0,Jul/01/2007 14:08:18
476054,2016.OLYMPICS.STH.AMERICA,Venue in South America to host the 2016 Summer Olympics,12,19.0,Jul/04/2007 09:52:26
476054,2016.OLYMPICS.STH.AMERICA,Venue in South America to host the 2016 Summer Olympics,12,19.0,Jul/04/2007 09:52:42
476054,2016.OLYMPICS.STH.AMERICA,Venue in South America to host the 2016 Summer Olympics,12,19.0,Jul/05/2007 10:20:39
476054,2016.OLYMPICS.STH.AMERICA,Venue in South America to host the 2016 Summer Olympics,12,19.0,Jul/05/2007 10:20:48
476054,2016.OLYMPICS.STH.AMERICA,Venue in South America to host the 2016 Summer Olympics,30,15.0,Jul/05/2007 14:20:30
476054,2016.OLYMPICS.STH.AMERICA,Venue in South America to host the 2016 Summer Olympics,30,15.0,Jul/05/2007 14:20:43
476054,2016.OLYMPICS.STH.AMERICA,Venue in South America to host the 2016 Summer Olympics,30,15.0,Jul/13/2007 10:31:47
476054,2016.OLYMPICS.STH.AMERICA,Venue in South America to host the 2016 Summer Olympics,30,15.0,Jul/13/2007 10:31:58
476054,2016.OLYMPICS.STH.AMERICA,Venue in South America to host the 2016 Summer Olympics,30,15.0,Jul/16/2007 11:17:17
476054,2016.OLYMPICS.STH.AMERICA,Venue in South America to host the 2016 Summer Olympics,30,15.0,Jul/16/2007 11:17:27
476054,2016.OLYMPICS.STH.AMERICA,Venue in South America to host the 2016 Summer Olympics,15,21.5,Jul/19/2007 14:29:20
476054,2016.OLYMPICS.STH.AMERICA,Venue in South America to host the 2016 Summer Olympics,15,21.5,Jul/19/2007 14:29:39
476054,2016.OLYMPICS.STH.AMERICA,Venue in South America to host the 2016 Summer Olympics,10,21.0,Jul/20/2007 11:49:04
476054,2016.OLYMPICS.STH.AMERICA,Venue in South America to host the 2016 Summer Olympics,10,21.0,Jul/20/2007 11:49:17
476054,2016.OLYMPICS.STH.AMERICA,Venue in South America to host the 2016 Summer Olympics,10,21.0,Jul/23/2007 14:31:10
476054,2016.OLYMPICS.STH.AMERICA,Venue in South America to host the 2016 Summer Olympics,10,21.0,Jul/23/2007 14:31:36
476054,2016.OLYMPICS.STH.AMERICA,Venue in South America to host the 2016 Summer Olympics,30,20.0,Jul/25/2007 15:01:45
476054,2016.OLYMPICS.STH.AMERICA,Venue in South America to host the 2016 Summer Olympics,30,20.0,Jul/25/2007 15:01:54
476054,2016.OLYMPICS.STH.AMERICA,Venue in South America to host the 2016 Summer Olympics,10,20.8,Jul/30/2007 12:59:53
476054,2016.OLYMPICS.STH.AMERICA,Venue in South America to host the 2016 Summer Olympics,10,20.8,Jul/30/2007 13:00:04
476054,2016.OLYMPICS.STH.AMERICA,Venue in South America to host the 2016 Summer Olympics,10,20.0,Jul/31/2007 12:04:52
476054,2016.OLYMPICS.STH.AMERICA,Venue in South America to host the 2016 Summer Olympics,10,20.0,Jul/31/2007 12:05:48
476054,2016.OLYMPICS.STH.AMERICA,Venue in South America to host the 2016 Summer Olympics,10,20.0,Aug/06/2007 13:39:32
476054,2016.OLYMPICS.STH.AMERICA,Venue in South America to host the 2016 Summer Olympics,10,20.0,Aug/06/2007 13:39:42
476054,2016.OLYMPICS.STH.AMERICA,Venue in South America to host the 2016 Summer Olympics,10,20.0,Aug/07/2007 11:40:37
476054,2016.OLYMPICS.STH.AMERICA,Venue in South America to host the 2016 Summer Olympics,10,20.0,Aug/07/2007 11:40:45
476054,2016.OLYMPICS.STH.AMERICA,Venue in South America to host the 2016 Summer Olympics,30,20.0,Aug/08/2007 14:18:20
476054,2016.OLYMPICS.STH.AMERICA,Venue in South America to host the 2016 Summer Olympics,30,20.0,Aug/08/2007 14:18:37
476054,2016.OLYMPICS.STH.AMERICA,Venue in South America to host the 2016 Summer Olympics,10,20.0,Aug/09/2007 12:46:19
476054,2016.OLYMPICS.STH.AMERICA,Venue in South America to host the 2016 Summer Olympics,10,20.0,Aug/09/2007 12:46:27
476054,2016.OLYMPICS.STH.AMERICA,Venue in South America to host the 2016 Summer Olympics,10,20.0,Aug/10/2007 12:24:23
476054,2016.OLYMPICS.STH.AMERICA,Venue in South America to host the 2016 Summer Olympics,10,20.0,Aug/10/2007 12:24:31
476054,2016.OLYMPICS.STH.AMERICA,Venue in South America to host the 2016 Summer Olympics,10,20.0,Aug/15/2007 19:26:21
476054,2016.OLYMPICS.STH.AMERICA,Venue in South America to host the 2016 Summer Olympics,10,20.0,Aug/15/2007 19:26:31
476054,2016.OLYMPICS.STH.AMERICA,Venue in South America to host the 2016 Summer Olympics,30,20.0,Aug/17/2007 12:36:14
476054,2016.OLYMPICS.STH.AMERICA,Venue in South America to host the 2016 Summer Olympics,30,20.0,Aug/17/2007 12:36:24
476054,2016.OLYMPICS.STH.AMERICA,Venue in South America to host the 2016 Summer Olympics,15,18.7,Aug/19/2007 16:04:53
476054,2016.OLYMPICS.STH.AMERICA,Venue in South America to host the 2016 Summer Olympics,15,18.7,Aug/19/2007 16:05:05
476054,2016.OLYMPICS.STH.AMERICA,Venue in South America to host the 2016 Summer Olympics,10,20.0,Aug/20/2007 12:04:59
476054,2016.OLYMPICS.STH.AMERICA,Venue in South America to host the 2016 Summer Olympics,10,20.0,Aug/20/2007 12:05:08
476054,2016.OLYMPICS.STH.AMERICA,Venue in South America to host the 2016 Summer Olympics,10,19.0,Aug/21/2007 13:50:32
476054,2016.OLYMPICS.STH.AMERICA,Venue in South America to host the 2016 Summer Olympics,10,19.0,Aug/21/2007 13:50:41
476054,2016.OLYMPICS.STH.AMERICA,Venue in South America to host the 2016 Summer Olympics,12,19.8,Aug/22/2007 15:23:40
476054,2016.OLYMPICS.STH.AMERICA,Venue in South America to host the 2016 Summer Olympics,12,19.8,Aug/22/2007 15:23:55
476054,2016.OLYMPICS.STH.AMERICA,Venue in South America to host the 2016 Summer Olympics,15,19.0,Aug/23/2007 12:10:42
476054,2016.OLYMPICS.STH.AMERICA,Venue in South America to host the 2016 Summer Olympics,15,19.0,Aug/23/2007 12:10:52
476054,2016.OLYMPICS.STH.AMERICA,Venue in South America to host the 2016 Summer Olympics,10,20.0,Aug/24/2007 12:32:44
476054,2016.OLYMPICS.STH.AMERICA,Venue in South America to host the 2016 Summer Olympics,10,20.0,Aug/24/2007 12:32:57
476054,2016.OLYMPICS.STH.AMERICA,Venue in South America to host the 2016 Summer Olympics,15,22.0,Aug/27/2007 12:24:16
476054,2016.OLYMPICS.STH.AMERICA,Venue in South America to host the 2016 Summer Olympics,15,22.0,Aug/27/2007 12:24:25
476054,2016.OLYMPICS.STH.AMERICA,Venue in South America to host the 2016 Summer Olympics,10,20.0,Aug/29/2007 12:33:52
476054,2016.OLYMPICS.STH.AMERICA,Venue in South America to host the 2016 Summer Olympics,10,20.0,Aug/29/2007 12:34:16
476054,2016.OLYMPICS.STH.AMERICA,Venue in South America to host the 2016 Summer Olympics,10,20.0,Aug/30/2007 15:16:54
476054,2016.OLYMPICS.STH.AMERICA,Venue in South America to host the 2016 Summer Olympics,10,20.0,Aug/30/2007 15:17:02
476054,2016.OLYMPICS.STH.AMERICA,Venue in South America to host the 2016 Summer Olympics,10,20.0,Aug/31/2007 12:19:36
476054,2016.OLYMPICS.STH.AMERICA,Venue in South America to host the 2016 Summer Olympics,10,20.0,Aug/31/2007 12:19:44
476054,2016.OLYMPICS.STH.AMERICA,Venue in South America to host the 2016 Summer Olympics,10,20.0,Sep/03/2007 14:10:30
476054,2016.OLYMPICS.STH.AMERICA,Venue in South America to host the 2016 Summer Olympics,10,20.0,Sep/03/2007 14:10:38
476054,2016.OLYMPICS.STH.AMERICA,Venue in South America to host the 2016 Summer Olympics,10,19.5,Sep/04/2007 13:45:36
476054,2016.OLYMPICS.STH.AMERICA,Venue in South America to host the 2016 Summer Olympics,10,19.5,Sep/04/2007 13:45:53
476054,2016.OLYMPICS.STH.AMERICA,Venue in South America to host the 2016 Summer Olympics,30,20.0,Sep/05/2007 11:25:16
476054,2016.OLYMPICS.STH.AMERICA,Venue in South America to host the 2016 Summer Olympics,30,20.0,Sep/05/2007 11:25:25
476054,2016.OLYMPICS.STH.AMERICA,Venue in South America to host the 2016 Summer Olympics,15,18.0,Sep/06/2007 12:36:43
476054,2016.OLYMPICS.STH.AMERICA,Venue in South America to host the 2016 Summer Olympics,15,18.0,Sep/06/2007 12:36:52
476054,2016.OLYMPICS.STH.AMERICA,Venue in South America to host the 2016 Summer Olympics,10,19.0,Sep/07/2007 13:50:45
476054,2016.OLYMPICS.STH.AMERICA,Venue in South America to host the 2016 Summer Olympics,10,19.0,Sep/07/2007 13:50:53
476054,2016.OLYMPICS.STH.AMERICA,Venue in South America to host the 2016 Summer Olympics,15,19.0,Sep/14/2007 12:38:45
476054,2016.OLYMPICS.STH.AMERICA,Venue in South America to host the 2016 Summer Olympics,15,19.0,Sep/14/2007 12:38:57
476054,2016.OLYMPICS.STH.AMERICA,Venue in South America to host the 2016 Summer Olympics,10,19.0,Sep/17/2007 12:17:06
476054,2016.OLYMPICS.STH.AMERICA,Venue in South America to host the 2016 Summer Olympics,10,19.0,Sep/17/2007 12:17:18
476054,2016.OLYMPICS.STH.AMERICA,Venue in South America to host the 2016 Summer Olympics,15,18.0,Sep/24/2007 12:51:46
476054,2016.OLYMPICS.STH.AMERICA,Venue in South America to host the 2016 Summer Olympics,15,18.0,Sep/24/2007 12:51:57
476054,2016.OLYMPICS.STH.AMERICA,Venue in South America to host the 2016 Summer Olympics,15,17.0,Sep/25/2007 13:10:42
476054,2016.OLYMPICS.STH.AMERICA,Venue in South America to host the 2016 Summer Olympics,15,17.0,Sep/25/2007 13:10:51
476054,2016.OLYMPICS.STH.AMERICA,Venue in South America to host the 2016 Summer Olympics,15,17.0,Sep/25/2007 13:11:03
476054,2016.OLYMPICS.STH.AMERICA,Venue in South America to host the 2016 Summer Olympics,15,17.0,Sep/25/2007 13:11:38
476054,2016.OLYMPICS.STH.AMERICA,Venue in South America to host the 2016 Summer Olympics,12,18.5,Oct/10/2007 12:32:42
476054,2016.OLYMPICS.STH.AMERICA,Venue in South America to host the 2016 Summer Olympics,12,18.5,Oct/10/2007 12:32:54
476054,2016.OLYMPICS.STH.AMERICA,Venue in South America to host the 2016 Summer Olympics,12,19.0,Oct/11/2007 18:10:47
476054,2016.OLYMPICS.STH.AMERICA,Venue in South America to host the 2016 Summer Olympics,15,19.0,Oct/11/2007 18:10:58
476054,2016.OLYMPICS.STH.AMERICA,Venue in South America to host the 2016 Summer Olympics,3,19.0,Oct/11/2007 18:11:54
476054,2016.OLYMPICS.STH.AMERICA,Venue in South America to host the 2016 Summer Olympics,10,22.0,Oct/12/2007 12:19:40
476054,2016.OLYMPICS.STH.AMERICA,Venue in South America to host the 2016 Summer Olympics,10,22.0,Oct/12/2007 12:19:48
476054,2016.OLYMPICS.STH.AMERICA,Venue in South America to host the 2016 Summer Olympics,15,24.0,Oct/15/2007 12:14:22
476054,2016.OLYMPICS.STH.AMERICA,Venue in South America to host the 2016 Summer Olympics,15,24.0,Oct/15/2007 12:14:33
476054,2016.OLYMPICS.STH.AMERICA,Venue in South America to host the 2016 Summer Olympics,10,26.0,Oct/16/2007 16:16:10
476054,2016.OLYMPICS.STH.AMERICA,Venue in South America to host the 2016 Summer Olympics,10,26.0,Oct/16/2007 16:16:19
476054,2016.OLYMPICS.STH.AMERICA,Venue in South America to host the 2016 Summer Olympics,10,24.0,Oct/22/2007 15:23:52
476054,2016.OLYMPICS.STH.AMERICA,Venue in South America to host the 2016 Summer Olympics,10,24.0,Oct/22/2007 15:24:05
476054,2016.OLYMPICS.STH.AMERICA,Venue in South America to host the 2016 Summer Olympics,10,24.5,Nov/21/2007 14:18:26
476054,2016.OLYMPICS.STH.AMERICA,Venue in South America to host the 2016 Summer Olympics,10,24.5,Nov/21/2007 14:18:38
476054,2016.OLYMPICS.STH.AMERICA,Venue in South America to host the 2016 Summer Olympics,10,25.0,Nov/22/2007 14:00:51
476054,2016.OLYMPICS.STH.AMERICA,Venue in South America to host the 2016 Summer Olympics,10,25.0,Nov/22/2007 14:01:04
476054,2016.OLYMPICS.STH.AMERICA,Venue in South America to host the 2016 Summer Olympics,10,22.0,Nov/23/2007 13:50:16
476054,2016.OLYMPICS.STH.AMERICA,Venue in South America to host the 2016 Summer Olympics,10,22.0,Nov/23/2007 13:50:27
476054,2016.OLYMPICS.STH.AMERICA,Venue in South America to host the 2016 Summer Olympics,10,23.0,Nov/27/2007 13:39:54
476054,2016.OLYMPICS.STH.AMERICA,Venue in South America to host the 2016 Summer Olympics,10,23.0,Nov/27/2007 13:40:03
476054,2016.OLYMPICS.STH.AMERICA,Venue in South America to host the 2016 Summer Olympics,10,24.5,Nov/28/2007 13:32:54
476054,2016.OLYMPICS.STH.AMERICA,Venue in South America to host the 2016 Summer Olympics,10,24.5,Nov/28/2007 13:33:10
476054,2016.OLYMPICS.STH.AMERICA,Venue in South America to host the 2016 Summer Olympics,30,25.0,Nov/29/2007 18:33:04
476054,2016.OLYMPICS.STH.AMERICA,Venue in South America to host the 2016 Summer Olympics,30,25.0,Nov/29/2007 18:33:22
476054,2016.OLYMPICS.STH.AMERICA,Venue in South America to host the 2016 Summer Olympics,15,23.0,Dec/03/2007 13:23:55
476054,2016.OLYMPICS.STH.AMERICA,Venue in South America to host the 2016 Summer Olympics,15,23.0,Dec/03/2007 13:24:05
476054,2016.OLYMPICS.STH.AMERICA,Venue in South America to host the 2016 Summer Olympics,14,23.0,Dec/04/2007 16:52:56
476054,2016.OLYMPICS.STH.AMERICA,Venue in South America to host the 2016 Summer Olympics,14,23.0,Dec/04/2007 16:53:11
476054,2016.OLYMPICS.STH.AMERICA,Venue in South America to host the 2016 Summer Olympics,9,22.0,Dec/04/2007 16:59:25
476054,2016.OLYMPICS.STH.AMERICA,Venue in South America to host the 2016 Summer Olympics,9,22.0,Dec/04/2007 17:00:04
476054,2016.OLYMPICS.STH.AMERICA,Venue in South America to host the 2016 Summer Olympics,10,23.0,Dec/05/2007 21:44:36
476054,2016.OLYMPICS.STH.AMERICA,Venue in South America to host the 2016 Summer Olympics,10,23.0,Dec/05/2007 21:44:47
476054,2016.OLYMPICS.STH.AMERICA,Venue in South America to host the 2016 Summer Olympics,10,24.0,Dec/19/2007 19:51:55
476054,2016.OLYMPICS.STH.AMERICA,Venue in South America to host the 2016 Summer Olympics,10,24.0,Dec/19/2007 19:52:04
476054,2016.OLYMPICS.STH.AMERICA,Venue in South America to host the 2016 Summer Olympics,10,25.0,Jan/02/2008 13:04:44
476054,2016.OLYMPICS.STH.AMERICA,Venue in South America to host the 2016 Summer Olympics,10,25.0,Jan/02/2008 13:04:54
476054,2016.OLYMPICS.STH.AMERICA,Venue in South America to host the 2016 Summer Olympics,10,30.0,Jan/03/2008 13:04:21
476054,2016.OLYMPICS.STH.AMERICA,Venue in South America to host the 2016 Summer Olympics,10,30.0,Jan/03/2008 13:04:29
476054,2016.OLYMPICS.STH.AMERICA,Venue in South America to host the 2016 Summer Olympics,15,31.0,Jan/09/2008 15:16:19
476054,2016.OLYMPICS.STH.AMERICA,Venue in South America to host the 2016 Summer Olympics,15,31.0,Jan/09/2008 15:16:29
476054,2016.OLYMPICS.STH.AMERICA,Venue in South America to host the 2016 Summer Olympics,30,30.0,Jan/10/2008 12:11:43
476054,2016.OLYMPICS.STH.AMERICA,Venue in South America to host the 2016 Summer Olympics,30,30.0,Jan/10/2008 12:11:58
476054,2016.OLYMPICS.STH.AMERICA,Venue in South America to host the 2016 Summer Olympics,15,28.0,Jan/14/2008 15:35:31
476054,2016.OLYMPICS.STH.AMERICA,Venue in South America to host the 2016 Summer Olympics,15,28.0,Jan/14/2008 15:41:37
476054,2016.OLYMPICS.STH.AMERICA,Venue in South America to host the 2016 Summer Olympics,1,39.0,Jan/17/2008 14:54:31
476054,2016.OLYMPICS.STH.AMERICA,Venue in South America to host the 2016 Summer Olympics,14,39.0,Jan/17/2008 14:54:33
476054,2016.OLYMPICS.STH.AMERICA,Venue in South America to host the 2016 Summer Olympics,15,39.0,Jan/17/2008 14:55:21
476054,2016.OLYMPICS.STH.AMERICA,Venue in South America to host the 2016 Summer Olympics,1,25.5,Jan/17/2008 14:55:59
476054,2016.OLYMPICS.STH.AMERICA,Venue in South America to host the 2016 Summer Olympics,4,25.5,Jan/18/2008 14:08:11
476054,2016.OLYMPICS.STH.AMERICA,Venue in South America to host the 2016 Summer Olympics,10,25.0,Jan/18/2008 14:08:33
476054,2016.OLYMPICS.STH.AMERICA,Venue in South America to host the 2016 Summer Olympics,10,25.0,Jan/21/2008 18:20:43
476054,2016.OLYMPICS.STH.AMERICA,Venue in South America to host the 2016 Summer Olympics,10,25.0,Jan/21/2008 18:20:57
476054,2016.OLYMPICS.STH.AMERICA,Venue in South America to host the 2016 Summer Olympics,30,25.0,Jan/22/2008 14:39:54
476054,2016.OLYMPICS.STH.AMERICA,Venue in South America to host the 2016 Summer Olympics,30,25.0,Jan/22/2008 14:40:04
476054,2016.OLYMPICS.STH.AMERICA,Venue in South America to host the 2016 Summer Olympics,10,25.0,Jan/24/2008 19:28:57
476054,2016.OLYMPICS.STH.AMERICA,Venue in South America to host the 2016 Summer Olympics,10,25.0,Jan/24/2008 19:29:03
476054,2016.OLYMPICS.STH.AMERICA,Venue in South America to host the 2016 Summer Olympics,10,25.0,Jan/25/2008 13:12:42
476054,2016.OLYMPICS.STH.AMERICA,Venue in South America to host the 2016 Summer Olympics,10,25.0,Jan/25/2008 13:12:51
476054,2016.OLYMPICS.STH.AMERICA,Venue in South America to host the 2016 Summer Olympics,1,30.0,Feb/21/2008 15:28:11
476054,2016.OLYMPICS.STH.AMERICA,Venue in South America to host the 2016 Summer Olympics,10,25.0,Feb/27/2008 12:49:06
476054,2016.OLYMPICS.STH.AMERICA,Venue in South America to host the 2016 Summer Olympics,10,25.0,Feb/27/2008 12:49:27
476054,2016.OLYMPICS.STH.AMERICA,Venue in South America to host the 2016 Summer Olympics,10,25.0,Feb/27/2008 12:49:50
476054,2016.OLYMPICS.STH.AMERICA,Venue in South America to host the 2016 Summer Olympics,10,25.0,Feb/27/2008 12:49:50
476054,2016.OLYMPICS.STH.AMERICA,Venue in South America to host the 2016 Summer Olympics,10,25.0,Mar/04/2008 21:18:10
476054,2016.OLYMPICS.STH.AMERICA,Venue in South America to host the 2016 Summer Olympics,10,25.0,Mar/04/2008 21:18:17
476054,2016.OLYMPICS.STH.AMERICA,Venue in South America to host the 2016 Summer Olympics,10,25.0,Mar/05/2008 13:31:17
476054,2016.OLYMPICS.STH.AMERICA,Venue in South America to host the 2016 Summer Olympics,10,25.0,Mar/05/2008 13:31:24
476054,2016.OLYMPICS.STH.AMERICA,Venue in South America to host the 2016 Summer Olympics,1,30.0,Mar/06/2008 15:30:33
476054,2016.OLYMPICS.STH.AMERICA,Venue in South America to host the 2016 Summer Olympics,10,25.0,Mar/10/2008 17:30:39
476054,2016.OLYMPICS.STH.AMERICA,Venue in South America to host the 2016 Summer Olympics,10,30.0,Mar/10/2008 17:33:22
476054,2016.OLYMPICS.STH.AMERICA,Venue in South America to host the 2016 Summer Olympics,5,20.5,Mar/10/2008 17:34:04
476054,2016.OLYMPICS.STH.AMERICA,Venue in South America to host the 2016 Summer Olympics,7,20.0,Mar/10/2008 17:34:04
476054,2016.OLYMPICS.STH.AMERICA,Venue in South America to host the 2016 Summer Olympics,7,18.0,Mar/10/2008 17:34:31
476054,2016.OLYMPICS.STH.AMERICA,Venue in South America to host the 2016 Summer Olympics,1,10.0,Mar/10/2008 17:34:31
476054,2016.OLYMPICS.STH.AMERICA,Venue in South America to host the 2016 Summer Olympics,1,42.0,Mar/10/2008 17:35:00
476054,2016.OLYMPICS.STH.AMERICA,Venue in South America to host the 2016 Summer Olympics,8,30.0,Mar/10/2008 17:35:00
476054,2016.OLYMPICS.STH.AMERICA,Venue in South America to host the 2016 Summer Olympics,1,40.0,Mar/10/2008 17:35:00
476054,2016.OLYMPICS.STH.AMERICA,Venue in South America to host the 2016 Summer Olympics,15,28.0,Mar/12/2008 13:43:53
476054,2016.OLYMPICS.STH.AMERICA,Venue in South America to host the 2016 Summer Olympics,15,28.0,Mar/12/2008 13:44:04
476054,2016.OLYMPICS.STH.AMERICA,Venue in South America to host the 2016 Summer Olympics,10,30.0,Mar/18/2008 13:11:33
476054,2016.OLYMPICS.STH.AMERICA,Venue in South America to host the 2016 Summer Olympics,10,30.0,Mar/18/2008 13:11:40
476054,2016.OLYMPICS.STH.AMERICA,Venue in South America to host the 2016 Summer Olympics,10,30.0,Mar/19/2008 12:41:30
476054,2016.OLYMPICS.STH.AMERICA,Venue in South America to host the 2016 Summer Olympics,10,30.0,Mar/19/2008 13:08:09
476054,2016.OLYMPICS.STH.AMERICA,Venue in South America to host the 2016 Summer Olympics,10,30.0,Mar/20/2008 13:43:17
476054,2016.OLYMPICS.STH.AMERICA,Venue in South America to host the 2016 Summer Olympics,10,30.0,Mar/20/2008 13:43:26
476054,2016.OLYMPICS.STH.AMERICA,Venue in South America to host the 2016 Summer Olympics,10,30.0,Mar/24/2008 11:44:23
476054,2016.OLYMPICS.STH.AMERICA,Venue in South America to host the 2016 Summer Olympics,10,30.0,Mar/24/2008 11:44:31
476054,2016.OLYMPICS.STH.AMERICA,Venue in South America to host the 2016 Summer Olympics,10,30.0,Mar/26/2008 13:23:39
476054,2016.OLYMPICS.STH.AMERICA,Venue in South America to host the 2016 Summer Olympics,10,30.0,Mar/26/2008 13:23:47
476054,2016.OLYMPICS.STH.AMERICA,Venue in South America to host the 2016 Summer Olympics,10,30.0,Mar/27/2008 12:41:12
476054,2016.OLYMPICS.STH.AMERICA,Venue in South America to host the 2016 Summer Olympics,10,30.0,Mar/27/2008 12:41:20
476054,2016.OLYMPICS.STH.AMERICA,Venue in South America to host the 2016 Summer Olympics,10,35.0,Apr/01/2008 13:12:15
476054,2016.OLYMPICS.STH.AMERICA,Venue in South America to host the 2016 Summer Olympics,10,35.0,Apr/01/2008 13:12:22
476054,2016.OLYMPICS.STH.AMERICA,Venue in South America to host the 2016 Summer Olympics,10,35.0,Apr/02/2008 12:36:56
476054,2016.OLYMPICS.STH.AMERICA,Venue in South America to host the 2016 Summer Olympics,10,35.0,Apr/02/2008 12:37:02
476054,2016.OLYMPICS.STH.AMERICA,Venue in South America to host the 2016 Summer Olympics,10,35.0,Apr/03/2008 12:28:58
476054,2016.OLYMPICS.STH.AMERICA,Venue in South America to host the 2016 Summer Olympics,10,35.0,Apr/03/2008 12:29:05
476054,2016.OLYMPICS.STH.AMERICA,Venue in South America to host the 2016 Summer Olympics,10,30.0,Apr/07/2008 12:04:25
476054,2016.OLYMPICS.STH.AMERICA,Venue in South America to host the 2016 Summer Olympics,10,30.0,Apr/07/2008 12:04:38
476054,2016.OLYMPICS.STH.AMERICA,Venue in South America to host the 2016 Summer Olympics,15,33.0,Apr/08/2008 19:08:37
476054,2016.OLYMPICS.STH.AMERICA,Venue in South America to host the 2016 Summer Olympics,15,33.0,Apr/08/2008 19:08:48
476054,2016.OLYMPICS.STH.AMERICA,Venue in South America to host the 2016 Summer Olympics,10,30.0,Apr/09/2008 12:40:32
476054,2016.OLYMPICS.STH.AMERICA,Venue in South America to host the 2016 Summer Olympics,10,30.0,Apr/09/2008 12:40:42
476054,2016.OLYMPICS.STH.AMERICA,Venue in South America to host the 2016 Summer Olympics,10,30.0,Apr/10/2008 12:18:34
476054,2016.OLYMPICS.STH.AMERICA,Venue in South America to host the 2016 Summer Olympics,10,30.0,Apr/10/2008 12:18:41
476054,2016.OLYMPICS.STH.AMERICA,Venue in South America to host the 2016 Summer Olympics,15,31.0,Apr/15/2008 14:53:20
476054,2016.OLYMPICS.STH.AMERICA,Venue in South America to host the 2016 Summer Olympics,15,31.0,Apr/15/2008 14:53:29
476054,2016.OLYMPICS.STH.AMERICA,Venue in South America to host the 2016 Summer Olympics,15,33.0,Apr/16/2008 13:10:13
476054,2016.OLYMPICS.STH.AMERICA,Venue in South America to host the 2016 Summer Olympics,15,33.0,Apr/16/2008 13:10:26
476054,2016.OLYMPICS.STH.AMERICA,Venue in South America to host the 2016 Summer Olympics,10,30.0,Apr/18/2008 12:35:23
476054,2016.OLYMPICS.STH.AMERICA,Venue in South America to host the 2016 Summer Olympics,10,30.0,Apr/18/2008 12:35:30
476054,2016.OLYMPICS.STH.AMERICA,Venue in South America to host the 2016 Summer Olympics,10,30.0,Apr/23/2008 13:57:11
476054,2016.OLYMPICS.STH.AMERICA,Venue in South America to host the 2016 Summer Olympics,10,30.0,Apr/23/2008 13:57:17
476054,2016.OLYMPICS.STH.AMERICA,Venue in South America to host the 2016 Summer Olympics,10,30.0,Apr/29/2008 12:49:45
476054,2016.OLYMPICS.STH.AMERICA,Venue in South America to host the 2016 Summer Olympics,10,30.0,Apr/29/2008 12:49:53
476054,2016.OLYMPICS.STH.AMERICA,Venue in South America to host the 2016 Summer Olympics,10,30.0,Apr/30/2008 19:25:13
476054,2016.OLYMPICS.STH.AMERICA,Venue in South America to host the 2016 Summer Olympics,10,30.0,Apr/30/2008 19:25:21
476054,2016.OLYMPICS.STH.AMERICA,Venue in South America to host the 2016 Summer Olympics,10,30.0,May/01/2008 14:05:08
476054,2016.OLYMPICS.STH.AMERICA,Venue in South America to host the 2016 Summer Olympics,10,30.0,May/01/2008 14:05:15
476054,2016.OLYMPICS.STH.AMERICA,Venue in South America to host the 2016 Summer Olympics,10,30.0,May/02/2008 14:47:42
476054,2016.OLYMPICS.STH.AMERICA,Venue in South America to host the 2016 Summer Olympics,10,30.0,May/02/2008 14:47:47
476054,2016.OLYMPICS.STH.AMERICA,Venue in South America to host the 2016 Summer Olympics,10,32.0,May/20/2008 12:38:26
476054,2016.OLYMPICS.STH.AMERICA,Venue in South America to host the 2016 Summer Olympics,10,32.0,May/20/2008 12:38:33
476054,2016.OLYMPICS.STH.AMERICA,Venue in South America to host the 2016 Summer Olympics,10,32.0,May/21/2008 11:04:25
476054,2016.OLYMPICS.STH.AMERICA,Venue in South America to host the 2016 Summer Olympics,10,32.0,May/21/2008 11:04:31
476054,2016.OLYMPICS.STH.AMERICA,Venue in South America to host the 2016 Summer Olympics,10,32.0,May/22/2008 15:56:30
476054,2016.OLYMPICS.STH.AMERICA,Venue in South America to host the 2016 Summer Olympics,10,32.0,May/22/2008 15:56:38
476054,2016.OLYMPICS.STH.AMERICA,Venue in South America to host the 2016 Summer Olympics,1,31.0,Jun/03/2008 20:23:33
476054,2016.OLYMPICS.STH.AMERICA,Venue in South America to host the 2016 Summer Olympics,1,30.0,Jun/03/2008 20:23:33
476054,2016.OLYMPICS.STH.AMERICA,Venue in South America to host the 2016 Summer Olympics,1,29.0,Jun/04/2008 09:05:38
476054,2016.OLYMPICS.STH.AMERICA,Venue in South America to host the 2016 Summer Olympics,1,29.0,Jun/04/2008 09:05:38
476054,2016.OLYMPICS.STH.AMERICA,Venue in South America to host the 2016 Summer Olympics,1,25.0,Jun/09/2008 08:51:07
476054,2016.OLYMPICS.STH.AMERICA,Venue in South America to host the 2016 Summer Olympics,1,25.0,Jul/02/2008 14:02:23
476054,2016.OLYMPICS.STH.AMERICA,Venue in South America to host the 2016 Summer Olympics,30,26.0,Jul/03/2008 13:01:41
476054,2016.OLYMPICS.STH.AMERICA,Venue in South America to host the 2016 Summer Olympics,30,26.0,Jul/03/2008 13:01:48
476054,2016.OLYMPICS.STH.AMERICA,Venue in South America to host the 2016 Summer Olympics,4,26.0,Jul/10/2008 17:50:53
476054,2016.OLYMPICS.STH.AMERICA,Venue in South America to host the 2016 Summer Olympics,30,30.0,Jul/10/2008 18:33:43
476054,2016.OLYMPICS.STH.AMERICA,Venue in South America to host the 2016 Summer Olympics,30,30.0,Jul/10/2008 18:34:00
476054,2016.OLYMPICS.STH.AMERICA,Venue in South America to host the 2016 Summer Olympics,30,27.0,Jul/11/2008 14:22:24
476054,2016.OLYMPICS.STH.AMERICA,Venue in South America to host the 2016 Summer Olympics,30,27.0,Jul/11/2008 14:22:31
476054,2016.OLYMPICS.STH.AMERICA,Venue in South America to host the 2016 Summer Olympics,30,27.0,Jul/14/2008 17:14:59
476054,2016.OLYMPICS.STH.AMERICA,Venue in South America to host the 2016 Summer Olympics,30,27.0,Jul/14/2008 17:15:08
476054,2016.OLYMPICS.STH.AMERICA,Venue in South America to host the 2016 Summer Olympics,30,27.5,Jul/15/2008 18:09:36
476054,2016.OLYMPICS.STH.AMERICA,Venue in South America to host the 2016 Summer Olympics,30,27.5,Jul/15/2008 18:09:47
476054,2016.OLYMPICS.STH.AMERICA,Venue in South America to host the 2016 Summer Olympics,30,30.0,Jul/17/2008 16:33:49
476054,2016.OLYMPICS.STH.AMERICA,Venue in South America to host the 2016 Summer Olympics,30,30.0,Jul/17/2008 16:33:56
476054,2016.OLYMPICS.STH.AMERICA,Venue in South America to host the 2016 Summer Olympics,15,28.0,Jul/21/2008 14:24:00
476054,2016.OLYMPICS.STH.AMERICA,Venue in South America to host the 2016 Summer Olympics,15,28.0,Jul/21/2008 14:24:17
476054,2016.OLYMPICS.STH.AMERICA,Venue in South America to host the 2016 Summer Olympics,15,29.0,Jul/22/2008 15:14:17
476054,2016.OLYMPICS.STH.AMERICA,Venue in South America to host the 2016 Summer Olympics,15,29.0,Jul/22/2008 15:14:27
476054,2016.OLYMPICS.STH.AMERICA,Venue in South America to host the 2016 Summer Olympics,15,31.0,Jul/23/2008 17:16:00
476054,2016.OLYMPICS.STH.AMERICA,Venue in South America to host the 2016 Summer Olympics,15,31.0,Jul/23/2008 17:16:10
476054,2016.OLYMPICS.STH.AMERICA,Venue in South America to host the 2016 Summer Olympics,15,32.0,Jul/24/2008 17:24:48
476054,2016.OLYMPICS.STH.AMERICA,Venue in South America to host the 2016 Summer Olympics,15,32.0,Jul/24/2008 17:24:58
476054,2016.OLYMPICS.STH.AMERICA,Venue in South America to host the 2016 Summer Olympics,5,25.0,Jul/25/2008 15:03:46
476054,2016.OLYMPICS.STH.AMERICA,Venue in South America to host the 2016 Summer Olympics,15,29.0,Jul/28/2008 14:20:48
476054,2016.OLYMPICS.STH.AMERICA,Venue in South America to host the 2016 Summer Olympics,15,29.0,Jul/28/2008 14:20:59
476054,2016.OLYMPICS.STH.AMERICA,Venue in South America to host the 2016 Summer Olympics,30,30.0,Aug/05/2008 17:36:12
476054,2016.OLYMPICS.STH.AMERICA,Venue in South America to host the 2016 Summer Olympics,30,30.0,Aug/05/2008 17:36:19
476054,2016.OLYMPICS.STH.AMERICA,Venue in South America to host the 2016 Summer Olympics,30,30.0,Aug/06/2008 18:45:55
476054,2016.OLYMPICS.STH.AMERICA,Venue in South America to host the 2016 Summer Olympics,30,30.0,Aug/06/2008 18:46:03
476054,2016.OLYMPICS.STH.AMERICA,Venue in South America to host the 2016 Summer Olympics,15,31.0,Aug/11/2008 18:42:58
476054,2016.OLYMPICS.STH.AMERICA,Venue in South America to host the 2016 Summer Olympics,15,31.0,Aug/11/2008 18:43:06
476054,2016.OLYMPICS.STH.AMERICA,Venue in South America to host the 2016 Summer Olympics,15,30.0,Aug/12/2008 18:38:44
476054,2016.OLYMPICS.STH.AMERICA,Venue in South America to host the 2016 Summer Olympics,15,30.0,Aug/12/2008 18:38:54
476054,2016.OLYMPICS.STH.AMERICA,Venue in South America to host the 2016 Summer Olympics,15,31.0,Aug/13/2008 18:46:30
476054,2016.OLYMPICS.STH.AMERICA,Venue in South America to host the 2016 Summer Olympics,15,31.0,Aug/13/2008 18:46:41
476054,2016.OLYMPICS.STH.AMERICA,Venue in South America to host the 2016 Summer Olympics,30,30.0,Aug/19/2008 14:24:26
476054,2016.OLYMPICS.STH.AMERICA,Venue in South America to host the 2016 Summer Olympics,30,30.0,Aug/19/2008 14:24:38
476054,2016.OLYMPICS.STH.AMERICA,Venue in South America to host the 2016 Summer Olympics,15,29.0,Aug/20/2008 13:50:03
476054,2016.OLYMPICS.STH.AMERICA,Venue in South America to host the 2016 Summer Olympics,15,29.0,Aug/20/2008 13:50:15
476054,2016.OLYMPICS.STH.AMERICA,Venue in South America to host the 2016 Summer Olympics,30,30.0,Aug/25/2008 13:10:14
476054,2016.OLYMPICS.STH.AMERICA,Venue in South America to host the 2016 Summer Olympics,30,30.0,Aug/25/2008 13:10:24
476054,2016.OLYMPICS.STH.AMERICA,Venue in South America to host the 2016 Summer Olympics,13,33.0,Aug/27/2008 11:59:33
476054,2016.OLYMPICS.STH.AMERICA,Venue in South America to host the 2016 Summer Olympics,1,31.0,Aug/27/2008 11:59:33
476054,2016.OLYMPICS.STH.AMERICA,Venue in South America to host the 2016 Summer Olympics,1,35.0,Aug/28/2008 01:54:41
476054,2016.OLYMPICS.STH.AMERICA,Venue in South America to host the 2016 Summer Olympics,9,35.0,Aug/29/2008 17:20:20
476054,2016.OLYMPICS.STH.AMERICA,Venue in South America to host the 2016 Summer Olympics,10,35.0,Aug/29/2008 21:50:56
476054,2016.OLYMPICS.STH.AMERICA,Venue in South America to host the 2016 Summer Olympics,10,34.0,Sep/01/2008 13:40:07
476054,2016.OLYMPICS.STH.AMERICA,Venue in South America to host the 2016 Summer Olympics,10,34.0,Sep/01/2008 13:40:20
476054,2016.OLYMPICS.STH.AMERICA,Venue in South America to host the 2016 Summer Olympics,15,32.0,Sep/03/2008 16:36:15
476054,2016.OLYMPICS.STH.AMERICA,Venue in South America to host the 2016 Summer Olympics,15,32.0,Sep/03/2008 16:36:25
476054,2016.OLYMPICS.STH.AMERICA,Venue in South America to host the 2016 Summer Olympics,10,28.2,Sep/04/2008 18:47:57
476054,2016.OLYMPICS.STH.AMERICA,Venue in South America to host the 2016 Summer Olympics,10,38.0,Sep/30/2008 21:33:46
476054,2016.OLYMPICS.STH.AMERICA,Venue in South America to host the 2016 Summer Olympics,1,30.0,Oct/02/2008 08:36:44
476054,2016.OLYMPICS.STH.AMERICA,Venue in South America to host the 2016 Summer Olympics,1,31.0,Oct/02/2008 22:55:43
476054,2016.OLYMPICS.STH.AMERICA,Venue in South America to host the 2016 Summer Olympics,1,33.0,Oct/06/2008 21:59:07
476054,2016.OLYMPICS.STH.AMERICA,Venue in South America to host the 2016 Summer Olympics,3,30.0,Oct/12/2008 06:51:26
476054,2016.OLYMPICS.STH.AMERICA,Venue in South America to host the 2016 Summer Olympics,9,33.0,Oct/13/2008 21:18:52
476054,2016.OLYMPICS.STH.AMERICA,Venue in South America to host the 2016 Summer Olympics,7,27.0,Nov/06/2008 17:42:16
476054,2016.OLYMPICS.STH.AMERICA,Venue in South America to host the 2016 Summer Olympics,1,27.0,Nov/07/2008 10:04:00
476054,2016.OLYMPICS.STH.AMERICA,Venue in South America to host the 2016 Summer Olympics,2,27.0,Nov/07/2008 10:04:35
476054,2016.OLYMPICS.STH.AMERICA,Venue in South America to host the 2016 Summer Olympics,9,35.0,Nov/07/2008 20:11:17
476054,2016.OLYMPICS.STH.AMERICA,Venue in South America to host the 2016 Summer Olympics,5,35.0,Nov/07/2008 20:15:13
476054,2016.OLYMPICS.STH.AMERICA,Venue in South America to host the 2016 Summer Olympics,16,35.0,Nov/07/2008 20:18:47
476054,2016.OLYMPICS.STH.AMERICA,Venue in South America to host the 2016 Summer Olympics,1,27.0,Nov/08/2008 14:39:52
476054,2016.OLYMPICS.STH.AMERICA,Venue in South America to host the 2016 Summer Olympics,9,27.0,Nov/09/2008 04:06:15
476054,2016.OLYMPICS.STH.AMERICA,Venue in South America to host the 2016 Summer Olympics,1,20.0,Nov/18/2008 06:58:58
476054,2016.OLYMPICS.STH.AMERICA,Venue in South America to host the 2016 Summer Olympics,4,20.0,Nov/18/2008 06:59:27
476054,2016.OLYMPICS.STH.AMERICA,Venue in South America to host the 2016 Summer Olympics,1,26.0,Dec/05/2008 13:46:04
476054,2016.OLYMPICS.STH.AMERICA,Venue in South America to host the 2016 Summer Olympics,8,26.0,Dec/21/2008 05:13:26
476054,2016.OLYMPICS.STH.AMERICA,Venue in South America to host the 2016 Summer Olympics,1,25.0,Dec/21/2008 05:13:26
476054,2016.OLYMPICS.STH.AMERICA,Venue in South America to host the 2016 Summer Olympics,4,26.0,Dec/24/2008 15:41:46
476054,2016.OLYMPICS.STH.AMERICA,Venue in South America to host the 2016 Summer Olympics,10,27.0,Dec/27/2008 03:47:35
476054,2016.OLYMPICS.STH.AMERICA,Venue in South America to host the 2016 Summer Olympics,1,20.0,Jan/24/2009 00:09:17
476054,2016.OLYMPICS.STH.AMERICA,Venue in South America to host the 2016 Summer Olympics,20,27.0,Feb/07/2009 12:17:16
476054,2016.OLYMPICS.STH.AMERICA,Venue in South America to host the 2016 Summer Olympics,8,30.0,Feb/22/2009 23:23:47
476054,2016.OLYMPICS.STH.AMERICA,Venue in South America to host the 2016 Summer Olympics,1,29.0,Mar/14/2009 01:20:46
476054,2016.OLYMPICS.STH.AMERICA,Venue in South America to host the 2016 Summer Olympics,2,29.0,Mar/14/2009 01:31:03
476054,2016.OLYMPICS.STH.AMERICA,Venue in South America to host the 2016 Summer Olympics,7,29.0,Mar/17/2009 14:47:15
476054,2016.OLYMPICS.STH.AMERICA,Venue in South America to host the 2016 Summer Olympics,4,36.0,Mar/20/2009 20:15:16
476054,2016.OLYMPICS.STH.AMERICA,Venue in South America to host the 2016 Summer Olympics,50,32.0,Apr/01/2009 19:51:51
476054,2016.OLYMPICS.STH.AMERICA,Venue in South America to host the 2016 Summer Olympics,1,35.0,Apr/01/2009 20:45:14
476054,2016.OLYMPICS.STH.AMERICA,Venue in South America to host the 2016 Summer Olympics,1,35.0,Apr/01/2009 20:47:22
476054,2016.OLYMPICS.STH.AMERICA,Venue in South America to host the 2016 Summer Olympics,3,35.0,Apr/01/2009 20:48:13
476054,2016.OLYMPICS.STH.AMERICA,Venue in South America to host the 2016 Summer Olympics,1,35.0,Apr/02/2009 23:23:24
476054,2016.OLYMPICS.STH.AMERICA,Venue in South America to host the 2016 Summer Olympics,1,35.0,Apr/02/2009 23:24:54
476054,2016.OLYMPICS.STH.AMERICA,Venue in South America to host the 2016 Summer Olympics,43,35.0,Apr/03/2009 04:35:50
476054,2016.OLYMPICS.STH.AMERICA,Venue in South America to host the 2016 Summer Olympics,1,29.0,Apr/06/2009 16:04:56
476054,2016.OLYMPICS.STH.AMERICA,Venue in South America to host the 2016 Summer Olympics,10,29.0,Apr/08/2009 16:19:38
476054,2016.OLYMPICS.STH.AMERICA,Venue in South America to host the 2016 Summer Olympics,3,25.0,Apr/08/2009 16:19:38
476054,2016.OLYMPICS.STH.AMERICA,Venue in South America to host the 2016 Summer Olympics,2,29.0,Apr/08/2009 16:19:38
476054,2016.OLYMPICS.STH.AMERICA,Venue in South America to host the 2016 Summer Olympics,2,25.0,Apr/20/2009 16:15:24
476054,2016.OLYMPICS.STH.AMERICA,Venue in South America to host the 2016 Summer Olympics,5,22.0,Apr/28/2009 17:08:33
476054,2016.OLYMPICS.STH.AMERICA,Venue in South America to host the 2016 Summer Olympics,2,25.0,May/13/2009 20:54:30
476054,2016.OLYMPICS.STH.AMERICA,Venue in South America to host the 2016 Summer Olympics,5,24.0,May/22/2009 18:49:08
476054,2016.OLYMPICS.STH.AMERICA,Venue in South America to host the 2016 Summer Olympics,1,25.0,May/22/2009 18:49:08
476054,2016.OLYMPICS.STH.AMERICA,Venue in South America to host the 2016 Summer Olympics,10,25.0,Jun/01/2009 22:19:57
476054,2016.OLYMPICS.STH.AMERICA,Venue in South America to host the 2016 Summer Olympics,10,25.0,Jun/02/2009 19:15:53
476054,2016.OLYMPICS.STH.AMERICA,Venue in South America to host the 2016 Summer Olympics,10,25.0,Jun/04/2009 15:09:39
476054,2016.OLYMPICS.STH.AMERICA,Venue in South America to host the 2016 Summer Olympics,1,25.0,Jun/05/2009 17:32:12
476054,2016.OLYMPICS.STH.AMERICA,Venue in South America to host the 2016 Summer Olympics,5,25.0,Jun/17/2009 18:29:17
476054,2016.OLYMPICS.STH.AMERICA,Venue in South America to host the 2016 Summer Olympics,8,25.0,Jun/17/2009 20:53:11
476054,2016.OLYMPICS.STH.AMERICA,Venue in South America to host the 2016 Summer Olympics,8,22.5,Jun/24/2009 17:12:33
476054,2016.OLYMPICS.STH.AMERICA,Venue in South America to host the 2016 Summer Olympics,1,22.5,Jul/03/2009 20:06:42
476054,2016.OLYMPICS.STH.AMERICA,Venue in South America to host the 2016 Summer Olympics,5,25.0,Jul/06/2009 02:59:36
476054,2016.OLYMPICS.STH.AMERICA,Venue in South America to host the 2016 Summer Olympics,11,22.5,Jul/17/2009 04:11:32
476054,2016.OLYMPICS.STH.AMERICA,Venue in South America to host the 2016 Summer Olympics,15,22.0,Jul/17/2009 04:11:32
476054,2016.OLYMPICS.STH.AMERICA,Venue in South America to host the 2016 Summer Olympics,1,24.0,Aug/05/2009 15:32:18
476054,2016.OLYMPICS.STH.AMERICA,Venue in South America to host the 2016 Summer Olympics,1,25.0,Aug/08/2009 03:03:21
476054,2016.OLYMPICS.STH.AMERICA,Venue in South America to host the 2016 Summer Olympics,9,24.0,Aug/08/2009 03:03:21
476054,2016.OLYMPICS.STH.AMERICA,Venue in South America to host the 2016 Summer Olympics,2,20.0,Aug/13/2009 20:22:26
476054,2016.OLYMPICS.STH.AMERICA,Venue in South America to host the 2016 Summer Olympics,3,20.0,Aug/13/2009 20:24:28
476054,2016.OLYMPICS.STH.AMERICA,Venue in South America to host the 2016 Summer Olympics,10,25.0,Sep/02/2009 20:11:45
476054,2016.OLYMPICS.STH.AMERICA,Venue in South America to host the 2016 Summer Olympics,5,24.0,Sep/02/2009 20:11:45
476054,2016.OLYMPICS.STH.AMERICA,Venue in South America to host the 2016 Summer Olympics,2,25.0,Sep/02/2009 23:47:05
476054,2016.OLYMPICS.STH.AMERICA,Venue in South America to host the 2016 Summer Olympics,1,25.0,Sep/02/2009 23:48:41
476054,2016.OLYMPICS.STH.AMERICA,Venue in South America to host the 2016 Summer Olympics,1,25.0,Sep/03/2009 08:44:11
476054,2016.OLYMPICS.STH.AMERICA,Venue in South America to host the 2016 Summer Olympics,16,25.0,Sep/04/2009 15:06:38
476054,2016.OLYMPICS.STH.AMERICA,Venue in South America to host the 2016 Summer Olympics,30,29.0,Sep/08/2009 21:14:55
476054,2016.OLYMPICS.STH.AMERICA,Venue in South America to host the 2016 Summer Olympics,1,29.0,Sep/09/2009 16:14:37
476054,2016.OLYMPICS.STH.AMERICA,Venue in South America to host the 2016 Summer Olympics,4,27.4,Sep/09/2009 20:23:02
476054,2016.OLYMPICS.STH.AMERICA,Venue in South America to host the 2016 Summer Olympics,1,28.0,Sep/09/2009 20:23:02
476054,2016.OLYMPICS.STH.AMERICA,Venue in South America to host the 2016 Summer Olympics,2,30.0,Sep/09/2009 23:57:48
476054,2016.OLYMPICS.STH.AMERICA,Venue in South America to host the 2016 Summer Olympics,69,29.0,Sep/09/2009 23:57:48
476054,2016.OLYMPICS.STH.AMERICA,Venue in South America to host the 2016 Summer Olympics,5,35.0,Sep/10/2009 00:03:56
476054,2016.OLYMPICS.STH.AMERICA,Venue in South America to host the 2016 Summer Olympics,5,40.0,Sep/10/2009 00:04:20
476054,2016.OLYMPICS.STH.AMERICA,Venue in South America to host the 2016 Summer Olympics,10,39.0,Sep/11/2009 14:38:21
476054,2016.OLYMPICS.STH.AMERICA,Venue in South America to host the 2016 Summer Olympics,15,40.0,Sep/11/2009 14:38:36
476054,2016.OLYMPICS.STH.AMERICA,Venue in South America to host the 2016 Summer Olympics,2,39.9,Sep/11/2009 14:38:36
476054,2016.OLYMPICS.STH.AMERICA,Venue in South America to host the 2016 Summer Olympics,1,40.0,Sep/12/2009 03:12:46
476054,2016.OLYMPICS.STH.AMERICA,Venue in South America to host the 2016 Summer Olympics,2,40.0,Sep/12/2009 03:13:47
476054,2016.OLYMPICS.STH.AMERICA,Venue in South America to host the 2016 Summer Olympics,17,40.0,Sep/12/2009 13:39:55
476054,2016.OLYMPICS.STH.AMERICA,Venue in South America to host the 2016 Summer Olympics,4,40.0,Sep/13/2009 04:34:08
476054,2016.OLYMPICS.STH.AMERICA,Venue in South America to host the 2016 Summer Olympics,2,36.1,Sep/14/2009 05:44:10
476054,2016.OLYMPICS.STH.AMERICA,Venue in South America to host the 2016 Summer Olympics,8,36.0,Sep/14/2009 05:44:10
476054,2016.OLYMPICS.STH.AMERICA,Venue in South America to host the 2016 Summer Olympics,10,36.0,Sep/14/2009 05:44:43
476054,2016.OLYMPICS.STH.AMERICA,Venue in South America to host the 2016 Summer Olympics,2,36.0,Sep/14/2009 05:45:25
476054,2016.OLYMPICS.STH.AMERICA,Venue in South America to host the 2016 Summer Olympics,8,35.0,Sep/14/2009 05:45:25
476054,2016.OLYMPICS.STH.AMERICA,Venue in South America to host the 2016 Summer Olympics,10,35.0,Sep/14/2009 05:46:02
476054,2016.OLYMPICS.STH.AMERICA,Venue in South America to host the 2016 Summer Olympics,2,35.0,Sep/14/2009 05:46:55
476054,2016.OLYMPICS.STH.AMERICA,Venue in South America to host the 2016 Summer Olympics,1,31.0,Sep/14/2009 06:11:39
476054,2016.OLYMPICS.STH.AMERICA,Venue in South America to host the 2016 Summer Olympics,9,30.0,Sep/14/2009 06:11:39
476054,2016.OLYMPICS.STH.AMERICA,Venue in South America to host the 2016 Summer Olympics,9,32.5,Sep/15/2009 04:57:38
476054,2016.OLYMPICS.STH.AMERICA,Venue in South America to host the 2016 Summer Olympics,1,32.6,Sep/15/2009 04:57:38
476054,2016.OLYMPICS.STH.AMERICA,Venue in South America to host the 2016 Summer Olympics,1,35.2,Sep/16/2009 19:33:27
476054,2016.OLYMPICS.STH.AMERICA,Venue in South America to host the 2016 Summer Olympics,20,35.1,Sep/16/2009 19:33:27
476054,2016.OLYMPICS.STH.AMERICA,Venue in South America to host the 2016 Summer Olympics,20,35.0,Sep/16/2009 19:33:27
476054,2016.OLYMPICS.STH.AMERICA,Venue in South America to host the 2016 Summer Olympics,1,44.9,Sep/21/2009 10:47:35
476054,2016.OLYMPICS.STH.AMERICA,Venue in South America to host the 2016 Summer Olympics,6,37.0,Sep/23/2009 16:41:02
476054,2016.OLYMPICS.STH.AMERICA,Venue in South America to host the 2016 Summer Olympics,2,37.0,Sep/23/2009 16:42:10
476054,2016.OLYMPICS.STH.AMERICA,Venue in South America to host the 2016 Summer Olympics,2,37.9,Sep/25/2009 12:49:47
476054,2016.OLYMPICS.STH.AMERICA,Venue in South America to host the 2016 Summer Olympics,1,38.0,Sep/25/2009 12:50:07
476054,2016.OLYMPICS.STH.AMERICA,Venue in South America to host the 2016 Summer Olympics,1,37.9,Sep/25/2009 19:34:52
476054,2016.OLYMPICS.STH.AMERICA,Venue in South America to host the 2016 Summer Olympics,1,38.0,Sep/25/2009 19:35:10
476054,2016.OLYMPICS.STH.AMERICA,Venue in South America to host the 2016 Summer Olympics,1,36.0,Sep/25/2009 20:50:05
476054,2016.OLYMPICS.STH.AMERICA,Venue in South America to host the 2016 Summer Olympics,1,36.0,Sep/25/2009 20:50:05
476054,2016.OLYMPICS.STH.AMERICA,Venue in South America to host the 2016 Summer Olympics,1,36.1,Sep/25/2009 20:50:05
476054,2016.OLYMPICS.STH.AMERICA,Venue in South America to host the 2016 Summer Olympics,1,36.1,Sep/25/2009 21:21:28
476054,2016.OLYMPICS.STH.AMERICA,Venue in South America to host the 2016 Summer Olympics,9,36.0,Sep/25/2009 21:21:28
476054,2016.OLYMPICS.STH.AMERICA,Venue in South America to host the 2016 Summer Olympics,1,37.9,Sep/26/2009 12:18:29
476054,2016.OLYMPICS.STH.AMERICA,Venue in South America to host the 2016 Summer Olympics,1,37.9,Sep/26/2009 12:18:29
476054,2016.OLYMPICS.STH.AMERICA,Venue in South America to host the 2016 Summer Olympics,1,34.1,Sep/27/2009 17:07:24
476054,2016.OLYMPICS.STH.AMERICA,Venue in South America to host the 2016 Summer Olympics,1,34.0,Sep/27/2009 17:07:38
476054,2016.OLYMPICS.STH.AMERICA,Venue in South America to host the 2016 Summer Olympics,3,37.9,Sep/28/2009 03:03:47
476054,2016.OLYMPICS.STH.AMERICA,Venue in South America to host the 2016 Summer Olympics,1,37.9,Sep/28/2009 04:40:00
476054,2016.OLYMPICS.STH.AMERICA,Venue in South America to host the 2016 Summer Olympics,19,38.0,Sep/28/2009 04:40:00
476054,2016.OLYMPICS.STH.AMERICA,Venue in South America to host the 2016 Summer Olympics,7,38.0,Sep/28/2009 04:40:40
476054,2016.OLYMPICS.STH.AMERICA,Venue in South America to host the 2016 Summer Olympics,1,34.1,Sep/28/2009 12:47:37
476054,2016.OLYMPICS.STH.AMERICA,Venue in South America to host the 2016 Summer Olympics,2,34.0,Sep/28/2009 12:55:33
476054,2016.OLYMPICS.STH.AMERICA,Venue in South America to host the 2016 Summer Olympics,1,34.0,Sep/28/2009 12:57:25
476054,2016.OLYMPICS.STH.AMERICA,Venue in South America to host the 2016 Summer Olympics,10,34.3,Sep/28/2009 17:07:17
476054,2016.OLYMPICS.STH.AMERICA,Venue in South America to host the 2016 Summer Olympics,10,34.2,Sep/28/2009 17:07:17
476054,2016.OLYMPICS.STH.AMERICA,Venue in South America to host the 2016 Summer Olympics,16,34.0,Sep/28/2009 17:07:17
476054,2016.OLYMPICS.STH.AMERICA,Venue in South America to host the 2016 Summer Olympics,2,33.9,Sep/28/2009 18:07:34
476054,2016.OLYMPICS.STH.AMERICA,Venue in South America to host the 2016 Summer Olympics,3,33.9,Sep/28/2009 18:07:56
476054,2016.OLYMPICS.STH.AMERICA,Venue in South America to host the 2016 Summer Olympics,5,33.9,Sep/28/2009 19:20:31
476054,2016.OLYMPICS.STH.AMERICA,Venue in South America to host the 2016 Summer Olympics,1,33.9,Sep/28/2009 20:59:19
476054,2016.OLYMPICS.STH.AMERICA,Venue in South America to host the 2016 Summer Olympics,1,33.9,Sep/28/2009 20:59:28
476054,2016.OLYMPICS.STH.AMERICA,Venue in South America to host the 2016 Summer Olympics,19,34.0,Sep/28/2009 20:59:28
476054,2016.OLYMPICS.STH.AMERICA,Venue in South America to host the 2016 Summer Olympics,20,35.0,Sep/28/2009 20:59:41
476054,2016.OLYMPICS.STH.AMERICA,Venue in South America to host the 2016 Summer Olympics,5,39.5,Sep/28/2009 21:38:52
476054,2016.OLYMPICS.STH.AMERICA,Venue in South America to host the 2016 Summer Olympics,5,39.4,Sep/28/2009 21:38:52
476054,2016.OLYMPICS.STH.AMERICA,Venue in South America to host the 2016 Summer Olympics,10,39.0,Sep/29/2009 00:00:31
476054,2016.OLYMPICS.STH.AMERICA,Venue in South America to host the 2016 Summer Olympics,10,31.1,Sep/29/2009 02:14:08
476054,2016.OLYMPICS.STH.AMERICA,Venue in South America to host the 2016 Summer Olympics,10,31.1,Sep/29/2009 02:16:19
476054,2016.OLYMPICS.STH.AMERICA,Venue in South America to host the 2016 Summer Olympics,10,31.1,Sep/29/2009 13:40:15
476054,2016.OLYMPICS.STH.AMERICA,Venue in South America to host the 2016 Summer Olympics,1,31.1,Sep/29/2009 14:48:33
476054,2016.OLYMPICS.STH.AMERICA,Venue in South America to host the 2016 Summer Olympics,5,31.1,Sep/29/2009 14:48:33
476054,2016.OLYMPICS.STH.AMERICA,Venue in South America to host the 2016 Summer Olympics,1,31.1,Sep/29/2009 14:48:33
476054,2016.OLYMPICS.STH.AMERICA,Venue in South America to host the 2016 Summer Olympics,10,31.0,Sep/29/2009 14:59:24
476054,2016.OLYMPICS.STH.AMERICA,Venue in South America to host the 2016 Summer Olympics,10,30.0,Sep/29/2009 19:43:00
476054,2016.OLYMPICS.STH.AMERICA,Venue in South America to host the 2016 Summer Olympics,10,31.0,Sep/29/2009 20:20:00
476054,2016.OLYMPICS.STH.AMERICA,Venue in South America to host the 2016 Summer Olympics,1,34.6,Sep/30/2009 03:12:47
476054,2016.OLYMPICS.STH.AMERICA,Venue in South America to host the 2016 Summer Olympics,1,34.6,Sep/30/2009 18:24:20
476054,2016.OLYMPICS.STH.AMERICA,Venue in South America to host the 2016 Summer Olympics,2,34.6,Sep/30/2009 18:24:20
476054,2016.OLYMPICS.STH.AMERICA,Venue in South America to host the 2016 Summer Olympics,12,34.6,Sep/30/2009 23:14:24
476054,2016.OLYMPICS.STH.AMERICA,Venue in South America to host the 2016 Summer Olympics,1,34.5,Sep/30/2009 23:14:24
476054,2016.OLYMPICS.STH.AMERICA,Venue in South America to host the 2016 Summer Olympics,7,34.5,Sep/30/2009 23:14:24
476054,2016.OLYMPICS.STH.AMERICA,Venue in South America to host the 2016 Summer Olympics,1,34.6,Oct/01/2009 03:03:58
476054,2016.OLYMPICS.STH.AMERICA,Venue in South America to host the 2016 Summer Olympics,5,33.0,Oct/01/2009 04:44:27
476054,2016.OLYMPICS.STH.AMERICA,Venue in South America to host the 2016 Summer Olympics,4,34.6,Oct/01/2009 04:44:56
476054,2016.OLYMPICS.STH.AMERICA,Venue in South America to host the 2016 Summer Olympics,25,34.6,Oct/01/2009 05:00:15
476054,2016.OLYMPICS.STH.AMERICA,Venue in South America to host the 2016 Summer Olympics,1,34.6,Oct/01/2009 05:04:07
476054,2016.OLYMPICS.STH.AMERICA,Venue in South America to host the 2016 Summer Olympics,5,34.6,Oct/01/2009 15:15:54
476054,2016.OLYMPICS.STH.AMERICA,Venue in South America to host the 2016 Summer Olympics,1,35.9,Oct/01/2009 17:54:22
476054,2016.OLYMPICS.STH.AMERICA,Venue in South America to host the 2016 Summer Olympics,20,39.9,Oct/01/2009 19:43:27
476054,2016.OLYMPICS.STH.AMERICA,Venue in South America to host the 2016 Summer Olympics,10,39.9,Oct/01/2009 19:43:27
476054,2016.OLYMPICS.STH.AMERICA,Venue in South America to host the 2016 Summer Olympics,10,39.9,Oct/01/2009 19:43:27
476054,2016.OLYMPICS.STH.AMERICA,Venue in South America to host the 2016 Summer Olympics,10,39.9,Oct/01/2009 19:43:27
476054,2016.OLYMPICS.STH.AMERICA,Venue in South America to host the 2016 Summer Olympics,12,40.0,Oct/01/2009 19:43:27
476054,2016.OLYMPICS.STH.AMERICA,Venue in South America to host the 2016 Summer Olympics,6,39.0,Oct/01/2009 20:05:30
476054,2016.OLYMPICS.STH.AMERICA,Venue in South America to host the 2016 Summer Olympics,1,37.9,Oct/01/2009 22:34:16
476054,2016.OLYMPICS.STH.AMERICA,Venue in South America to host the 2016 Summer Olympics,1,36.9,Oct/01/2009 23:12:21
476054,2016.OLYMPICS.STH.AMERICA,Venue in South America to host the 2016 Summer Olympics,4,37.0,Oct/01/2009 23:12:37
476054,2016.OLYMPICS.STH.AMERICA,Venue in South America to host the 2016 Summer Olympics,8,39.9,Oct/02/2009 01:45:27
476054,2016.OLYMPICS.STH.AMERICA,Venue in South America to host the 2016 Summer Olympics,5,35.0,Oct/02/2009 01:45:27
476054,2016.OLYMPICS.STH.AMERICA,Venue in South America to host the 2016 Summer Olympics,2,39.0,Oct/02/2009 01:45:27
476054,2016.OLYMPICS.STH.AMERICA,Venue in South America to host the 2016 Summer Olympics,10,38.0,Oct/02/2009 03:15:56
476054,2016.OLYMPICS.STH.AMERICA,Venue in South America to host the 2016 Summer Olympics,9,38.0,Oct/02/2009 04:09:47
476054,2016.OLYMPICS.STH.AMERICA,Venue in South America to host the 2016 Summer Olympics,1,38.5,Oct/02/2009 05:30:43
476054,2016.OLYMPICS.STH.AMERICA,Venue in South America to host the 2016 Summer Olympics,1,39.9,Oct/02/2009 06:56:02
476054,2016.OLYMPICS.STH.AMERICA,Venue in South America to host the 2016 Summer Olympics,4,40.0,Oct/02/2009 06:56:02
476054,2016.OLYMPICS.STH.AMERICA,Venue in South America to host the 2016 Summer Olympics,15,40.0,Oct/02/2009 06:59:52
476054,2016.OLYMPICS.STH.AMERICA,Venue in South America to host the 2016 Summer Olympics,8,34.5,Oct/02/2009 09:40:56
476054,2016.OLYMPICS.STH.AMERICA,Venue in South America to host the 2016 Summer Olympics,1,38.0,Oct/02/2009 09:40:56
476054,2016.OLYMPICS.STH.AMERICA,Venue in South America to host the 2016 Summer Olympics,1,35.5,Oct/02/2009 09:40:56
476054,2016.OLYMPICS.STH.AMERICA,Venue in South America to host the 2016 Summer Olympics,5,42.9,Oct/02/2009 11:02:58
476054,2016.OLYMPICS.STH.AMERICA,Venue in South America to host the 2016 Summer Olympics,2,42.9,Oct/02/2009 11:03:12
476054,2016.OLYMPICS.STH.AMERICA,Venue in South America to host the 2016 Summer Olympics,1,42.9,Oct/02/2009 11:03:32
476054,2016.OLYMPICS.STH.AMERICA,Venue in South America to host the 2016 Summer Olympics,10,44.9,Oct/02/2009 11:28:25
476054,2016.OLYMPICS.STH.AMERICA,Venue in South America to host the 2016 Summer Olympics,10,45.0,Oct/02/2009 11:29:05
476054,2016.OLYMPICS.STH.AMERICA,Venue in South America to host the 2016 Summer Olympics,1,45.0,Oct/02/2009 11:29:13
476054,2016.OLYMPICS.STH.AMERICA,Venue in South America to host the 2016 Summer Olympics,9,45.0,Oct/02/2009 11:29:38
476054,2016.OLYMPICS.STH.AMERICA,Venue in South America to host the 2016 Summer Olympics,2,50.0,Oct/02/2009 11:30:10
476054,2016.OLYMPICS.STH.AMERICA,Venue in South America to host the 2016 Summer Olympics,20,50.0,Oct/02/2009 12:33:34
476054,2016.OLYMPICS.STH.AMERICA,Venue in South America to host the 2016 Summer Olympics,18,50.0,Oct/02/2009 12:33:34
476054,2016.OLYMPICS.STH.AMERICA,Venue in South America to host the 2016 Summer Olympics,2,48.0,Oct/02/2009 12:37:55
476054,2016.OLYMPICS.STH.AMERICA,Venue in South America to host the 2016 Summer Olympics,20,46.4,Oct/02/2009 12:53:51
476054,2016.OLYMPICS.STH.AMERICA,Venue in South America to host the 2016 Summer Olympics,1,46.9,Oct/02/2009 13:20:59
476054,2016.OLYMPICS.STH.AMERICA,Venue in South America to host the 2016 Summer Olympics,1,46.9,Oct/02/2009 13:20:59
476054,2016.OLYMPICS.STH.AMERICA,Venue in South America to host the 2016 Summer Olympics,1,45.9,Oct/02/2009 13:30:41
476054,2016.OLYMPICS.STH.AMERICA,Venue in South America to host the 2016 Summer Olympics,1,45.9,Oct/02/2009 13:30:41
476054,2016.OLYMPICS.STH.AMERICA,Venue in South America to host the 2016 Summer Olympics,5,45.3,Oct/02/2009 13:48:31
476054,2016.OLYMPICS.STH.AMERICA,Venue in South America to host the 2016 Summer Olympics,2,46.4,Oct/02/2009 14:02:41
476054,2016.OLYMPICS.STH.AMERICA,Venue in South America to host the 2016 Summer Olympics,1,45.9,Oct/02/2009 14:02:41
476054,2016.OLYMPICS.STH.AMERICA,Venue in South America to host the 2016 Summer Olympics,2,46.4,Oct/02/2009 14:02:41
476054,2016.OLYMPICS.STH.AMERICA,Venue in South America to host the 2016 Summer Olympics,20,45.0,Oct/02/2009 14:11:16
476054,2016.OLYMPICS.STH.AMERICA,Venue in South America to host the 2016 Summer Olympics,2,43.5,Oct/02/2009 14:22:21
476054,2016.OLYMPICS.STH.AMERICA,Venue in South America to host the 2016 Summer Olympics,8,43.0,Oct/02/2009 14:22:33
476054,2016.OLYMPICS.STH.AMERICA,Venue in South America to host the 2016 Summer Olympics,1,44.4,Oct/02/2009 14:23:50
476054,2016.OLYMPICS.STH.AMERICA,Venue in South America to host the 2016 Summer Olympics,4,46.0,Oct/02/2009 14:37:31
476054,2016.OLYMPICS.STH.AMERICA,Venue in South America to host the 2016 Summer Olympics,1,45.9,Oct/02/2009 14:37:31
476054,2016.OLYMPICS.STH.AMERICA,Venue in South America to host the 2016 Summer Olympics,29,49.0,Oct/02/2009 14:42:25
476054,2016.OLYMPICS.STH.AMERICA,Venue in South America to host the 2016 Summer Olympics,1,48.9,Oct/02/2009 14:42:25
476054,2016.OLYMPICS.STH.AMERICA,Venue in South America to host the 2016 Summer Olympics,1,48.9,Oct/02/2009 14:45:12
476054,2016.OLYMPICS.STH.AMERICA,Venue in South America to host the 2016 Summer Olympics,1,49.0,Oct/02/2009 14:45:12
476054,2016.OLYMPICS.STH.AMERICA,Venue in South America to host the 2016 Summer Olympics,10,49.9,Oct/02/2009 14:45:12
476054,2016.OLYMPICS.STH.AMERICA,Venue in South America to host the 2016 Summer Olympics,8,50.0,Oct/02/2009 14:45:12
476054,2016.OLYMPICS.STH.AMERICA,Venue in South America to host the 2016 Summer Olympics,10,49.0,Oct/02/2009 14:45:53
476054,2016.OLYMPICS.STH.AMERICA,Venue in South America to host the 2016 Summer Olympics,9,49.0,Oct/02/2009 14:47:34
476054,2016.OLYMPICS.STH.AMERICA,Venue in South America to host the 2016 Summer Olympics,1,48.9,Oct/02/2009 14:47:34
476054,2016.OLYMPICS.STH.AMERICA,Venue in South America to host the 2016 Summer Olympics,10,49.9,Oct/02/2009 14:52:46
476054,2016.OLYMPICS.STH.AMERICA,Venue in South America to host the 2016 Summer Olympics,1,48.8,Oct/02/2009 14:52:46
476054,2016.OLYMPICS.STH.AMERICA,Venue in South America to host the 2016 Summer Olympics,5,50.0,Oct/02/2009 14:52:46
476054,2016.OLYMPICS.STH.AMERICA,Venue in South America to host the 2016 Summer Olympics,4,50.0,Oct/02/2009 14:54:13
476054,2016.OLYMPICS.STH.AMERICA,Venue in South America to host the 2016 Summer Olympics,3,50.0,Oct/02/2009 14:54:29
476054,2016.OLYMPICS.STH.AMERICA,Venue in South America to host the 2016 Summer Olympics,5,51.1,Oct/02/2009 15:03:46
476054,2016.OLYMPICS.STH.AMERICA,Venue in South America to host the 2016 Summer Olympics,1,55.5,Oct/02/2009 15:05:07
476054,2016.OLYMPICS.STH.AMERICA,Venue in South America to host the 2016 Summer Olympics,1,52.1,Oct/02/2009 15:06:10
476054,2016.OLYMPICS.STH.AMERICA,Venue in South America to host the 2016 Summer Olympics,10,51.1,Oct/02/2009 15:06:20
476054,2016.OLYMPICS.STH.AMERICA,Venue in South America to host the 2016 Summer Olympics,1,52.1,Oct/02/2009 15:06:37
476054,2016.OLYMPICS.STH.AMERICA,Venue in South America to host the 2016 Summer Olympics,2,57.4,Oct/02/2009 15:10:25
476054,2016.OLYMPICS.STH.AMERICA,Venue in South America to host the 2016 Summer Olympics,1,53.1,Oct/02/2009 15:13:42
476054,2016.OLYMPICS.STH.AMERICA,Venue in South America to host the 2016 Summer Olympics,10,63.0,Oct/02/2009 15:25:23
476054,2016.OLYMPICS.STH.AMERICA,Venue in South America to host the 2016 Summer Olympics,1,99.9,Oct/02/2009 15:27:37
476054,2016.OLYMPICS.STH.AMERICA,Venue in South America to host the 2016 Summer Olympics,2,90.0,Oct/02/2009 15:29:29
476054,2016.OLYMPICS.STH.AMERICA,Venue in South America to host the 2016 Summer Olympics,8,90.0,Oct/02/2009 15:34:09
476054,2016.OLYMPICS.STH.AMERICA,Venue in South America to host the 2016 Summer Olympics,18,90.0,Oct/02/2009 15:34:09
476054,2016.OLYMPICS.STH.AMERICA,Venue in South America to host the 2016 Summer Olympics,1,85.0,Oct/02/2009 15:35:16
476054,2016.OLYMPICS.STH.AMERICA,Venue in South America to host the 2016 Summer Olympics,9,90.0,Oct/02/2009 15:35:16
476054,2016.OLYMPICS.STH.AMERICA,Venue in South America to host the 2016 Summer Olympics,10,89.9,Oct/02/2009 15:36:44
476054,2016.OLYMPICS.STH.AMERICA,Venue in South America to host the 2016 Summer Olympics,2,80.0,Oct/02/2009 15:38:52
476054,2016.OLYMPICS.STH.AMERICA,Venue in South America to host the 2016 Summer Olympics,8,80.0,Oct/02/2009 15:39:00
476054,2016.OLYMPICS.STH.AMERICA,Venue in South America to host the 2016 Summer Olympics,10,75.0,Oct/02/2009 15:39:11
476054,2016.OLYMPICS.STH.AMERICA,Venue in South America to host the 2016 Summer Olympics,20,87.0,Oct/02/2009 15:42:02
476054,2016.OLYMPICS.STH.AMERICA,Venue in South America to host the 2016 Summer Olympics,10,88.0,Oct/02/2009 15:42:30
476054,2016.OLYMPICS.STH.AMERICA,Venue in South America to host the 2016 Summer Olympics,10,76.0,Oct/02/2009 15:44:46
476054,2016.OLYMPICS.STH.AMERICA,Venue in South America to host the 2016 Summer Olympics,4,84.8,Oct/02/2009 15:45:43
476054,2016.OLYMPICS.STH.AMERICA,Venue in South America to host the 2016 Summer Olympics,6,71.0,Oct/02/2009 15:47:07
476054,2016.OLYMPICS.STH.AMERICA,Venue in South America to host the 2016 Summer Olympics,20,75.0,Oct/02/2009 15:47:07
476054,2016.OLYMPICS.STH.AMERICA,Venue in South America to host the 2016 Summer Olympics,2,83.9,Oct/02/2009 15:49:43
476054,2016.OLYMPICS.STH.AMERICA,Venue in South America to host the 2016 Summer Olympics,2,82.0,Oct/02/2009 15:50:09
476054,2016.OLYMPICS.STH.AMERICA,Venue in South America to host the 2016 Summer Olympics,1,84.0,Oct/02/2009 15:52:42
476054,2016.OLYMPICS.STH.AMERICA,Venue in South America to host the 2016 Summer Olympics,3,83.0,Oct/02/2009 15:56:55
476054,2016.OLYMPICS.STH.AMERICA,Venue in South America to host the 2016 Summer Olympics,1,82.0,Oct/02/2009 16:00:06
476054,2016.OLYMPICS.STH.AMERICA,Venue in South America to host the 2016 Summer Olympics,10,82.9,Oct/02/2009 16:01:59
476054,2016.OLYMPICS.STH.AMERICA,Venue in South America to host the 2016 Summer Olympics,2,77.0,Oct/02/2009 16:04:35
476054,2016.OLYMPICS.STH.AMERICA,Venue in South America to host the 2016 Summer Olympics,20,83.0,Oct/02/2009 16:05:01
476054,2016.OLYMPICS.STH.AMERICA,Venue in South America to host the 2016 Summer Olympics,2,83.0,Oct/02/2009 16:05:01
476054,2016.OLYMPICS.STH.AMERICA,Venue in South America to host the 2016 Summer Olympics,18,89.5,Oct/02/2009 16:05:01
476054,2016.OLYMPICS.STH.AMERICA,Venue in South America to host the 2016 Summer Olympics,2,88.5,Oct/02/2009 16:05:19
476054,2016.OLYMPICS.STH.AMERICA,Venue in South America to host the 2016 Summer Olympics,3,85.0,Oct/02/2009 16:05:59
476054,2016.OLYMPICS.STH.AMERICA,Venue in South America to host the 2016 Summer Olympics,2,84.9,Oct/02/2009 16:07:15
476054,2016.OLYMPICS.STH.AMERICA,Venue in South America to host the 2016 Summer Olympics,1,84.9,Oct/02/2009 16:07:56
476054,2016.OLYMPICS.STH.AMERICA,Venue in South America to host the 2016 Summer Olympics,2,89.0,Oct/02/2009 16:12:47
476054,2016.OLYMPICS.STH.AMERICA,Venue in South America to host the 2016 Summer Olympics,5,85.0,Oct/02/2009 16:13:18
476054,2016.OLYMPICS.STH.AMERICA,Venue in South America to host the 2016 Summer Olympics,3,84.9,Oct/02/2009 16:13:35
476054,2016.OLYMPICS.STH.AMERICA,Venue in South America to host the 2016 Summer Olympics,10,84.0,Oct/02/2009 16:15:52
476054,2016.OLYMPICS.STH.AMERICA,Venue in South America to host the 2016 Summer Olympics,6,84.9,Oct/02/2009 16:16:44
476054,2016.OLYMPICS.STH.AMERICA,Venue in South America to host the 2016 Summer Olympics,2,80.0,Oct/02/2009 16:29:09
476054,2016.OLYMPICS.STH.AMERICA,Venue in South America to host the 2016 Summer Olympics,1,90.0,Oct/02/2009 16:36:19
476054,2016.OLYMPICS.STH.AMERICA,Venue in South America to host the 2016 Summer Olympics,1,80.1,Oct/02/2009 16:39:41
476054,2016.OLYMPICS.STH.AMERICA,Venue in South America to host the 2016 Summer Olympics,1,80.1,Oct/02/2009 16:40:29
476054,2016.OLYMPICS.STH.AMERICA,Venue in South America to host the 2016 Summer Olympics,1,89.9,Oct/02/2009 16:41:52
476054,2016.OLYMPICS.STH.AMERICA,Venue in South America to host the 2016 Summer Olympics,6,94.9,Oct/02/2009 16:42:22
476054,2016.OLYMPICS.STH.AMERICA,Venue in South America to host the 2016 Summer Olympics,2,34.5,Oct/02/2009 16:49:15
476054,2016.OLYMPICS.STH.AMERICA,Venue in South America to host the 2016 Summer Olympics,1,80.0,Oct/02/2009 16:49:15
476054,2016.OLYMPICS.STH.AMERICA,Venue in South America to host the 2016 Summer Olympics,47,20.0,Oct/02/2009 16:49:26
476054,2016.OLYMPICS.STH.AMERICA,Venue in South America to host the 2016 Summer Olympics,5,82.0,Oct/02/2009 16:50:04
476054,2016.OLYMPICS.STH.AMERICA,Venue in South America to host the 2016 Summer Olympics,44,98.0,Oct/02/2009 16:50:45
476054,2016.OLYMPICS.STH.AMERICA,Venue in South America to host the 2016 Summer Olympics,1,97.5,Oct/02/2009 16:50:45
476054,2016.OLYMPICS.STH.AMERICA,Venue in South America to host the 2016 Summer Olympics,1,95.0,Oct/02/2009 16:50:45
476054,2016.OLYMPICS.STH.AMERICA,Venue in South America to host the 2016 Summer Olympics,1,98.0,Oct/02/2009 16:50:49
476054,2016.OLYMPICS.STH.AMERICA,Venue in South America to host the 2016 Summer Olympics,1,99.0,Oct/02/2009 16:51:03
476054,2016.OLYMPICS.STH.AMERICA,Venue in South America to host the 2016 Summer Olympics,5,99.0,Oct/02/2009 16:52:41
476054,2016.OLYMPICS.STH.AMERICA,Venue in South America to host the 2016 Summer Olympics,10,97.0,Oct/02/2009 16:55:20
476054,2016.OLYMPICS.STH.AMERICA,Venue in South America to host the 2016 Summer Olympics,21,98.0,Oct/02/2009 16:55:57
476054,2016.OLYMPICS.STH.AMERICA,Venue in South America to host the 2016 Summer Olympics,93,99.1,Oct/02/2009 17:05:23
476054,2016.OLYMPICS.STH.AMERICA,Venue in South America to host the 2016 Summer Olympics,2,99.0,Oct/02/2009 17:06:12
476054,2016.OLYMPICS.STH.AMERICA,Venue in South America to host the 2016 Summer Olympics,1,99.0,Oct/02/2009 17:20:36
476054,2016.OLYMPICS.STH.AMERICA,Venue in South America to host the 2016 Summer Olympics,1,99.1,Oct/02/2009 17:24:40
476054,2016.OLYMPICS.STH.AMERICA,Venue in South America to host the 2016 Summer Olympics,1,99.1,Oct/02/2009 17:24:54
476054,2016.OLYMPICS.STH.AMERICA,Venue in South America to host the 2016 Summer Olympics,10,99.1,Oct/02/2009 17:25:08
476054,2016.OLYMPICS.STH.AMERICA,Venue in South America to host the 2016 Summer Olympics,1,99.1,Oct/02/2009 17:25:18
476054,2016.OLYMPICS.STH.AMERICA,Venue in South America to host the 2016 Summer Olympics,18,99.1,Oct/02/2009 17:25:34
476054,2016.OLYMPICS.STH.AMERICA,Venue in South America to host the 2016 Summer Olympics,1,99.4,Oct/02/2009 17:26:44
476054,2016.OLYMPICS.STH.AMERICA,Venue in South America to host the 2016 Summer Olympics,15,99.4,Oct/02/2009 17:34:59
