market id,market symbol,market name,trade quantity,trade price,date/time [utc]
337690,MX06.PRES.FIELD,Field(any other candidate) to Win,10,0.1,Mar/02/2006 06:32:52
337690,MX06.PRES.FIELD,Field(any other candidate) to Win,20,0.1,Mar/04/2006 20:44:16
337690,MX06.PRES.FIELD,Field(any other candidate) to Win,20,0.1,Mar/04/2006 20:44:16
337690,MX06.PRES.FIELD,Field(any other candidate) to Win,10,0.1,Mar/04/2006 20:44:16
337690,MX06.PRES.FIELD,Field(any other candidate) to Win,20,0.1,Mar/04/2006 20:44:16
337690,MX06.PRES.FIELD,Field(any other candidate) to Win,10,0.1,Mar/04/2006 20:44:16
337690,MX06.PRES.FIELD,Field(any other candidate) to Win,8,0.1,Mar/04/2006 20:44:16
337690,MX06.PRES.FIELD,Field(any other candidate) to Win,5,0.1,Mar/31/2006 04:22:18
337690,MX06.PRES.FIELD,Field(any other candidate) to Win,5,0.1,Apr/01/2006 06:07:54
337690,MX06.PRES.FIELD,Field(any other candidate) to Win,1,0.1,Apr/15/2006 05:30:41
337690,MX06.PRES.FIELD,Field(any other candidate) to Win,5,0.1,Apr/19/2006 20:20:47
337690,MX06.PRES.FIELD,Field(any other candidate) to Win,4,0.1,Apr/19/2006 20:20:47
337690,MX06.PRES.FIELD,Field(any other candidate) to Win,3,0.1,Apr/19/2006 20:20:47
337690,MX06.PRES.FIELD,Field(any other candidate) to Win,5,0.1,Apr/19/2006 20:20:47
337690,MX06.PRES.FIELD,Field(any other candidate) to Win,5,0.1,Apr/19/2006 20:20:47
337690,MX06.PRES.FIELD,Field(any other candidate) to Win,11,0.1,Apr/19/2006 20:20:47
337690,MX06.PRES.FIELD,Field(any other candidate) to Win,10,0.1,Apr/19/2006 20:20:47
337690,MX06.PRES.FIELD,Field(any other candidate) to Win,5,0.1,Apr/19/2006 20:20:47
337690,MX06.PRES.FIELD,Field(any other candidate) to Win,9,0.1,Apr/19/2006 20:20:47
337690,MX06.PRES.FIELD,Field(any other candidate) to Win,18,0.1,Apr/19/2006 20:20:47
337690,MX06.PRES.FIELD,Field(any other candidate) to Win,2,0.1,Apr/19/2006 20:20:47
337690,MX06.PRES.FIELD,Field(any other candidate) to Win,2,0.1,Apr/19/2006 20:20:47
337690,MX06.PRES.FIELD,Field(any other candidate) to Win,1,0.1,Apr/19/2006 20:20:47
337690,MX06.PRES.FIELD,Field(any other candidate) to Win,1,0.1,Apr/19/2006 20:20:47
337690,MX06.PRES.FIELD,Field(any other candidate) to Win,3,0.1,Apr/19/2006 20:20:47
337690,MX06.PRES.FIELD,Field(any other candidate) to Win,3,0.1,Apr/19/2006 20:20:47
337690,MX06.PRES.FIELD,Field(any other candidate) to Win,4,0.1,Apr/19/2006 20:20:47
337690,MX06.PRES.FIELD,Field(any other candidate) to Win,1,0.1,Apr/19/2006 20:20:47
337690,MX06.PRES.FIELD,Field(any other candidate) to Win,6,0.1,Apr/19/2006 20:20:47
337690,MX06.PRES.FIELD,Field(any other candidate) to Win,4,0.1,Apr/19/2006 20:20:47
337690,MX06.PRES.FIELD,Field(any other candidate) to Win,3,0.1,Apr/19/2006 20:20:47
337690,MX06.PRES.FIELD,Field(any other candidate) to Win,3,0.1,Apr/19/2006 20:20:47
337690,MX06.PRES.FIELD,Field(any other candidate) to Win,1,0.1,Apr/19/2006 20:20:47
337690,MX06.PRES.FIELD,Field(any other candidate) to Win,1,0.1,Apr/19/2006 20:20:47
337690,MX06.PRES.FIELD,Field(any other candidate) to Win,3,0.1,Apr/19/2006 20:20:47
337690,MX06.PRES.FIELD,Field(any other candidate) to Win,1,0.1,Apr/19/2006 20:20:47
337690,MX06.PRES.FIELD,Field(any other candidate) to Win,1,0.1,Apr/19/2006 20:20:47
337690,MX06.PRES.FIELD,Field(any other candidate) to Win,1,0.1,Apr/19/2006 20:20:47
337690,MX06.PRES.FIELD,Field(any other candidate) to Win,1,0.1,Jun/01/2006 15:10:35
337690,MX06.PRES.FIELD,Field(any other candidate) to Win,2,0.1,Jun/01/2006 15:10:35
337690,MX06.PRES.FIELD,Field(any other candidate) to Win,7,0.1,Jun/01/2006 15:10:35
337690,MX06.PRES.FIELD,Field(any other candidate) to Win,3,0.1,Jun/06/2006 00:56:20
337690,MX06.PRES.FIELD,Field(any other candidate) to Win,3,0.1,Jun/06/2006 00:56:20
337690,MX06.PRES.FIELD,Field(any other candidate) to Win,3,0.1,Jun/06/2006 00:56:20
337690,MX06.PRES.FIELD,Field(any other candidate) to Win,1,0.1,Jun/06/2006 00:56:20
337690,MX06.PRES.FIELD,Field(any other candidate) to Win,1,0.1,Jun/06/2006 00:57:37
337690,MX06.PRES.FIELD,Field(any other candidate) to Win,2,0.1,Jun/06/2006 00:57:37
337690,MX06.PRES.FIELD,Field(any other candidate) to Win,1,0.1,Jun/06/2006 00:57:37
337690,MX06.PRES.FIELD,Field(any other candidate) to Win,4,0.1,Jun/06/2006 00:57:37
337690,MX06.PRES.FIELD,Field(any other candidate) to Win,7,0.1,Jun/06/2006 00:57:37
337690,MX06.PRES.FIELD,Field(any other candidate) to Win,1,0.1,Jun/06/2006 00:57:37
337690,MX06.PRES.FIELD,Field(any other candidate) to Win,14,0.1,Jun/06/2006 00:57:37
337690,MX06.PRES.FIELD,Field(any other candidate) to Win,1,0.1,Jun/26/2006 00:47:09
337690,MX06.PRES.FIELD,Field(any other candidate) to Win,2,0.1,Jun/26/2006 00:47:09
337690,MX06.PRES.FIELD,Field(any other candidate) to Win,2,0.1,Jun/26/2006 00:47:09
337690,MX06.PRES.FIELD,Field(any other candidate) to Win,1,0.1,Jun/26/2006 00:47:09
337690,MX06.PRES.FIELD,Field(any other candidate) to Win,9,0.1,Jun/26/2006 00:47:09
337690,MX06.PRES.FIELD,Field(any other candidate) to Win,1,0.1,Jun/26/2006 00:47:09
337690,MX06.PRES.FIELD,Field(any other candidate) to Win,1,0.1,Jun/26/2006 00:47:09
337690,MX06.PRES.FIELD,Field(any other candidate) to Win,11,0.1,Jun/26/2006 00:47:09
337690,MX06.PRES.FIELD,Field(any other candidate) to Win,1,0.1,Jun/26/2006 00:47:09
337690,MX06.PRES.FIELD,Field(any other candidate) to Win,9,0.1,Jun/26/2006 00:47:09
337690,MX06.PRES.FIELD,Field(any other candidate) to Win,1,0.1,Jun/26/2006 00:47:09
337690,MX06.PRES.FIELD,Field(any other candidate) to Win,3,0.1,Jun/26/2006 00:47:09
337690,MX06.PRES.FIELD,Field(any other candidate) to Win,3,0.1,Jun/26/2006 00:47:09
337690,MX06.PRES.FIELD,Field(any other candidate) to Win,5,0.1,Jun/26/2006 00:47:09
337690,MX06.PRES.FIELD,Field(any other candidate) to Win,10,0.1,Jul/02/2006 12:53:08
337690,MX06.PRES.FIELD,Field(any other candidate) to Win,1,0.1,Jul/18/2006 18:05:59
337690,MX06.PRES.FIELD,Field(any other candidate) to Win,10,0.1,Jul/18/2006 18:05:59
337690,MX06.PRES.FIELD,Field(any other candidate) to Win,80,0.1,Jul/18/2006 18:05:59
337690,MX06.PRES.FIELD,Field(any other candidate) to Win,1,0.1,Jul/18/2006 18:05:59
337690,MX06.PRES.FIELD,Field(any other candidate) to Win,1,0.1,Jul/18/2006 18:05:59
337690,MX06.PRES.FIELD,Field(any other candidate) to Win,2,0.1,Jul/18/2006 18:05:59
337690,MX06.PRES.FIELD,Field(any other candidate) to Win,10,0.1,Jul/18/2006 18:05:59
337690,MX06.PRES.FIELD,Field(any other candidate) to Win,1,0.1,Jul/18/2006 18:05:59
337690,MX06.PRES.FIELD,Field(any other candidate) to Win,5,0.1,Jul/18/2006 18:05:59
337690,MX06.PRES.FIELD,Field(any other candidate) to Win,1,0.1,Jul/18/2006 18:05:59
337690,MX06.PRES.FIELD,Field(any other candidate) to Win,4,0.1,Jul/18/2006 18:05:59
337690,MX06.PRES.FIELD,Field(any other candidate) to Win,4,0.1,Jul/18/2006 18:05:59
337690,MX06.PRES.FIELD,Field(any other candidate) to Win,2,0.1,Jul/18/2006 18:05:59
337690,MX06.PRES.FIELD,Field(any other candidate) to Win,1,0.1,Jul/18/2006 18:05:59
337690,MX06.PRES.FIELD,Field(any other candidate) to Win,5,0.1,Jul/18/2006 18:05:59
337690,MX06.PRES.FIELD,Field(any other candidate) to Win,5,0.1,Jul/18/2006 18:05:59
337690,MX06.PRES.FIELD,Field(any other candidate) to Win,1,0.1,Jul/18/2006 18:05:59
337690,MX06.PRES.FIELD,Field(any other candidate) to Win,1,0.1,Jul/18/2006 18:05:59
337690,MX06.PRES.FIELD,Field(any other candidate) to Win,5,0.1,Jul/18/2006 18:05:59
337690,MX06.PRES.FIELD,Field(any other candidate) to Win,10,0.1,Jul/18/2006 18:05:59
337690,MX06.PRES.FIELD,Field(any other candidate) to Win,10,0.1,Jul/18/2006 18:05:59
337690,MX06.PRES.FIELD,Field(any other candidate) to Win,10,0.1,Jul/18/2006 18:05:59
337690,MX06.PRES.FIELD,Field(any other candidate) to Win,10,0.1,Jul/18/2006 18:05:59
337690,MX06.PRES.FIELD,Field(any other candidate) to Win,10,0.1,Jul/18/2006 18:05:59
337690,MX06.PRES.FIELD,Field(any other candidate) to Win,5,0.1,Jul/18/2006 18:05:59
337690,MX06.PRES.FIELD,Field(any other candidate) to Win,7,0.1,Jul/18/2006 18:05:59
337690,MX06.PRES.FIELD,Field(any other candidate) to Win,5,0.1,Jul/18/2006 18:05:59
337690,MX06.PRES.FIELD,Field(any other candidate) to Win,4,0.1,Jul/18/2006 18:05:59
337690,MX06.PRES.FIELD,Field(any other candidate) to Win,10,0.1,Jul/18/2006 18:05:59
337690,MX06.PRES.FIELD,Field(any other candidate) to Win,14,0.1,Jul/18/2006 18:05:59
337690,MX06.PRES.FIELD,Field(any other candidate) to Win,1,0.1,Jul/18/2006 18:05:59
337690,MX06.PRES.FIELD,Field(any other candidate) to Win,1,0.1,Jul/18/2006 18:05:59
337690,MX06.PRES.FIELD,Field(any other candidate) to Win,3,0.1,Jul/18/2006 18:05:59
337690,MX06.PRES.FIELD,Field(any other candidate) to Win,2,0.1,Jul/18/2006 18:05:59
337690,MX06.PRES.FIELD,Field(any other candidate) to Win,10,0.1,Jul/18/2006 18:05:59
337690,MX06.PRES.FIELD,Field(any other candidate) to Win,5,0.1,Jul/18/2006 18:05:59
337690,MX06.PRES.FIELD,Field(any other candidate) to Win,10,0.1,Jul/18/2006 18:05:59
337690,MX06.PRES.FIELD,Field(any other candidate) to Win,2,0.1,Jul/18/2006 18:05:59
337690,MX06.PRES.FIELD,Field(any other candidate) to Win,4,0.1,Jul/18/2006 18:05:59
337690,MX06.PRES.FIELD,Field(any other candidate) to Win,6,0.1,Jul/18/2006 18:05:59
337690,MX06.PRES.FIELD,Field(any other candidate) to Win,2,0.1,Jul/18/2006 18:05:59
337690,MX06.PRES.FIELD,Field(any other candidate) to Win,1,0.1,Jul/18/2006 18:05:59
337690,MX06.PRES.FIELD,Field(any other candidate) to Win,4,0.1,Jul/18/2006 18:05:59
337690,MX06.PRES.FIELD,Field(any other candidate) to Win,4,0.1,Jul/18/2006 18:05:59
337690,MX06.PRES.FIELD,Field(any other candidate) to Win,1,0.1,Jul/18/2006 18:05:59
337690,MX06.PRES.FIELD,Field(any other candidate) to Win,1,0.1,Jul/18/2006 18:05:59
337690,MX06.PRES.FIELD,Field(any other candidate) to Win,5,0.1,Jul/18/2006 18:05:59
337690,MX06.PRES.FIELD,Field(any other candidate) to Win,1,0.1,Jul/18/2006 18:05:59
337690,MX06.PRES.FIELD,Field(any other candidate) to Win,2,0.1,Jul/18/2006 18:05:59
337690,MX06.PRES.FIELD,Field(any other candidate) to Win,3,0.1,Jul/18/2006 18:05:59
337690,MX06.PRES.FIELD,Field(any other candidate) to Win,3,0.1,Jul/18/2006 18:05:59
337690,MX06.PRES.FIELD,Field(any other candidate) to Win,3,0.1,Jul/18/2006 18:05:59
337690,MX06.PRES.FIELD,Field(any other candidate) to Win,3,0.1,Jul/18/2006 18:05:59
337690,MX06.PRES.FIELD,Field(any other candidate) to Win,4,0.1,Jul/18/2006 18:05:59
337690,MX06.PRES.FIELD,Field(any other candidate) to Win,1,0.1,Jul/18/2006 18:05:59
337690,MX06.PRES.FIELD,Field(any other candidate) to Win,2,0.1,Jul/18/2006 18:05:59
337690,MX06.PRES.FIELD,Field(any other candidate) to Win,1,0.1,Jul/18/2006 18:05:59
337690,MX06.PRES.FIELD,Field(any other candidate) to Win,1,0.1,Jul/18/2006 18:05:59
337690,MX06.PRES.FIELD,Field(any other candidate) to Win,7,0.1,Jul/18/2006 18:05:59
337690,MX06.PRES.FIELD,Field(any other candidate) to Win,1,0.1,Jul/18/2006 18:05:59
337690,MX06.PRES.FIELD,Field(any other candidate) to Win,4,0.1,Jul/18/2006 18:05:59
337690,MX06.PRES.FIELD,Field(any other candidate) to Win,15,0.1,Jul/18/2006 18:05:59
337690,MX06.PRES.FIELD,Field(any other candidate) to Win,1,0.1,Jul/18/2006 18:05:59
337690,MX06.PRES.FIELD,Field(any other candidate) to Win,19,0.1,Jul/18/2006 18:05:59
337690,MX06.PRES.FIELD,Field(any other candidate) to Win,10,0.1,Jul/18/2006 18:05:59
337690,MX06.PRES.FIELD,Field(any other candidate) to Win,2,0.1,Jul/18/2006 18:05:59
337690,MX06.PRES.FIELD,Field(any other candidate) to Win,2,0.1,Jul/18/2006 18:05:59
337690,MX06.PRES.FIELD,Field(any other candidate) to Win,1,0.1,Jul/18/2006 18:05:59
337690,MX06.PRES.FIELD,Field(any other candidate) to Win,1,0.1,Jul/18/2006 18:05:59
337690,MX06.PRES.FIELD,Field(any other candidate) to Win,1,0.1,Jul/18/2006 18:05:59
337690,MX06.PRES.FIELD,Field(any other candidate) to Win,1,0.1,Jul/18/2006 18:05:59
337690,MX06.PRES.FIELD,Field(any other candidate) to Win,1,0.1,Jul/18/2006 18:05:59
337690,MX06.PRES.FIELD,Field(any other candidate) to Win,2,0.1,Jul/18/2006 18:05:59
337690,MX06.PRES.FIELD,Field(any other candidate) to Win,1,0.1,Jul/18/2006 18:05:59
337690,MX06.PRES.FIELD,Field(any other candidate) to Win,1,0.1,Jul/18/2006 18:05:59
337690,MX06.PRES.FIELD,Field(any other candidate) to Win,1,0.1,Jul/18/2006 18:05:59
337690,MX06.PRES.FIELD,Field(any other candidate) to Win,60,0.1,Jul/18/2006 18:05:59
337690,MX06.PRES.FIELD,Field(any other candidate) to Win,1,0.1,Jul/18/2006 18:05:59
337690,MX06.PRES.FIELD,Field(any other candidate) to Win,5,0.1,Jul/18/2006 18:05:59
337690,MX06.PRES.FIELD,Field(any other candidate) to Win,4,0.1,Jul/18/2006 18:05:59
337690,MX06.PRES.FIELD,Field(any other candidate) to Win,1,0.1,Jul/18/2006 18:05:59
337690,MX06.PRES.FIELD,Field(any other candidate) to Win,1,0.1,Jul/18/2006 18:05:59
337690,MX06.PRES.FIELD,Field(any other candidate) to Win,1,0.1,Jul/18/2006 18:05:59
337690,MX06.PRES.FIELD,Field(any other candidate) to Win,1,0.1,Jul/18/2006 18:05:59
337690,MX06.PRES.FIELD,Field(any other candidate) to Win,2,0.1,Jul/18/2006 18:05:59
337690,MX06.PRES.FIELD,Field(any other candidate) to Win,4,0.1,Jul/18/2006 18:05:59
337690,MX06.PRES.FIELD,Field(any other candidate) to Win,3,0.1,Jul/18/2006 18:05:59
337690,MX06.PRES.FIELD,Field(any other candidate) to Win,1,0.1,Jul/18/2006 18:05:59
337690,MX06.PRES.FIELD,Field(any other candidate) to Win,1,0.1,Jul/18/2006 18:05:59
337690,MX06.PRES.FIELD,Field(any other candidate) to Win,2,0.1,Jul/19/2006 17:07:26
337690,MX06.PRES.FIELD,Field(any other candidate) to Win,6,0.1,Jul/20/2006 04:37:16
337690,MX06.PRES.FIELD,Field(any other candidate) to Win,40,0.7,Jul/20/2006 04:37:55
337690,MX06.PRES.FIELD,Field(any other candidate) to Win,2,0.1,Jul/20/2006 05:05:59
337690,MX06.PRES.FIELD,Field(any other candidate) to Win,3,0.1,Jul/20/2006 05:08:20
337690,MX06.PRES.FIELD,Field(any other candidate) to Win,1,0.1,Jul/20/2006 08:40:09
337690,MX06.PRES.FIELD,Field(any other candidate) to Win,1,0.1,Jul/20/2006 08:40:17
337690,MX06.PRES.FIELD,Field(any other candidate) to Win,1,0.1,Aug/09/2006 19:48:26
337690,MX06.PRES.FIELD,Field(any other candidate) to Win,1,0.1,Aug/09/2006 19:48:26
337690,MX06.PRES.FIELD,Field(any other candidate) to Win,1,0.1,Aug/09/2006 19:48:26
337690,MX06.PRES.FIELD,Field(any other candidate) to Win,1,0.1,Aug/09/2006 19:48:26
337690,MX06.PRES.FIELD,Field(any other candidate) to Win,4,0.1,Aug/09/2006 19:48:26
337690,MX06.PRES.FIELD,Field(any other candidate) to Win,2,0.1,Aug/09/2006 19:48:26
337690,MX06.PRES.FIELD,Field(any other candidate) to Win,1,0.1,Aug/09/2006 19:48:26
337690,MX06.PRES.FIELD,Field(any other candidate) to Win,1,0.1,Aug/09/2006 19:48:26
337690,MX06.PRES.FIELD,Field(any other candidate) to Win,1,0.1,Aug/09/2006 19:48:26
337690,MX06.PRES.FIELD,Field(any other candidate) to Win,1,0.1,Aug/09/2006 19:48:26
337690,MX06.PRES.FIELD,Field(any other candidate) to Win,1,0.1,Aug/09/2006 19:48:26
337690,MX06.PRES.FIELD,Field(any other candidate) to Win,1,0.1,Aug/09/2006 19:48:26
337690,MX06.PRES.FIELD,Field(any other candidate) to Win,1,0.1,Aug/09/2006 19:48:26
337690,MX06.PRES.FIELD,Field(any other candidate) to Win,1,0.1,Aug/09/2006 19:48:26
337690,MX06.PRES.FIELD,Field(any other candidate) to Win,2,0.1,Aug/09/2006 19:48:26
337690,MX06.PRES.FIELD,Field(any other candidate) to Win,1,0.1,Aug/09/2006 19:48:26
337690,MX06.PRES.FIELD,Field(any other candidate) to Win,3,0.1,Aug/09/2006 19:48:26
337690,MX06.PRES.FIELD,Field(any other candidate) to Win,2,0.1,Aug/09/2006 19:48:26
337690,MX06.PRES.FIELD,Field(any other candidate) to Win,2,0.1,Aug/09/2006 19:48:26
337690,MX06.PRES.FIELD,Field(any other candidate) to Win,2,0.1,Aug/09/2006 19:48:26
337690,MX06.PRES.FIELD,Field(any other candidate) to Win,1,0.1,Aug/09/2006 19:48:26
337690,MX06.PRES.FIELD,Field(any other candidate) to Win,2,0.1,Aug/09/2006 19:48:26
337690,MX06.PRES.FIELD,Field(any other candidate) to Win,2,0.1,Aug/09/2006 19:48:26
337690,MX06.PRES.FIELD,Field(any other candidate) to Win,4,0.1,Aug/09/2006 19:48:26
337690,MX06.PRES.FIELD,Field(any other candidate) to Win,1,0.1,Aug/09/2006 19:48:26
337690,MX06.PRES.FIELD,Field(any other candidate) to Win,1,0.1,Aug/09/2006 19:48:26
337690,MX06.PRES.FIELD,Field(any other candidate) to Win,1,0.1,Aug/09/2006 19:48:26
337690,MX06.PRES.FIELD,Field(any other candidate) to Win,1,0.1,Aug/09/2006 19:48:26
337690,MX06.PRES.FIELD,Field(any other candidate) to Win,1,0.1,Aug/09/2006 19:48:26
337690,MX06.PRES.FIELD,Field(any other candidate) to Win,1,0.1,Aug/09/2006 19:48:26
337690,MX06.PRES.FIELD,Field(any other candidate) to Win,2,0.2,Aug/10/2006 17:08:50
337690,MX06.PRES.FIELD,Field(any other candidate) to Win,15,0.6,Aug/14/2006 00:07:56
337690,MX06.PRES.FIELD,Field(any other candidate) to Win,1,0.3,Aug/15/2006 05:07:41
337690,MX06.PRES.FIELD,Field(any other candidate) to Win,1,0.3,Aug/15/2006 05:09:30
337690,MX06.PRES.FIELD,Field(any other candidate) to Win,20,0.8,Aug/16/2006 18:44:29
337690,MX06.PRES.FIELD,Field(any other candidate) to Win,5,0.5,Aug/16/2006 18:44:29
337690,MX06.PRES.FIELD,Field(any other candidate) to Win,500,0.8,Aug/16/2006 18:44:29
337690,MX06.PRES.FIELD,Field(any other candidate) to Win,35,0.6,Aug/16/2006 18:44:29
337690,MX06.PRES.FIELD,Field(any other candidate) to Win,4,0.4,Aug/17/2006 05:11:43
337690,MX06.PRES.FIELD,Field(any other candidate) to Win,1,0.4,Aug/17/2006 07:56:02
337690,MX06.PRES.FIELD,Field(any other candidate) to Win,1,0.4,Aug/17/2006 15:15:26
337690,MX06.PRES.FIELD,Field(any other candidate) to Win,2,0.4,Aug/18/2006 19:22:06
337690,MX06.PRES.FIELD,Field(any other candidate) to Win,2,0.4,Aug/19/2006 02:05:10
337690,MX06.PRES.FIELD,Field(any other candidate) to Win,1,0.4,Aug/19/2006 08:48:40
337690,MX06.PRES.FIELD,Field(any other candidate) to Win,1,0.4,Aug/19/2006 16:37:45
337690,MX06.PRES.FIELD,Field(any other candidate) to Win,1,0.4,Aug/20/2006 06:50:26
337690,MX06.PRES.FIELD,Field(any other candidate) to Win,1,0.4,Aug/20/2006 16:01:05
337690,MX06.PRES.FIELD,Field(any other candidate) to Win,1,0.4,Aug/21/2006 09:36:51
337690,MX06.PRES.FIELD,Field(any other candidate) to Win,15,0.5,Aug/21/2006 15:39:11
337690,MX06.PRES.FIELD,Field(any other candidate) to Win,2,0.4,Aug/21/2006 17:08:04
337690,MX06.PRES.FIELD,Field(any other candidate) to Win,1,0.4,Aug/22/2006 10:51:16
337690,MX06.PRES.FIELD,Field(any other candidate) to Win,1,0.4,Aug/22/2006 20:26:24
337690,MX06.PRES.FIELD,Field(any other candidate) to Win,1,0.4,Aug/23/2006 05:14:46
337690,MX06.PRES.FIELD,Field(any other candidate) to Win,1,0.4,Aug/23/2006 21:55:47
337690,MX06.PRES.FIELD,Field(any other candidate) to Win,2,0.5,Aug/23/2006 21:56:26
337690,MX06.PRES.FIELD,Field(any other candidate) to Win,1,0.3,Aug/24/2006 05:49:43
337690,MX06.PRES.FIELD,Field(any other candidate) to Win,1,0.3,Aug/24/2006 05:49:46
337690,MX06.PRES.FIELD,Field(any other candidate) to Win,1,0.3,Aug/24/2006 05:50:14
337690,MX06.PRES.FIELD,Field(any other candidate) to Win,2,0.3,Aug/25/2006 05:21:07
337690,MX06.PRES.FIELD,Field(any other candidate) to Win,1,0.3,Aug/26/2006 08:41:57
337690,MX06.PRES.FIELD,Field(any other candidate) to Win,3,0.3,Aug/26/2006 17:44:04
337690,MX06.PRES.FIELD,Field(any other candidate) to Win,1,0.3,Aug/26/2006 17:50:43
337690,MX06.PRES.FIELD,Field(any other candidate) to Win,2,0.3,Aug/26/2006 21:18:18
337690,MX06.PRES.FIELD,Field(any other candidate) to Win,1,0.3,Aug/26/2006 21:23:23
337690,MX06.PRES.FIELD,Field(any other candidate) to Win,1,0.3,Aug/26/2006 21:25:31
337690,MX06.PRES.FIELD,Field(any other candidate) to Win,1,0.3,Aug/27/2006 16:45:52
337690,MX06.PRES.FIELD,Field(any other candidate) to Win,1,0.3,Aug/28/2006 23:05:33
337690,MX06.PRES.FIELD,Field(any other candidate) to Win,1,0.3,Aug/29/2006 02:43:56
337690,MX06.PRES.FIELD,Field(any other candidate) to Win,1,0.3,Aug/29/2006 05:04:31
337690,MX06.PRES.FIELD,Field(any other candidate) to Win,1,0.3,Aug/30/2006 11:38:04
337690,MX06.PRES.FIELD,Field(any other candidate) to Win,1,0.3,Sep/01/2006 09:53:34
337690,MX06.PRES.FIELD,Field(any other candidate) to Win,20,0.5,Sep/02/2006 13:41:36
337690,MX06.PRES.FIELD,Field(any other candidate) to Win,5,0.5,Sep/02/2006 13:41:36
337690,MX06.PRES.FIELD,Field(any other candidate) to Win,2,0.4,Sep/03/2006 17:39:28
337690,MX06.PRES.FIELD,Field(any other candidate) to Win,13,0.4,Sep/03/2006 17:39:28
337690,MX06.PRES.FIELD,Field(any other candidate) to Win,4,0.4,Sep/05/2006 05:00:32
337690,MX06.PRES.FIELD,Field(any other candidate) to Win,2,0.4,Sep/05/2006 15:09:21
337690,MX06.PRES.FIELD,Field(any other candidate) to Win,5,0.3,Sep/05/2006 17:07:59
337690,MX06.PRES.FIELD,Field(any other candidate) to Win,10,0.3,Sep/05/2006 17:07:59
337690,MX06.PRES.FIELD,Field(any other candidate) to Win,48,0.3,Sep/05/2006 17:07:59
337690,MX06.PRES.FIELD,Field(any other candidate) to Win,418,0.3,Sep/05/2006 17:07:59
