market id,market symbol,market name,trade quantity,trade price,date/time [utc]
745753,IA.2012.DEM,Democratic nominee to win Iowa,1,50.2,Apr/13/2012 15:00:44
745753,IA.2012.DEM,Democratic nominee to win Iowa,1,53.0,Apr/13/2012 15:00:44
745753,IA.2012.DEM,Democratic nominee to win Iowa,2,60.0,May/03/2012 06:43:15
745753,IA.2012.DEM,Democratic nominee to win Iowa,2,53.0,May/11/2012 06:40:53
745753,IA.2012.DEM,Democratic nominee to win Iowa,3,50.5,Jun/05/2012 22:54:14
745753,IA.2012.DEM,Democratic nominee to win Iowa,3,55.0,Jun/07/2012 00:23:47
745753,IA.2012.DEM,Democratic nominee to win Iowa,2,61.8,Jul/13/2012 13:02:43
745753,IA.2012.DEM,Democratic nominee to win Iowa,3,61.8,Jul/14/2012 02:11:09
745753,IA.2012.DEM,Democratic nominee to win Iowa,1,55.1,Jul/25/2012 16:17:13
745753,IA.2012.DEM,Democratic nominee to win Iowa,50,63.9,Aug/01/2012 19:51:37
745753,IA.2012.DEM,Democratic nominee to win Iowa,1,63.7,Aug/03/2012 22:47:25
745753,IA.2012.DEM,Democratic nominee to win Iowa,1,63.7,Aug/05/2012 13:26:59
745753,IA.2012.DEM,Democratic nominee to win Iowa,1,50.0,Aug/13/2012 19:28:58
745753,IA.2012.DEM,Democratic nominee to win Iowa,5,50.0,Aug/13/2012 19:28:58
745753,IA.2012.DEM,Democratic nominee to win Iowa,1,62.0,Aug/13/2012 19:36:21
745753,IA.2012.DEM,Democratic nominee to win Iowa,1,47.0,Aug/13/2012 19:41:43
745753,IA.2012.DEM,Democratic nominee to win Iowa,6,59.9,Aug/19/2012 08:16:02
745753,IA.2012.DEM,Democratic nominee to win Iowa,1,59.8,Aug/19/2012 08:16:02
745753,IA.2012.DEM,Democratic nominee to win Iowa,1,59.8,Aug/19/2012 08:16:02
745753,IA.2012.DEM,Democratic nominee to win Iowa,1,59.9,Aug/19/2012 08:16:02
745753,IA.2012.DEM,Democratic nominee to win Iowa,11,59.9,Aug/19/2012 08:16:36
745753,IA.2012.DEM,Democratic nominee to win Iowa,30,59.9,Aug/19/2012 10:17:36
745753,IA.2012.DEM,Democratic nominee to win Iowa,5,59.9,Aug/19/2012 10:17:36
745753,IA.2012.DEM,Democratic nominee to win Iowa,1,61.8,Aug/25/2012 03:07:19
745753,IA.2012.DEM,Democratic nominee to win Iowa,1,61.8,Aug/25/2012 03:07:19
745753,IA.2012.DEM,Democratic nominee to win Iowa,10,50.2,Aug/27/2012 15:11:10
745753,IA.2012.DEM,Democratic nominee to win Iowa,1,50.1,Aug/27/2012 15:11:34
745753,IA.2012.DEM,Democratic nominee to win Iowa,5,50.0,Aug/27/2012 15:13:02
745753,IA.2012.DEM,Democratic nominee to win Iowa,10,50.0,Aug/27/2012 15:13:02
745753,IA.2012.DEM,Democratic nominee to win Iowa,1,45.2,Aug/28/2012 17:55:24
745753,IA.2012.DEM,Democratic nominee to win Iowa,4,46.8,Aug/31/2012 15:04:22
745753,IA.2012.DEM,Democratic nominee to win Iowa,15,46.8,Aug/31/2012 15:04:22
745753,IA.2012.DEM,Democratic nominee to win Iowa,10,59.6,Aug/31/2012 18:21:42
745753,IA.2012.DEM,Democratic nominee to win Iowa,5,50.0,Sep/01/2012 10:46:17
745753,IA.2012.DEM,Democratic nominee to win Iowa,1,50.0,Sep/01/2012 10:46:17
745753,IA.2012.DEM,Democratic nominee to win Iowa,1,57.6,Sep/03/2012 14:29:43
745753,IA.2012.DEM,Democratic nominee to win Iowa,3,57.5,Sep/03/2012 22:43:23
745753,IA.2012.DEM,Democratic nominee to win Iowa,1,44.7,Sep/04/2012 06:08:26
745753,IA.2012.DEM,Democratic nominee to win Iowa,7,57.5,Sep/05/2012 14:58:48
745753,IA.2012.DEM,Democratic nominee to win Iowa,3,57.5,Sep/05/2012 14:58:48
745753,IA.2012.DEM,Democratic nominee to win Iowa,9,57.5,Sep/05/2012 18:55:37
745753,IA.2012.DEM,Democratic nominee to win Iowa,1,57.4,Sep/06/2012 17:30:29
745753,IA.2012.DEM,Democratic nominee to win Iowa,1,57.4,Sep/06/2012 17:30:29
745753,IA.2012.DEM,Democratic nominee to win Iowa,6,57.6,Sep/07/2012 11:45:14
745753,IA.2012.DEM,Democratic nominee to win Iowa,9,57.6,Sep/07/2012 11:45:14
745753,IA.2012.DEM,Democratic nominee to win Iowa,1,57.5,Sep/07/2012 11:45:14
745753,IA.2012.DEM,Democratic nominee to win Iowa,10,57.7,Sep/07/2012 21:34:27
745753,IA.2012.DEM,Democratic nominee to win Iowa,5,58.0,Sep/08/2012 15:11:42
745753,IA.2012.DEM,Democratic nominee to win Iowa,6,57.8,Sep/08/2012 15:11:42
745753,IA.2012.DEM,Democratic nominee to win Iowa,8,57.7,Sep/08/2012 15:11:42
745753,IA.2012.DEM,Democratic nominee to win Iowa,1,59.7,Sep/08/2012 15:48:37
745753,IA.2012.DEM,Democratic nominee to win Iowa,5,59.7,Sep/08/2012 15:48:37
745753,IA.2012.DEM,Democratic nominee to win Iowa,5,58.5,Sep/11/2012 16:50:24
745753,IA.2012.DEM,Democratic nominee to win Iowa,5,58.6,Sep/11/2012 16:50:54
745753,IA.2012.DEM,Democratic nominee to win Iowa,1,54.1,Sep/12/2012 02:07:25
745753,IA.2012.DEM,Democratic nominee to win Iowa,1,59.3,Sep/13/2012 03:00:47
745753,IA.2012.DEM,Democratic nominee to win Iowa,3,59.3,Sep/13/2012 03:01:35
745753,IA.2012.DEM,Democratic nominee to win Iowa,2,59.3,Sep/14/2012 01:32:40
745753,IA.2012.DEM,Democratic nominee to win Iowa,3,59.9,Sep/14/2012 07:27:32
745753,IA.2012.DEM,Democratic nominee to win Iowa,3,60.4,Sep/14/2012 07:31:38
745753,IA.2012.DEM,Democratic nominee to win Iowa,10,60.5,Sep/14/2012 07:32:07
745753,IA.2012.DEM,Democratic nominee to win Iowa,10,61.1,Sep/14/2012 07:35:47
745753,IA.2012.DEM,Democratic nominee to win Iowa,1,55.5,Sep/14/2012 12:11:06
745753,IA.2012.DEM,Democratic nominee to win Iowa,1,64.0,Sep/14/2012 16:43:45
745753,IA.2012.DEM,Democratic nominee to win Iowa,13,64.1,Sep/14/2012 17:54:32
745753,IA.2012.DEM,Democratic nominee to win Iowa,1,64.7,Sep/14/2012 17:54:32
745753,IA.2012.DEM,Democratic nominee to win Iowa,1,64.5,Sep/14/2012 17:54:32
745753,IA.2012.DEM,Democratic nominee to win Iowa,1,64.3,Sep/14/2012 17:54:32
745753,IA.2012.DEM,Democratic nominee to win Iowa,5,64.8,Sep/14/2012 18:10:26
745753,IA.2012.DEM,Democratic nominee to win Iowa,1,64.1,Sep/14/2012 19:06:43
745753,IA.2012.DEM,Democratic nominee to win Iowa,25,64.9,Sep/14/2012 20:52:59
745753,IA.2012.DEM,Democratic nominee to win Iowa,5,64.3,Sep/15/2012 13:26:12
745753,IA.2012.DEM,Democratic nominee to win Iowa,5,64.1,Sep/15/2012 13:27:30
745753,IA.2012.DEM,Democratic nominee to win Iowa,5,64.1,Sep/15/2012 13:27:49
745753,IA.2012.DEM,Democratic nominee to win Iowa,5,64.1,Sep/15/2012 13:27:57
745753,IA.2012.DEM,Democratic nominee to win Iowa,5,64.1,Sep/15/2012 13:28:07
745753,IA.2012.DEM,Democratic nominee to win Iowa,5,64.1,Sep/15/2012 13:28:18
745753,IA.2012.DEM,Democratic nominee to win Iowa,5,64.1,Sep/15/2012 13:28:26
745753,IA.2012.DEM,Democratic nominee to win Iowa,5,64.1,Sep/15/2012 13:28:38
745753,IA.2012.DEM,Democratic nominee to win Iowa,5,64.1,Sep/15/2012 13:29:18
745753,IA.2012.DEM,Democratic nominee to win Iowa,5,64.1,Sep/15/2012 13:29:28
745753,IA.2012.DEM,Democratic nominee to win Iowa,5,64.1,Sep/15/2012 13:29:39
745753,IA.2012.DEM,Democratic nominee to win Iowa,5,64.1,Sep/15/2012 13:29:47
745753,IA.2012.DEM,Democratic nominee to win Iowa,5,64.1,Sep/15/2012 13:29:56
745753,IA.2012.DEM,Democratic nominee to win Iowa,5,64.1,Sep/15/2012 13:30:09
745753,IA.2012.DEM,Democratic nominee to win Iowa,5,64.1,Sep/15/2012 13:30:30
745753,IA.2012.DEM,Democratic nominee to win Iowa,5,64.1,Sep/15/2012 13:30:45
745753,IA.2012.DEM,Democratic nominee to win Iowa,5,64.1,Sep/15/2012 13:30:53
745753,IA.2012.DEM,Democratic nominee to win Iowa,5,64.1,Sep/15/2012 13:31:02
745753,IA.2012.DEM,Democratic nominee to win Iowa,5,64.1,Sep/15/2012 13:31:10
745753,IA.2012.DEM,Democratic nominee to win Iowa,5,64.1,Sep/15/2012 13:31:24
745753,IA.2012.DEM,Democratic nominee to win Iowa,5,64.1,Sep/15/2012 13:31:36
745753,IA.2012.DEM,Democratic nominee to win Iowa,5,64.1,Sep/15/2012 13:31:45
745753,IA.2012.DEM,Democratic nominee to win Iowa,5,64.1,Sep/15/2012 13:31:57
745753,IA.2012.DEM,Democratic nominee to win Iowa,5,64.1,Sep/15/2012 13:32:04
745753,IA.2012.DEM,Democratic nominee to win Iowa,5,64.1,Sep/15/2012 13:32:16
745753,IA.2012.DEM,Democratic nominee to win Iowa,5,64.1,Sep/15/2012 13:32:23
745753,IA.2012.DEM,Democratic nominee to win Iowa,5,64.1,Sep/15/2012 13:32:32
745753,IA.2012.DEM,Democratic nominee to win Iowa,5,64.1,Sep/15/2012 13:32:40
745753,IA.2012.DEM,Democratic nominee to win Iowa,5,64.1,Sep/15/2012 13:32:54
745753,IA.2012.DEM,Democratic nominee to win Iowa,5,64.1,Sep/15/2012 13:33:02
745753,IA.2012.DEM,Democratic nominee to win Iowa,5,64.1,Sep/15/2012 13:33:10
745753,IA.2012.DEM,Democratic nominee to win Iowa,5,64.1,Sep/15/2012 13:33:22
745753,IA.2012.DEM,Democratic nominee to win Iowa,5,64.1,Sep/15/2012 13:33:30
745753,IA.2012.DEM,Democratic nominee to win Iowa,5,64.1,Sep/15/2012 13:33:38
745753,IA.2012.DEM,Democratic nominee to win Iowa,5,64.1,Sep/15/2012 13:33:48
745753,IA.2012.DEM,Democratic nominee to win Iowa,5,64.1,Sep/15/2012 13:33:58
745753,IA.2012.DEM,Democratic nominee to win Iowa,5,64.1,Sep/15/2012 13:34:13
745753,IA.2012.DEM,Democratic nominee to win Iowa,6,64.1,Sep/15/2012 13:34:13
745753,IA.2012.DEM,Democratic nominee to win Iowa,5,64.1,Sep/15/2012 13:34:24
745753,IA.2012.DEM,Democratic nominee to win Iowa,5,64.1,Sep/15/2012 13:34:45
745753,IA.2012.DEM,Democratic nominee to win Iowa,15,64.1,Sep/15/2012 13:34:46
745753,IA.2012.DEM,Democratic nominee to win Iowa,5,64.1,Sep/15/2012 13:35:05
745753,IA.2012.DEM,Democratic nominee to win Iowa,1,64.1,Sep/15/2012 15:28:10
745753,IA.2012.DEM,Democratic nominee to win Iowa,17,64.1,Sep/15/2012 17:55:37
745753,IA.2012.DEM,Democratic nominee to win Iowa,1,64.3,Sep/15/2012 21:17:46
745753,IA.2012.DEM,Democratic nominee to win Iowa,5,64.2,Sep/15/2012 21:18:08
745753,IA.2012.DEM,Democratic nominee to win Iowa,20,64.1,Sep/15/2012 21:18:34
745753,IA.2012.DEM,Democratic nominee to win Iowa,5,64.1,Sep/15/2012 21:19:29
745753,IA.2012.DEM,Democratic nominee to win Iowa,5,64.1,Sep/15/2012 21:19:52
745753,IA.2012.DEM,Democratic nominee to win Iowa,1,64.1,Sep/15/2012 21:24:32
745753,IA.2012.DEM,Democratic nominee to win Iowa,1,64.2,Sep/17/2012 19:11:00
745753,IA.2012.DEM,Democratic nominee to win Iowa,5,64.1,Sep/17/2012 20:43:37
745753,IA.2012.DEM,Democratic nominee to win Iowa,1,67.4,Sep/18/2012 14:03:41
745753,IA.2012.DEM,Democratic nominee to win Iowa,2,67.5,Sep/18/2012 14:07:44
745753,IA.2012.DEM,Democratic nominee to win Iowa,5,64.1,Sep/18/2012 20:17:27
745753,IA.2012.DEM,Democratic nominee to win Iowa,1,64.1,Sep/18/2012 20:18:14
745753,IA.2012.DEM,Democratic nominee to win Iowa,42,64.1,Sep/19/2012 14:42:59
745753,IA.2012.DEM,Democratic nominee to win Iowa,142,64.1,Sep/20/2012 15:21:21
745753,IA.2012.DEM,Democratic nominee to win Iowa,1,63.7,Sep/20/2012 16:17:40
745753,IA.2012.DEM,Democratic nominee to win Iowa,1,68.0,Sep/21/2012 05:07:00
745753,IA.2012.DEM,Democratic nominee to win Iowa,5,68.3,Sep/21/2012 05:07:26
745753,IA.2012.DEM,Democratic nominee to win Iowa,5,68.4,Sep/21/2012 05:07:38
745753,IA.2012.DEM,Democratic nominee to win Iowa,5,68.9,Sep/21/2012 05:07:51
745753,IA.2012.DEM,Democratic nominee to win Iowa,4,68.9,Sep/21/2012 05:07:51
745753,IA.2012.DEM,Democratic nominee to win Iowa,8,65.0,Sep/21/2012 14:59:52
745753,IA.2012.DEM,Democratic nominee to win Iowa,1,68.3,Sep/21/2012 16:09:05
745753,IA.2012.DEM,Democratic nominee to win Iowa,5,68.3,Sep/21/2012 16:09:05
745753,IA.2012.DEM,Democratic nominee to win Iowa,4,68.5,Sep/21/2012 16:55:34
745753,IA.2012.DEM,Democratic nominee to win Iowa,5,68.4,Sep/21/2012 17:31:39
745753,IA.2012.DEM,Democratic nominee to win Iowa,5,68.4,Sep/21/2012 17:31:39
745753,IA.2012.DEM,Democratic nominee to win Iowa,1,68.5,Sep/21/2012 20:06:42
745753,IA.2012.DEM,Democratic nominee to win Iowa,2,68.5,Sep/21/2012 20:06:42
745753,IA.2012.DEM,Democratic nominee to win Iowa,10,63.3,Sep/22/2012 01:25:01
745753,IA.2012.DEM,Democratic nominee to win Iowa,1,63.3,Sep/22/2012 01:26:37
745753,IA.2012.DEM,Democratic nominee to win Iowa,4,69.2,Sep/22/2012 03:25:21
745753,IA.2012.DEM,Democratic nominee to win Iowa,1,69.2,Sep/22/2012 03:27:26
745753,IA.2012.DEM,Democratic nominee to win Iowa,1,69.2,Sep/22/2012 03:27:26
745753,IA.2012.DEM,Democratic nominee to win Iowa,1,69.2,Sep/22/2012 03:27:26
745753,IA.2012.DEM,Democratic nominee to win Iowa,5,69.8,Sep/22/2012 20:09:03
745753,IA.2012.DEM,Democratic nominee to win Iowa,5,63.5,Sep/23/2012 16:20:14
745753,IA.2012.DEM,Democratic nominee to win Iowa,1,66.5,Sep/24/2012 18:20:16
745753,IA.2012.DEM,Democratic nominee to win Iowa,5,65.1,Sep/24/2012 18:20:16
745753,IA.2012.DEM,Democratic nominee to win Iowa,4,65.1,Sep/24/2012 18:20:16
745753,IA.2012.DEM,Democratic nominee to win Iowa,1,70.0,Sep/25/2012 20:12:38
745753,IA.2012.DEM,Democratic nominee to win Iowa,5,70.0,Sep/25/2012 20:12:38
745753,IA.2012.DEM,Democratic nominee to win Iowa,5,71.6,Sep/25/2012 20:12:50
745753,IA.2012.DEM,Democratic nominee to win Iowa,5,71.8,Sep/25/2012 20:12:59
745753,IA.2012.DEM,Democratic nominee to win Iowa,45,71.9,Sep/25/2012 20:13:15
745753,IA.2012.DEM,Democratic nominee to win Iowa,5,71.8,Sep/25/2012 20:13:15
745753,IA.2012.DEM,Democratic nominee to win Iowa,5,71.9,Sep/26/2012 15:54:01
745753,IA.2012.DEM,Democratic nominee to win Iowa,77,71.8,Sep/26/2012 15:54:01
745753,IA.2012.DEM,Democratic nominee to win Iowa,4,75.0,Sep/26/2012 20:09:31
745753,IA.2012.DEM,Democratic nominee to win Iowa,5,74.9,Sep/26/2012 20:09:31
745753,IA.2012.DEM,Democratic nominee to win Iowa,5,74.5,Sep/26/2012 20:09:31
745753,IA.2012.DEM,Democratic nominee to win Iowa,28,74.9,Sep/26/2012 21:28:22
745753,IA.2012.DEM,Democratic nominee to win Iowa,4,70.0,Sep/27/2012 01:29:13
745753,IA.2012.DEM,Democratic nominee to win Iowa,5,77.0,Sep/28/2012 18:42:47
745753,IA.2012.DEM,Democratic nominee to win Iowa,5,77.0,Sep/28/2012 18:52:53
745753,IA.2012.DEM,Democratic nominee to win Iowa,5,77.0,Sep/29/2012 17:22:45
745753,IA.2012.DEM,Democratic nominee to win Iowa,9,82.3,Sep/30/2012 05:10:39
745753,IA.2012.DEM,Democratic nominee to win Iowa,1,77.0,Sep/30/2012 11:42:45
745753,IA.2012.DEM,Democratic nominee to win Iowa,1,75.0,Oct/01/2012 19:29:39
745753,IA.2012.DEM,Democratic nominee to win Iowa,6,75.1,Oct/01/2012 19:29:39
745753,IA.2012.DEM,Democratic nominee to win Iowa,4,74.0,Oct/03/2012 04:40:58
745753,IA.2012.DEM,Democratic nominee to win Iowa,5,70.4,Oct/03/2012 17:53:40
745753,IA.2012.DEM,Democratic nominee to win Iowa,5,70.0,Oct/03/2012 17:55:26
745753,IA.2012.DEM,Democratic nominee to win Iowa,5,70.1,Oct/03/2012 17:55:26
745753,IA.2012.DEM,Democratic nominee to win Iowa,1,70.2,Oct/03/2012 17:55:26
745753,IA.2012.DEM,Democratic nominee to win Iowa,3,70.3,Oct/03/2012 17:55:26
745753,IA.2012.DEM,Democratic nominee to win Iowa,1,69.3,Oct/03/2012 17:55:26
745753,IA.2012.DEM,Democratic nominee to win Iowa,1,67.9,Oct/03/2012 18:01:14
745753,IA.2012.DEM,Democratic nominee to win Iowa,2,68.0,Oct/03/2012 18:45:12
745753,IA.2012.DEM,Democratic nominee to win Iowa,1,69.0,Oct/03/2012 18:51:35
745753,IA.2012.DEM,Democratic nominee to win Iowa,1,67.0,Oct/03/2012 20:38:06
745753,IA.2012.DEM,Democratic nominee to win Iowa,1,67.0,Oct/03/2012 23:21:52
745753,IA.2012.DEM,Democratic nominee to win Iowa,1,67.0,Oct/03/2012 23:21:53
745753,IA.2012.DEM,Democratic nominee to win Iowa,2,67.0,Oct/03/2012 23:21:54
745753,IA.2012.DEM,Democratic nominee to win Iowa,1,67.0,Oct/03/2012 23:21:54
745753,IA.2012.DEM,Democratic nominee to win Iowa,4,67.0,Oct/04/2012 01:41:00
745753,IA.2012.DEM,Democratic nominee to win Iowa,5,66.1,Oct/04/2012 01:49:06
745753,IA.2012.DEM,Democratic nominee to win Iowa,1,64.0,Oct/04/2012 19:46:19
745753,IA.2012.DEM,Democratic nominee to win Iowa,1,60.1,Oct/05/2012 13:33:48
745753,IA.2012.DEM,Democratic nominee to win Iowa,1,60.1,Oct/05/2012 13:33:49
745753,IA.2012.DEM,Democratic nominee to win Iowa,1,60.1,Oct/05/2012 13:33:50
745753,IA.2012.DEM,Democratic nominee to win Iowa,6,60.0,Oct/05/2012 13:33:50
745753,IA.2012.DEM,Democratic nominee to win Iowa,1,60.0,Oct/05/2012 13:33:51
745753,IA.2012.DEM,Democratic nominee to win Iowa,1,60.0,Oct/05/2012 13:35:21
745753,IA.2012.DEM,Democratic nominee to win Iowa,1,60.0,Oct/05/2012 13:35:22
745753,IA.2012.DEM,Democratic nominee to win Iowa,11,60.0,Oct/05/2012 13:59:21
745753,IA.2012.DEM,Democratic nominee to win Iowa,10,60.0,Oct/05/2012 13:59:21
745753,IA.2012.DEM,Democratic nominee to win Iowa,1,59.0,Oct/05/2012 14:18:29
745753,IA.2012.DEM,Democratic nominee to win Iowa,1,53.0,Oct/05/2012 14:25:52
745753,IA.2012.DEM,Democratic nominee to win Iowa,1,45.0,Oct/05/2012 14:26:07
745753,IA.2012.DEM,Democratic nominee to win Iowa,1,44.8,Oct/05/2012 14:26:21
745753,IA.2012.DEM,Democratic nominee to win Iowa,5,40.0,Oct/05/2012 14:26:58
745753,IA.2012.DEM,Democratic nominee to win Iowa,1,40.0,Oct/05/2012 14:27:07
745753,IA.2012.DEM,Democratic nominee to win Iowa,16,59.0,Oct/05/2012 14:46:46
745753,IA.2012.DEM,Democratic nominee to win Iowa,5,41.0,Oct/05/2012 14:52:42
745753,IA.2012.DEM,Democratic nominee to win Iowa,5,41.0,Oct/05/2012 14:53:05
745753,IA.2012.DEM,Democratic nominee to win Iowa,1,52.0,Oct/05/2012 16:11:21
745753,IA.2012.DEM,Democratic nominee to win Iowa,1,52.7,Oct/05/2012 16:11:21
745753,IA.2012.DEM,Democratic nominee to win Iowa,1,40.0,Oct/05/2012 16:13:02
745753,IA.2012.DEM,Democratic nominee to win Iowa,1,54.7,Oct/05/2012 16:21:30
745753,IA.2012.DEM,Democratic nominee to win Iowa,1,54.7,Oct/05/2012 16:21:32
745753,IA.2012.DEM,Democratic nominee to win Iowa,1,54.7,Oct/05/2012 16:21:33
745753,IA.2012.DEM,Democratic nominee to win Iowa,1,54.7,Oct/05/2012 16:21:33
745753,IA.2012.DEM,Democratic nominee to win Iowa,12,55.0,Oct/05/2012 16:23:31
745753,IA.2012.DEM,Democratic nominee to win Iowa,1,49.8,Oct/05/2012 16:23:59
745753,IA.2012.DEM,Democratic nominee to win Iowa,1,57.7,Oct/05/2012 16:38:29
745753,IA.2012.DEM,Democratic nominee to win Iowa,10,59.6,Oct/05/2012 16:59:27
745753,IA.2012.DEM,Democratic nominee to win Iowa,5,59.6,Oct/05/2012 16:59:27
745753,IA.2012.DEM,Democratic nominee to win Iowa,1,59.7,Oct/05/2012 17:00:06
745753,IA.2012.DEM,Democratic nominee to win Iowa,2,59.7,Oct/05/2012 17:50:06
745753,IA.2012.DEM,Democratic nominee to win Iowa,1,59.7,Oct/05/2012 17:50:06
745753,IA.2012.DEM,Democratic nominee to win Iowa,5,59.7,Oct/05/2012 17:50:06
745753,IA.2012.DEM,Democratic nominee to win Iowa,1,59.7,Oct/05/2012 17:50:29
745753,IA.2012.DEM,Democratic nominee to win Iowa,5,59.7,Oct/05/2012 17:50:29
745753,IA.2012.DEM,Democratic nominee to win Iowa,1,53.0,Oct/05/2012 21:19:32
745753,IA.2012.DEM,Democratic nominee to win Iowa,5,53.0,Oct/05/2012 21:19:41
745753,IA.2012.DEM,Democratic nominee to win Iowa,5,53.0,Oct/05/2012 21:19:54
745753,IA.2012.DEM,Democratic nominee to win Iowa,5,53.0,Oct/05/2012 21:20:04
745753,IA.2012.DEM,Democratic nominee to win Iowa,4,53.0,Oct/05/2012 21:20:12
745753,IA.2012.DEM,Democratic nominee to win Iowa,1,53.0,Oct/05/2012 21:20:12
745753,IA.2012.DEM,Democratic nominee to win Iowa,1,53.0,Oct/05/2012 21:20:37
745753,IA.2012.DEM,Democratic nominee to win Iowa,5,53.0,Oct/05/2012 21:20:37
745753,IA.2012.DEM,Democratic nominee to win Iowa,1,53.0,Oct/05/2012 21:20:45
745753,IA.2012.DEM,Democratic nominee to win Iowa,1,53.0,Oct/05/2012 21:20:52
745753,IA.2012.DEM,Democratic nominee to win Iowa,5,53.0,Oct/05/2012 21:20:52
745753,IA.2012.DEM,Democratic nominee to win Iowa,1,53.0,Oct/05/2012 21:21:01
745753,IA.2012.DEM,Democratic nominee to win Iowa,5,53.0,Oct/05/2012 21:21:01
745753,IA.2012.DEM,Democratic nominee to win Iowa,1,53.0,Oct/05/2012 21:21:23
745753,IA.2012.DEM,Democratic nominee to win Iowa,5,53.0,Oct/05/2012 21:21:24
745753,IA.2012.DEM,Democratic nominee to win Iowa,1,53.0,Oct/05/2012 21:21:29
745753,IA.2012.DEM,Democratic nominee to win Iowa,1,53.0,Oct/05/2012 21:21:35
745753,IA.2012.DEM,Democratic nominee to win Iowa,1,53.0,Oct/05/2012 21:21:45
745753,IA.2012.DEM,Democratic nominee to win Iowa,1,53.0,Oct/05/2012 21:21:59
745753,IA.2012.DEM,Democratic nominee to win Iowa,1,52.0,Oct/05/2012 21:22:12
745753,IA.2012.DEM,Democratic nominee to win Iowa,1,52.0,Oct/05/2012 21:22:16
745753,IA.2012.DEM,Democratic nominee to win Iowa,1,52.0,Oct/05/2012 21:22:24
745753,IA.2012.DEM,Democratic nominee to win Iowa,1,52.0,Oct/05/2012 21:22:32
745753,IA.2012.DEM,Democratic nominee to win Iowa,1,52.0,Oct/05/2012 21:22:40
745753,IA.2012.DEM,Democratic nominee to win Iowa,1,50.0,Oct/05/2012 21:22:54
745753,IA.2012.DEM,Democratic nominee to win Iowa,10,57.6,Oct/06/2012 13:16:38
745753,IA.2012.DEM,Democratic nominee to win Iowa,34,57.9,Oct/06/2012 23:39:35
745753,IA.2012.DEM,Democratic nominee to win Iowa,6,57.9,Oct/07/2012 02:30:46
745753,IA.2012.DEM,Democratic nominee to win Iowa,1,58.0,Oct/07/2012 21:22:45
745753,IA.2012.DEM,Democratic nominee to win Iowa,5,58.1,Oct/08/2012 02:20:56
745753,IA.2012.DEM,Democratic nominee to win Iowa,2,58.9,Oct/08/2012 10:19:36
745753,IA.2012.DEM,Democratic nominee to win Iowa,5,60.6,Oct/08/2012 10:20:11
745753,IA.2012.DEM,Democratic nominee to win Iowa,1,58.1,Oct/08/2012 14:07:56
745753,IA.2012.DEM,Democratic nominee to win Iowa,1,58.1,Oct/08/2012 14:07:56
745753,IA.2012.DEM,Democratic nominee to win Iowa,1,58.1,Oct/08/2012 14:11:37
745753,IA.2012.DEM,Democratic nominee to win Iowa,1,60.7,Oct/08/2012 16:04:37
745753,IA.2012.DEM,Democratic nominee to win Iowa,1,60.7,Oct/08/2012 16:04:38
745753,IA.2012.DEM,Democratic nominee to win Iowa,1,58.1,Oct/08/2012 16:26:55
745753,IA.2012.DEM,Democratic nominee to win Iowa,1,60.7,Oct/08/2012 17:25:06
745753,IA.2012.DEM,Democratic nominee to win Iowa,5,61.6,Oct/08/2012 17:25:14
745753,IA.2012.DEM,Democratic nominee to win Iowa,5,65.0,Oct/08/2012 17:25:27
745753,IA.2012.DEM,Democratic nominee to win Iowa,1,64.7,Oct/08/2012 19:46:30
745753,IA.2012.DEM,Democratic nominee to win Iowa,5,66.6,Oct/08/2012 19:46:40
745753,IA.2012.DEM,Democratic nominee to win Iowa,5,67.4,Oct/08/2012 23:25:28
745753,IA.2012.DEM,Democratic nominee to win Iowa,1,67.7,Oct/09/2012 05:58:52
745753,IA.2012.DEM,Democratic nominee to win Iowa,5,63.0,Oct/09/2012 13:57:08
745753,IA.2012.DEM,Democratic nominee to win Iowa,20,63.0,Oct/09/2012 17:17:30
745753,IA.2012.DEM,Democratic nominee to win Iowa,10,63.0,Oct/09/2012 17:17:30
745753,IA.2012.DEM,Democratic nominee to win Iowa,5,66.5,Oct/09/2012 21:27:54
745753,IA.2012.DEM,Democratic nominee to win Iowa,4,67.5,Oct/10/2012 00:02:12
745753,IA.2012.DEM,Democratic nominee to win Iowa,1,57.0,Oct/10/2012 14:15:58
745753,IA.2012.DEM,Democratic nominee to win Iowa,1,57.0,Oct/10/2012 14:17:18
745753,IA.2012.DEM,Democratic nominee to win Iowa,4,57.0,Oct/10/2012 14:17:24
745753,IA.2012.DEM,Democratic nominee to win Iowa,5,57.0,Oct/10/2012 14:17:33
745753,IA.2012.DEM,Democratic nominee to win Iowa,5,57.0,Oct/10/2012 14:17:53
745753,IA.2012.DEM,Democratic nominee to win Iowa,5,57.0,Oct/10/2012 14:18:05
745753,IA.2012.DEM,Democratic nominee to win Iowa,1,57.0,Oct/10/2012 14:18:13
745753,IA.2012.DEM,Democratic nominee to win Iowa,5,57.0,Oct/10/2012 14:18:13
745753,IA.2012.DEM,Democratic nominee to win Iowa,23,57.0,Oct/10/2012 14:34:20
745753,IA.2012.DEM,Democratic nominee to win Iowa,5,53.1,Oct/10/2012 14:34:32
745753,IA.2012.DEM,Democratic nominee to win Iowa,1,52.0,Oct/10/2012 14:34:44
745753,IA.2012.DEM,Democratic nominee to win Iowa,5,50.7,Oct/10/2012 14:34:56
745753,IA.2012.DEM,Democratic nominee to win Iowa,1,50.0,Oct/10/2012 14:35:05
745753,IA.2012.DEM,Democratic nominee to win Iowa,5,52.1,Oct/10/2012 14:35:49
745753,IA.2012.DEM,Democratic nominee to win Iowa,5,50.0,Oct/10/2012 14:36:44
745753,IA.2012.DEM,Democratic nominee to win Iowa,5,50.0,Oct/10/2012 14:36:54
745753,IA.2012.DEM,Democratic nominee to win Iowa,9,50.0,Oct/10/2012 14:49:16
745753,IA.2012.DEM,Democratic nominee to win Iowa,1,45.4,Oct/10/2012 14:49:26
745753,IA.2012.DEM,Democratic nominee to win Iowa,5,45.4,Oct/10/2012 14:49:33
745753,IA.2012.DEM,Democratic nominee to win Iowa,1,45.4,Oct/10/2012 14:49:33
745753,IA.2012.DEM,Democratic nominee to win Iowa,1,45.4,Oct/10/2012 14:49:39
745753,IA.2012.DEM,Democratic nominee to win Iowa,1,45.4,Oct/10/2012 14:49:45
745753,IA.2012.DEM,Democratic nominee to win Iowa,3,45.0,Oct/10/2012 14:49:53
745753,IA.2012.DEM,Democratic nominee to win Iowa,5,45.0,Oct/10/2012 14:49:53
745753,IA.2012.DEM,Democratic nominee to win Iowa,1,44.9,Oct/10/2012 14:50:05
745753,IA.2012.DEM,Democratic nominee to win Iowa,4,44.9,Oct/10/2012 14:50:06
745753,IA.2012.DEM,Democratic nominee to win Iowa,1,44.9,Oct/10/2012 14:50:06
745753,IA.2012.DEM,Democratic nominee to win Iowa,3,40.0,Oct/10/2012 14:50:15
745753,IA.2012.DEM,Democratic nominee to win Iowa,5,40.0,Oct/10/2012 14:50:15
745753,IA.2012.DEM,Democratic nominee to win Iowa,1,40.0,Oct/10/2012 14:50:15
745753,IA.2012.DEM,Democratic nominee to win Iowa,5,40.0,Oct/10/2012 14:51:08
745753,IA.2012.DEM,Democratic nominee to win Iowa,1,40.0,Oct/10/2012 14:51:19
745753,IA.2012.DEM,Democratic nominee to win Iowa,1,40.0,Oct/10/2012 14:51:27
745753,IA.2012.DEM,Democratic nominee to win Iowa,4,40.0,Oct/10/2012 14:51:27
745753,IA.2012.DEM,Democratic nominee to win Iowa,1,40.0,Oct/10/2012 14:51:35
745753,IA.2012.DEM,Democratic nominee to win Iowa,5,40.0,Oct/10/2012 14:51:35
745753,IA.2012.DEM,Democratic nominee to win Iowa,5,59.9,Oct/10/2012 15:45:26
745753,IA.2012.DEM,Democratic nominee to win Iowa,1,60.0,Oct/10/2012 15:45:49
745753,IA.2012.DEM,Democratic nominee to win Iowa,20,60.0,Oct/10/2012 16:29:40
745753,IA.2012.DEM,Democratic nominee to win Iowa,1,51.0,Oct/10/2012 17:04:35
745753,IA.2012.DEM,Democratic nominee to win Iowa,10,57.5,Oct/10/2012 17:04:35
745753,IA.2012.DEM,Democratic nominee to win Iowa,1,51.0,Oct/10/2012 17:05:18
745753,IA.2012.DEM,Democratic nominee to win Iowa,1,51.0,Oct/10/2012 17:05:27
745753,IA.2012.DEM,Democratic nominee to win Iowa,1,51.0,Oct/10/2012 17:05:39
745753,IA.2012.DEM,Democratic nominee to win Iowa,44,58.7,Oct/10/2012 18:01:40
745753,IA.2012.DEM,Democratic nominee to win Iowa,1,55.7,Oct/10/2012 18:01:40
745753,IA.2012.DEM,Democratic nominee to win Iowa,5,57.6,Oct/10/2012 18:01:40
745753,IA.2012.DEM,Democratic nominee to win Iowa,1,57.7,Oct/10/2012 18:03:37
745753,IA.2012.DEM,Democratic nominee to win Iowa,6,58.7,Oct/10/2012 18:04:32
745753,IA.2012.DEM,Democratic nominee to win Iowa,1,58.7,Oct/10/2012 18:04:32
745753,IA.2012.DEM,Democratic nominee to win Iowa,27,58.9,Oct/10/2012 18:05:19
745753,IA.2012.DEM,Democratic nominee to win Iowa,6,59.5,Oct/10/2012 18:06:14
745753,IA.2012.DEM,Democratic nominee to win Iowa,5,59.9,Oct/10/2012 18:07:30
745753,IA.2012.DEM,Democratic nominee to win Iowa,18,60.0,Oct/10/2012 18:09:00
745753,IA.2012.DEM,Democratic nominee to win Iowa,1,61.7,Oct/10/2012 18:10:19
745753,IA.2012.DEM,Democratic nominee to win Iowa,1,61.7,Oct/10/2012 21:08:06
745753,IA.2012.DEM,Democratic nominee to win Iowa,4,63.4,Oct/10/2012 21:09:05
745753,IA.2012.DEM,Democratic nominee to win Iowa,1,63.0,Oct/11/2012 12:07:38
745753,IA.2012.DEM,Democratic nominee to win Iowa,1,60.8,Oct/11/2012 23:25:59
745753,IA.2012.DEM,Democratic nominee to win Iowa,5,60.8,Oct/11/2012 23:25:59
745753,IA.2012.DEM,Democratic nominee to win Iowa,1,60.8,Oct/11/2012 23:26:09
745753,IA.2012.DEM,Democratic nominee to win Iowa,1,60.8,Oct/11/2012 23:26:41
745753,IA.2012.DEM,Democratic nominee to win Iowa,1,57.7,Oct/12/2012 18:48:21
745753,IA.2012.DEM,Democratic nominee to win Iowa,1,58.7,Oct/12/2012 18:48:58
745753,IA.2012.DEM,Democratic nominee to win Iowa,1,60.7,Oct/12/2012 18:50:09
745753,IA.2012.DEM,Democratic nominee to win Iowa,1,59.8,Oct/12/2012 20:41:07
745753,IA.2012.DEM,Democratic nominee to win Iowa,5,59.8,Oct/12/2012 20:41:07
745753,IA.2012.DEM,Democratic nominee to win Iowa,1,59.8,Oct/12/2012 20:41:25
745753,IA.2012.DEM,Democratic nominee to win Iowa,5,59.8,Oct/12/2012 20:41:25
745753,IA.2012.DEM,Democratic nominee to win Iowa,1,60.0,Oct/12/2012 20:41:26
745753,IA.2012.DEM,Democratic nominee to win Iowa,70,60.0,Oct/12/2012 20:41:27
745753,IA.2012.DEM,Democratic nominee to win Iowa,1,54.5,Oct/12/2012 23:37:02
745753,IA.2012.DEM,Democratic nominee to win Iowa,36,54.5,Oct/13/2012 02:29:42
745753,IA.2012.DEM,Democratic nominee to win Iowa,1,54.5,Oct/13/2012 14:52:57
745753,IA.2012.DEM,Democratic nominee to win Iowa,5,54.5,Oct/13/2012 14:52:57
745753,IA.2012.DEM,Democratic nominee to win Iowa,1,51.6,Oct/13/2012 14:54:09
745753,IA.2012.DEM,Democratic nominee to win Iowa,1,53.0,Oct/13/2012 14:54:09
745753,IA.2012.DEM,Democratic nominee to win Iowa,1,54.0,Oct/13/2012 14:54:09
745753,IA.2012.DEM,Democratic nominee to win Iowa,7,54.5,Oct/13/2012 14:54:09
745753,IA.2012.DEM,Democratic nominee to win Iowa,1,51.6,Oct/13/2012 15:05:58
745753,IA.2012.DEM,Democratic nominee to win Iowa,3,51.6,Oct/13/2012 15:06:43
745753,IA.2012.DEM,Democratic nominee to win Iowa,1,51.0,Oct/13/2012 15:06:58
745753,IA.2012.DEM,Democratic nominee to win Iowa,1,51.0,Oct/13/2012 16:27:13
745753,IA.2012.DEM,Democratic nominee to win Iowa,1,51.0,Oct/13/2012 18:05:54
745753,IA.2012.DEM,Democratic nominee to win Iowa,1,56.0,Oct/13/2012 18:55:20
745753,IA.2012.DEM,Democratic nominee to win Iowa,1,56.8,Oct/13/2012 18:55:27
745753,IA.2012.DEM,Democratic nominee to win Iowa,1,57.7,Oct/13/2012 23:56:17
745753,IA.2012.DEM,Democratic nominee to win Iowa,1,57.7,Oct/14/2012 00:39:03
745753,IA.2012.DEM,Democratic nominee to win Iowa,1,58.7,Oct/14/2012 05:45:50
745753,IA.2012.DEM,Democratic nominee to win Iowa,1,55.6,Oct/15/2012 02:35:50
745753,IA.2012.DEM,Democratic nominee to win Iowa,1,57.6,Oct/15/2012 10:08:56
745753,IA.2012.DEM,Democratic nominee to win Iowa,1,59.1,Oct/15/2012 10:11:09
745753,IA.2012.DEM,Democratic nominee to win Iowa,1,59.4,Oct/15/2012 10:11:19
745753,IA.2012.DEM,Democratic nominee to win Iowa,5,60.1,Oct/15/2012 10:48:55
745753,IA.2012.DEM,Democratic nominee to win Iowa,1,57.0,Oct/15/2012 12:54:53
745753,IA.2012.DEM,Democratic nominee to win Iowa,5,57.0,Oct/15/2012 12:54:53
745753,IA.2012.DEM,Democratic nominee to win Iowa,10,58.2,Oct/15/2012 20:24:43
745753,IA.2012.DEM,Democratic nominee to win Iowa,1,58.2,Oct/16/2012 18:56:46
745753,IA.2012.DEM,Democratic nominee to win Iowa,20,58.1,Oct/16/2012 18:56:58
745753,IA.2012.DEM,Democratic nominee to win Iowa,1,55.4,Oct/16/2012 18:57:14
745753,IA.2012.DEM,Democratic nominee to win Iowa,1,55.4,Oct/16/2012 18:57:16
745753,IA.2012.DEM,Democratic nominee to win Iowa,4,55.4,Oct/16/2012 18:57:17
745753,IA.2012.DEM,Democratic nominee to win Iowa,8,55.0,Oct/16/2012 18:57:26
745753,IA.2012.DEM,Democratic nominee to win Iowa,1,55.4,Oct/16/2012 18:57:26
745753,IA.2012.DEM,Democratic nominee to win Iowa,1,55.3,Oct/16/2012 18:57:26
745753,IA.2012.DEM,Democratic nominee to win Iowa,1,54.0,Oct/16/2012 18:57:38
745753,IA.2012.DEM,Democratic nominee to win Iowa,2,55.0,Oct/16/2012 18:57:38
745753,IA.2012.DEM,Democratic nominee to win Iowa,1,55.3,Oct/16/2012 18:57:38
745753,IA.2012.DEM,Democratic nominee to win Iowa,2,54.0,Oct/16/2012 18:57:50
745753,IA.2012.DEM,Democratic nominee to win Iowa,1,54.0,Oct/16/2012 18:59:10
745753,IA.2012.DEM,Democratic nominee to win Iowa,1,54.0,Oct/16/2012 18:59:24
745753,IA.2012.DEM,Democratic nominee to win Iowa,1,54.0,Oct/16/2012 18:59:35
745753,IA.2012.DEM,Democratic nominee to win Iowa,1,53.0,Oct/16/2012 18:59:35
745753,IA.2012.DEM,Democratic nominee to win Iowa,4,54.0,Oct/16/2012 18:59:35
745753,IA.2012.DEM,Democratic nominee to win Iowa,1,53.0,Oct/16/2012 19:00:02
745753,IA.2012.DEM,Democratic nominee to win Iowa,5,53.0,Oct/16/2012 19:00:02
745753,IA.2012.DEM,Democratic nominee to win Iowa,1,58.8,Oct/17/2012 01:33:13
745753,IA.2012.DEM,Democratic nominee to win Iowa,1,59.1,Oct/17/2012 01:33:13
745753,IA.2012.DEM,Democratic nominee to win Iowa,1,54.1,Oct/17/2012 01:44:59
745753,IA.2012.DEM,Democratic nominee to win Iowa,1,59.2,Oct/17/2012 02:51:02
745753,IA.2012.DEM,Democratic nominee to win Iowa,5,59.2,Oct/17/2012 02:51:02
745753,IA.2012.DEM,Democratic nominee to win Iowa,1,59.2,Oct/17/2012 02:52:30
745753,IA.2012.DEM,Democratic nominee to win Iowa,5,59.2,Oct/17/2012 02:52:30
745753,IA.2012.DEM,Democratic nominee to win Iowa,1,59.2,Oct/17/2012 02:52:44
745753,IA.2012.DEM,Democratic nominee to win Iowa,5,59.2,Oct/17/2012 02:53:17
745753,IA.2012.DEM,Democratic nominee to win Iowa,1,59.2,Oct/17/2012 02:53:17
745753,IA.2012.DEM,Democratic nominee to win Iowa,1,59.2,Oct/17/2012 02:53:46
745753,IA.2012.DEM,Democratic nominee to win Iowa,5,59.2,Oct/17/2012 02:53:46
745753,IA.2012.DEM,Democratic nominee to win Iowa,1,59.2,Oct/17/2012 02:54:06
745753,IA.2012.DEM,Democratic nominee to win Iowa,5,59.2,Oct/17/2012 02:54:06
745753,IA.2012.DEM,Democratic nominee to win Iowa,1,59.1,Oct/17/2012 03:09:36
745753,IA.2012.DEM,Democratic nominee to win Iowa,1,59.0,Oct/17/2012 05:12:46
745753,IA.2012.DEM,Democratic nominee to win Iowa,1,54.1,Oct/17/2012 05:12:58
745753,IA.2012.DEM,Democratic nominee to win Iowa,1,53.0,Oct/17/2012 05:15:31
745753,IA.2012.DEM,Democratic nominee to win Iowa,5,54.0,Oct/17/2012 05:15:31
745753,IA.2012.DEM,Democratic nominee to win Iowa,8,54.1,Oct/17/2012 05:15:31
745753,IA.2012.DEM,Democratic nominee to win Iowa,28,60.1,Oct/18/2012 15:19:08
745753,IA.2012.DEM,Democratic nominee to win Iowa,1,60.2,Oct/18/2012 15:19:16
745753,IA.2012.DEM,Democratic nominee to win Iowa,1,60.4,Oct/18/2012 15:19:23
745753,IA.2012.DEM,Democratic nominee to win Iowa,3,60.5,Oct/18/2012 15:19:33
745753,IA.2012.DEM,Democratic nominee to win Iowa,1,60.6,Oct/18/2012 15:19:40
745753,IA.2012.DEM,Democratic nominee to win Iowa,1,61.1,Oct/18/2012 15:19:59
745753,IA.2012.DEM,Democratic nominee to win Iowa,1,61.1,Oct/18/2012 15:20:07
745753,IA.2012.DEM,Democratic nominee to win Iowa,3,61.4,Oct/18/2012 16:31:21
745753,IA.2012.DEM,Democratic nominee to win Iowa,1,61.4,Oct/18/2012 16:35:19
745753,IA.2012.DEM,Democratic nominee to win Iowa,4,61.4,Oct/18/2012 16:35:19
745753,IA.2012.DEM,Democratic nominee to win Iowa,1,62.0,Oct/18/2012 17:52:45
745753,IA.2012.DEM,Democratic nominee to win Iowa,1,63.0,Oct/18/2012 18:00:49
745753,IA.2012.DEM,Democratic nominee to win Iowa,1,63.0,Oct/18/2012 18:00:51
745753,IA.2012.DEM,Democratic nominee to win Iowa,4,63.0,Oct/18/2012 18:00:52
745753,IA.2012.DEM,Democratic nominee to win Iowa,1,63.0,Oct/18/2012 18:00:52
745753,IA.2012.DEM,Democratic nominee to win Iowa,1,63.0,Oct/18/2012 18:00:53
745753,IA.2012.DEM,Democratic nominee to win Iowa,5,63.1,Oct/18/2012 19:49:56
745753,IA.2012.DEM,Democratic nominee to win Iowa,8,63.4,Oct/18/2012 20:14:48
745753,IA.2012.DEM,Democratic nominee to win Iowa,2,63.0,Oct/18/2012 20:50:21
745753,IA.2012.DEM,Democratic nominee to win Iowa,1,63.0,Oct/18/2012 20:50:21
745753,IA.2012.DEM,Democratic nominee to win Iowa,1,62.1,Oct/18/2012 22:40:50
745753,IA.2012.DEM,Democratic nominee to win Iowa,3,62.1,Oct/18/2012 22:40:51
745753,IA.2012.DEM,Democratic nominee to win Iowa,2,62.1,Oct/18/2012 22:40:51
745753,IA.2012.DEM,Democratic nominee to win Iowa,1,62.1,Oct/18/2012 22:41:00
745753,IA.2012.DEM,Democratic nominee to win Iowa,4,62.1,Oct/18/2012 22:41:22
745753,IA.2012.DEM,Democratic nominee to win Iowa,1,62.1,Oct/18/2012 22:41:22
745753,IA.2012.DEM,Democratic nominee to win Iowa,10,62.0,Oct/18/2012 22:42:20
745753,IA.2012.DEM,Democratic nominee to win Iowa,4,62.0,Oct/18/2012 22:42:28
745753,IA.2012.DEM,Democratic nominee to win Iowa,5,61.1,Oct/18/2012 22:42:35
745753,IA.2012.DEM,Democratic nominee to win Iowa,7,61.1,Oct/18/2012 22:42:35
745753,IA.2012.DEM,Democratic nominee to win Iowa,1,63.2,Oct/19/2012 00:02:50
745753,IA.2012.DEM,Democratic nominee to win Iowa,10,63.2,Oct/19/2012 00:02:50
745753,IA.2012.DEM,Democratic nominee to win Iowa,5,63.2,Oct/19/2012 00:02:50
745753,IA.2012.DEM,Democratic nominee to win Iowa,1,63.2,Oct/19/2012 00:02:52
745753,IA.2012.DEM,Democratic nominee to win Iowa,3,63.2,Oct/19/2012 00:02:52
745753,IA.2012.DEM,Democratic nominee to win Iowa,1,60.6,Oct/19/2012 00:41:21
745753,IA.2012.DEM,Democratic nominee to win Iowa,1,57.9,Oct/19/2012 00:41:21
745753,IA.2012.DEM,Democratic nominee to win Iowa,2,63.1,Oct/19/2012 01:57:19
745753,IA.2012.DEM,Democratic nominee to win Iowa,5,62.5,Oct/19/2012 04:48:42
745753,IA.2012.DEM,Democratic nominee to win Iowa,2,63.0,Oct/19/2012 08:59:10
745753,IA.2012.DEM,Democratic nominee to win Iowa,1,63.9,Oct/19/2012 11:46:53
745753,IA.2012.DEM,Democratic nominee to win Iowa,1,63.9,Oct/19/2012 11:46:55
745753,IA.2012.DEM,Democratic nominee to win Iowa,1,63.1,Oct/19/2012 11:51:12
745753,IA.2012.DEM,Democratic nominee to win Iowa,1,63.0,Oct/19/2012 14:35:54
745753,IA.2012.DEM,Democratic nominee to win Iowa,42,62.5,Oct/19/2012 17:10:17
745753,IA.2012.DEM,Democratic nominee to win Iowa,99,63.0,Oct/19/2012 17:10:17
745753,IA.2012.DEM,Democratic nominee to win Iowa,20,63.5,Oct/19/2012 17:10:17
745753,IA.2012.DEM,Democratic nominee to win Iowa,9,63.5,Oct/19/2012 17:10:17
745753,IA.2012.DEM,Democratic nominee to win Iowa,3,62.5,Oct/19/2012 17:11:16
745753,IA.2012.DEM,Democratic nominee to win Iowa,1,60.4,Oct/19/2012 17:11:16
745753,IA.2012.DEM,Democratic nominee to win Iowa,1,60.4,Oct/19/2012 17:11:25
745753,IA.2012.DEM,Democratic nominee to win Iowa,1,60.4,Oct/19/2012 17:11:25
745753,IA.2012.DEM,Democratic nominee to win Iowa,2,62.0,Oct/19/2012 19:25:15
745753,IA.2012.DEM,Democratic nominee to win Iowa,1,62.0,Oct/19/2012 19:25:15
745753,IA.2012.DEM,Democratic nominee to win Iowa,1,60.6,Oct/19/2012 20:04:03
745753,IA.2012.DEM,Democratic nominee to win Iowa,1,60.6,Oct/19/2012 20:04:13
745753,IA.2012.DEM,Democratic nominee to win Iowa,4,62.9,Oct/19/2012 20:06:59
745753,IA.2012.DEM,Democratic nominee to win Iowa,1,63.2,Oct/19/2012 21:13:30
745753,IA.2012.DEM,Democratic nominee to win Iowa,1,63.2,Oct/19/2012 21:31:59
745753,IA.2012.DEM,Democratic nominee to win Iowa,1,60.5,Oct/19/2012 22:06:06
745753,IA.2012.DEM,Democratic nominee to win Iowa,1,62.9,Oct/20/2012 03:36:37
745753,IA.2012.DEM,Democratic nominee to win Iowa,3,62.9,Oct/20/2012 03:42:33
745753,IA.2012.DEM,Democratic nominee to win Iowa,1,60.7,Oct/20/2012 04:36:24
745753,IA.2012.DEM,Democratic nominee to win Iowa,1,60.6,Oct/20/2012 04:36:25
745753,IA.2012.DEM,Democratic nominee to win Iowa,4,60.7,Oct/20/2012 04:36:25
745753,IA.2012.DEM,Democratic nominee to win Iowa,5,63.0,Oct/20/2012 10:08:37
745753,IA.2012.DEM,Democratic nominee to win Iowa,6,63.3,Oct/20/2012 10:09:24
745753,IA.2012.DEM,Democratic nominee to win Iowa,1,60.7,Oct/20/2012 15:20:19
745753,IA.2012.DEM,Democratic nominee to win Iowa,1,60.8,Oct/20/2012 18:59:35
745753,IA.2012.DEM,Democratic nominee to win Iowa,1,60.8,Oct/20/2012 18:59:54
745753,IA.2012.DEM,Democratic nominee to win Iowa,29,60.7,Oct/20/2012 19:00:22
745753,IA.2012.DEM,Democratic nominee to win Iowa,1,60.7,Oct/20/2012 19:01:31
745753,IA.2012.DEM,Democratic nominee to win Iowa,5,60.7,Oct/20/2012 19:01:32
745753,IA.2012.DEM,Democratic nominee to win Iowa,2,62.4,Oct/20/2012 23:20:32
745753,IA.2012.DEM,Democratic nominee to win Iowa,2,60.8,Oct/21/2012 01:15:47
745753,IA.2012.DEM,Democratic nominee to win Iowa,5,61.1,Oct/21/2012 16:02:25
745753,IA.2012.DEM,Democratic nominee to win Iowa,1,61.1,Oct/21/2012 16:02:25
745753,IA.2012.DEM,Democratic nominee to win Iowa,1,61.1,Oct/21/2012 16:02:40
745753,IA.2012.DEM,Democratic nominee to win Iowa,5,61.1,Oct/21/2012 16:02:41
745753,IA.2012.DEM,Democratic nominee to win Iowa,1,61.1,Oct/21/2012 16:02:54
745753,IA.2012.DEM,Democratic nominee to win Iowa,5,61.1,Oct/21/2012 16:02:55
745753,IA.2012.DEM,Democratic nominee to win Iowa,1,61.1,Oct/21/2012 16:03:12
745753,IA.2012.DEM,Democratic nominee to win Iowa,5,61.1,Oct/21/2012 16:03:12
745753,IA.2012.DEM,Democratic nominee to win Iowa,4,61.1,Oct/21/2012 16:03:23
745753,IA.2012.DEM,Democratic nominee to win Iowa,1,61.1,Oct/21/2012 16:03:24
745753,IA.2012.DEM,Democratic nominee to win Iowa,1,61.1,Oct/21/2012 16:03:32
745753,IA.2012.DEM,Democratic nominee to win Iowa,5,61.1,Oct/21/2012 16:03:32
745753,IA.2012.DEM,Democratic nominee to win Iowa,1,61.1,Oct/21/2012 16:03:37
745753,IA.2012.DEM,Democratic nominee to win Iowa,5,61.1,Oct/21/2012 16:03:43
745753,IA.2012.DEM,Democratic nominee to win Iowa,1,61.1,Oct/21/2012 16:03:49
745753,IA.2012.DEM,Democratic nominee to win Iowa,5,61.1,Oct/21/2012 16:03:49
745753,IA.2012.DEM,Democratic nominee to win Iowa,5,61.1,Oct/21/2012 16:04:08
745753,IA.2012.DEM,Democratic nominee to win Iowa,1,61.1,Oct/21/2012 16:04:08
745753,IA.2012.DEM,Democratic nominee to win Iowa,5,61.1,Oct/21/2012 16:04:19
745753,IA.2012.DEM,Democratic nominee to win Iowa,1,61.1,Oct/21/2012 16:04:19
745753,IA.2012.DEM,Democratic nominee to win Iowa,1,61.1,Oct/21/2012 16:40:56
745753,IA.2012.DEM,Democratic nominee to win Iowa,5,61.1,Oct/21/2012 16:40:57
745753,IA.2012.DEM,Democratic nominee to win Iowa,1,63.1,Oct/21/2012 17:26:13
745753,IA.2012.DEM,Democratic nominee to win Iowa,20,63.2,Oct/21/2012 17:26:27
745753,IA.2012.DEM,Democratic nominee to win Iowa,2,63.2,Oct/21/2012 17:26:27
745753,IA.2012.DEM,Democratic nominee to win Iowa,1,62.0,Oct/21/2012 18:20:23
745753,IA.2012.DEM,Democratic nominee to win Iowa,5,62.0,Oct/21/2012 18:20:23
745753,IA.2012.DEM,Democratic nominee to win Iowa,1,63.1,Oct/21/2012 20:04:26
745753,IA.2012.DEM,Democratic nominee to win Iowa,1,62.0,Oct/21/2012 22:27:27
745753,IA.2012.DEM,Democratic nominee to win Iowa,1,62.0,Oct/21/2012 23:27:49
745753,IA.2012.DEM,Democratic nominee to win Iowa,1,62.0,Oct/21/2012 23:30:08
745753,IA.2012.DEM,Democratic nominee to win Iowa,1,62.0,Oct/21/2012 23:30:08
745753,IA.2012.DEM,Democratic nominee to win Iowa,4,62.0,Oct/21/2012 23:30:08
745753,IA.2012.DEM,Democratic nominee to win Iowa,1,62.0,Oct/21/2012 23:30:15
745753,IA.2012.DEM,Democratic nominee to win Iowa,1,62.0,Oct/21/2012 23:30:34
745753,IA.2012.DEM,Democratic nominee to win Iowa,1,61.1,Oct/21/2012 23:30:34
745753,IA.2012.DEM,Democratic nominee to win Iowa,4,62.0,Oct/21/2012 23:30:34
745753,IA.2012.DEM,Democratic nominee to win Iowa,1,61.0,Oct/21/2012 23:30:47
745753,IA.2012.DEM,Democratic nominee to win Iowa,5,61.0,Oct/21/2012 23:30:47
745753,IA.2012.DEM,Democratic nominee to win Iowa,1,61.0,Oct/21/2012 23:31:06
745753,IA.2012.DEM,Democratic nominee to win Iowa,1,61.0,Oct/21/2012 23:31:23
745753,IA.2012.DEM,Democratic nominee to win Iowa,2,60.9,Oct/21/2012 23:31:24
745753,IA.2012.DEM,Democratic nominee to win Iowa,2,61.0,Oct/21/2012 23:31:24
745753,IA.2012.DEM,Democratic nominee to win Iowa,1,60.9,Oct/21/2012 23:31:30
745753,IA.2012.DEM,Democratic nominee to win Iowa,1,60.8,Oct/21/2012 23:31:41
745753,IA.2012.DEM,Democratic nominee to win Iowa,4,60.8,Oct/21/2012 23:31:41
745753,IA.2012.DEM,Democratic nominee to win Iowa,1,60.8,Oct/21/2012 23:32:07
745753,IA.2012.DEM,Democratic nominee to win Iowa,3,60.7,Oct/21/2012 23:32:08
745753,IA.2012.DEM,Democratic nominee to win Iowa,2,60.8,Oct/21/2012 23:32:08
745753,IA.2012.DEM,Democratic nominee to win Iowa,1,60.7,Oct/21/2012 23:40:01
745753,IA.2012.DEM,Democratic nominee to win Iowa,5,60.7,Oct/21/2012 23:40:01
745753,IA.2012.DEM,Democratic nominee to win Iowa,1,60.7,Oct/22/2012 00:09:10
745753,IA.2012.DEM,Democratic nominee to win Iowa,1,62.9,Oct/22/2012 06:56:02
745753,IA.2012.DEM,Democratic nominee to win Iowa,10,60.7,Oct/22/2012 14:00:37
745753,IA.2012.DEM,Democratic nominee to win Iowa,1,60.9,Oct/22/2012 14:00:37
745753,IA.2012.DEM,Democratic nominee to win Iowa,5,61.0,Oct/22/2012 14:00:37
745753,IA.2012.DEM,Democratic nominee to win Iowa,15,60.7,Oct/22/2012 14:02:13
745753,IA.2012.DEM,Democratic nominee to win Iowa,1,60.9,Oct/22/2012 14:02:13
745753,IA.2012.DEM,Democratic nominee to win Iowa,9,60.7,Oct/22/2012 14:02:24
745753,IA.2012.DEM,Democratic nominee to win Iowa,1,60.9,Oct/22/2012 14:02:24
745753,IA.2012.DEM,Democratic nominee to win Iowa,10,60.7,Oct/22/2012 14:07:19
745753,IA.2012.DEM,Democratic nominee to win Iowa,1,60.9,Oct/22/2012 14:07:19
745753,IA.2012.DEM,Democratic nominee to win Iowa,5,60.7,Oct/22/2012 14:07:56
745753,IA.2012.DEM,Democratic nominee to win Iowa,1,60.5,Oct/22/2012 14:15:47
745753,IA.2012.DEM,Democratic nominee to win Iowa,5,60.5,Oct/22/2012 14:15:47
745753,IA.2012.DEM,Democratic nominee to win Iowa,5,60.7,Oct/22/2012 14:15:47
745753,IA.2012.DEM,Democratic nominee to win Iowa,25,60.7,Oct/22/2012 14:15:47
745753,IA.2012.DEM,Democratic nominee to win Iowa,1,55.0,Oct/22/2012 14:16:05
745753,IA.2012.DEM,Democratic nominee to win Iowa,5,53.1,Oct/22/2012 14:16:05
745753,IA.2012.DEM,Democratic nominee to win Iowa,3,57.6,Oct/22/2012 14:16:05
745753,IA.2012.DEM,Democratic nominee to win Iowa,5,56.5,Oct/22/2012 14:16:05
745753,IA.2012.DEM,Democratic nominee to win Iowa,1,56.5,Oct/22/2012 14:16:05
745753,IA.2012.DEM,Democratic nominee to win Iowa,1,61.6,Oct/23/2012 03:17:45
745753,IA.2012.DEM,Democratic nominee to win Iowa,2,61.6,Oct/23/2012 03:17:45
745753,IA.2012.DEM,Democratic nominee to win Iowa,3,61.8,Oct/23/2012 03:21:26
745753,IA.2012.DEM,Democratic nominee to win Iowa,5,61.8,Oct/23/2012 03:21:26
745753,IA.2012.DEM,Democratic nominee to win Iowa,10,62.2,Oct/23/2012 03:21:42
745753,IA.2012.DEM,Democratic nominee to win Iowa,1,57.6,Oct/23/2012 04:04:45
745753,IA.2012.DEM,Democratic nominee to win Iowa,5,62.2,Oct/23/2012 04:53:28
745753,IA.2012.DEM,Democratic nominee to win Iowa,5,62.8,Oct/23/2012 04:53:47
745753,IA.2012.DEM,Democratic nominee to win Iowa,3,63.0,Oct/23/2012 05:43:49
745753,IA.2012.DEM,Democratic nominee to win Iowa,10,65.0,Oct/23/2012 05:44:04
745753,IA.2012.DEM,Democratic nominee to win Iowa,4,58.0,Oct/23/2012 05:55:20
745753,IA.2012.DEM,Democratic nominee to win Iowa,5,57.8,Oct/23/2012 05:55:33
745753,IA.2012.DEM,Democratic nominee to win Iowa,1,57.8,Oct/23/2012 05:55:33
745753,IA.2012.DEM,Democratic nominee to win Iowa,1,61.9,Oct/23/2012 11:46:03
745753,IA.2012.DEM,Democratic nominee to win Iowa,1,62.1,Oct/23/2012 14:07:05
745753,IA.2012.DEM,Democratic nominee to win Iowa,1,62.1,Oct/23/2012 14:07:05
745753,IA.2012.DEM,Democratic nominee to win Iowa,20,69.0,Oct/23/2012 14:07:05
745753,IA.2012.DEM,Democratic nominee to win Iowa,8,65.0,Oct/23/2012 14:07:05
745753,IA.2012.DEM,Democratic nominee to win Iowa,2,62.4,Oct/23/2012 14:07:05
745753,IA.2012.DEM,Democratic nominee to win Iowa,1,63.8,Oct/23/2012 14:07:05
745753,IA.2012.DEM,Democratic nominee to win Iowa,5,63.8,Oct/23/2012 14:07:05
745753,IA.2012.DEM,Democratic nominee to win Iowa,1,63.8,Oct/23/2012 15:49:59
745753,IA.2012.DEM,Democratic nominee to win Iowa,5,63.8,Oct/23/2012 15:49:59
745753,IA.2012.DEM,Democratic nominee to win Iowa,1,63.8,Oct/23/2012 15:50:19
745753,IA.2012.DEM,Democratic nominee to win Iowa,3,61.0,Oct/23/2012 19:01:41
745753,IA.2012.DEM,Democratic nominee to win Iowa,5,61.0,Oct/23/2012 19:01:42
745753,IA.2012.DEM,Democratic nominee to win Iowa,20,62.9,Oct/23/2012 21:48:06
745753,IA.2012.DEM,Democratic nominee to win Iowa,1,62.9,Oct/23/2012 21:48:06
745753,IA.2012.DEM,Democratic nominee to win Iowa,5,62.9,Oct/23/2012 21:48:06
745753,IA.2012.DEM,Democratic nominee to win Iowa,5,63.0,Oct/23/2012 22:00:59
745753,IA.2012.DEM,Democratic nominee to win Iowa,5,63.0,Oct/23/2012 22:04:43
745753,IA.2012.DEM,Democratic nominee to win Iowa,20,63.0,Oct/23/2012 22:33:17
745753,IA.2012.DEM,Democratic nominee to win Iowa,20,63.0,Oct/23/2012 22:34:57
745753,IA.2012.DEM,Democratic nominee to win Iowa,20,63.0,Oct/23/2012 22:36:30
745753,IA.2012.DEM,Democratic nominee to win Iowa,19,63.0,Oct/23/2012 22:38:05
745753,IA.2012.DEM,Democratic nominee to win Iowa,100,63.0,Oct/23/2012 22:56:09
745753,IA.2012.DEM,Democratic nominee to win Iowa,5,63.0,Oct/23/2012 23:32:04
745753,IA.2012.DEM,Democratic nominee to win Iowa,5,63.1,Oct/24/2012 00:04:11
745753,IA.2012.DEM,Democratic nominee to win Iowa,1,63.1,Oct/24/2012 00:04:11
745753,IA.2012.DEM,Democratic nominee to win Iowa,3,63.1,Oct/24/2012 00:31:35
745753,IA.2012.DEM,Democratic nominee to win Iowa,1,63.1,Oct/24/2012 00:31:36
745753,IA.2012.DEM,Democratic nominee to win Iowa,1,63.0,Oct/24/2012 01:19:04
745753,IA.2012.DEM,Democratic nominee to win Iowa,5,63.0,Oct/24/2012 01:19:05
745753,IA.2012.DEM,Democratic nominee to win Iowa,8,63.0,Oct/24/2012 01:19:07
745753,IA.2012.DEM,Democratic nominee to win Iowa,5,63.0,Oct/24/2012 01:19:07
745753,IA.2012.DEM,Democratic nominee to win Iowa,5,63.0,Oct/24/2012 01:25:35
745753,IA.2012.DEM,Democratic nominee to win Iowa,25,61.0,Oct/24/2012 01:26:15
745753,IA.2012.DEM,Democratic nominee to win Iowa,2,61.0,Oct/24/2012 01:51:09
745753,IA.2012.DEM,Democratic nominee to win Iowa,5,61.0,Oct/24/2012 01:51:09
745753,IA.2012.DEM,Democratic nominee to win Iowa,1,61.0,Oct/24/2012 01:51:23
745753,IA.2012.DEM,Democratic nominee to win Iowa,2,61.0,Oct/24/2012 01:51:41
745753,IA.2012.DEM,Democratic nominee to win Iowa,5,58.3,Oct/24/2012 02:57:10
745753,IA.2012.DEM,Democratic nominee to win Iowa,6,57.6,Oct/24/2012 03:08:14
745753,IA.2012.DEM,Democratic nominee to win Iowa,4,57.7,Oct/24/2012 03:08:14
745753,IA.2012.DEM,Democratic nominee to win Iowa,10,58.0,Oct/24/2012 03:08:14
745753,IA.2012.DEM,Democratic nominee to win Iowa,5,58.1,Oct/24/2012 03:08:14
745753,IA.2012.DEM,Democratic nominee to win Iowa,10,58.0,Oct/24/2012 03:08:34
745753,IA.2012.DEM,Democratic nominee to win Iowa,5,58.0,Oct/24/2012 03:08:34
745753,IA.2012.DEM,Democratic nominee to win Iowa,9,56.9,Oct/24/2012 03:08:34
745753,IA.2012.DEM,Democratic nominee to win Iowa,4,57.6,Oct/24/2012 03:08:34
745753,IA.2012.DEM,Democratic nominee to win Iowa,2,56.0,Oct/24/2012 03:08:34
745753,IA.2012.DEM,Democratic nominee to win Iowa,8,55.3,Oct/24/2012 03:08:53
745753,IA.2012.DEM,Democratic nominee to win Iowa,3,56.0,Oct/24/2012 03:08:53
745753,IA.2012.DEM,Democratic nominee to win Iowa,9,57.9,Oct/24/2012 03:08:53
745753,IA.2012.DEM,Democratic nominee to win Iowa,5,58.0,Oct/24/2012 03:08:53
745753,IA.2012.DEM,Democratic nominee to win Iowa,4,53.1,Oct/24/2012 03:29:55
745753,IA.2012.DEM,Democratic nominee to win Iowa,2,55.3,Oct/24/2012 03:29:55
745753,IA.2012.DEM,Democratic nominee to win Iowa,9,57.9,Oct/24/2012 03:29:55
745753,IA.2012.DEM,Democratic nominee to win Iowa,5,57.9,Oct/24/2012 03:29:55
745753,IA.2012.DEM,Democratic nominee to win Iowa,1,51.1,Oct/24/2012 03:30:38
745753,IA.2012.DEM,Democratic nominee to win Iowa,11,53.1,Oct/24/2012 03:30:38
745753,IA.2012.DEM,Democratic nominee to win Iowa,4,51.1,Oct/24/2012 03:30:38
745753,IA.2012.DEM,Democratic nominee to win Iowa,9,57.9,Oct/24/2012 03:30:38
745753,IA.2012.DEM,Democratic nominee to win Iowa,5,57.9,Oct/24/2012 03:30:38
745753,IA.2012.DEM,Democratic nominee to win Iowa,8,57.8,Oct/24/2012 03:30:58
745753,IA.2012.DEM,Democratic nominee to win Iowa,1,57.8,Oct/24/2012 03:30:58
745753,IA.2012.DEM,Democratic nominee to win Iowa,8,57.8,Oct/24/2012 03:31:20
745753,IA.2012.DEM,Democratic nominee to win Iowa,2,57.8,Oct/24/2012 03:31:20
745753,IA.2012.DEM,Democratic nominee to win Iowa,1,40.0,Oct/24/2012 03:31:58
745753,IA.2012.DEM,Democratic nominee to win Iowa,1,51.1,Oct/24/2012 03:31:58
745753,IA.2012.DEM,Democratic nominee to win Iowa,8,57.7,Oct/24/2012 03:31:58
745753,IA.2012.DEM,Democratic nominee to win Iowa,5,57.7,Oct/24/2012 03:31:58
745753,IA.2012.DEM,Democratic nominee to win Iowa,1,57.9,Oct/24/2012 03:50:56
745753,IA.2012.DEM,Democratic nominee to win Iowa,1,41.0,Oct/24/2012 05:20:33
745753,IA.2012.DEM,Democratic nominee to win Iowa,4,57.9,Oct/24/2012 05:20:33
745753,IA.2012.DEM,Democratic nominee to win Iowa,10,45.0,Oct/24/2012 05:20:33
745753,IA.2012.DEM,Democratic nominee to win Iowa,10,58.0,Oct/24/2012 05:20:33
745753,IA.2012.DEM,Democratic nominee to win Iowa,4,57.9,Oct/24/2012 06:10:21
745753,IA.2012.DEM,Democratic nominee to win Iowa,1,57.9,Oct/24/2012 06:10:22
745753,IA.2012.DEM,Democratic nominee to win Iowa,4,57.9,Oct/24/2012 06:11:40
745753,IA.2012.DEM,Democratic nominee to win Iowa,1,57.9,Oct/24/2012 06:11:42
745753,IA.2012.DEM,Democratic nominee to win Iowa,2,42.0,Oct/24/2012 06:40:32
745753,IA.2012.DEM,Democratic nominee to win Iowa,4,57.8,Oct/24/2012 06:40:32
745753,IA.2012.DEM,Democratic nominee to win Iowa,5,50.0,Oct/24/2012 06:40:32
745753,IA.2012.DEM,Democratic nominee to win Iowa,5,44.0,Oct/24/2012 06:40:32
745753,IA.2012.DEM,Democratic nominee to win Iowa,4,57.8,Oct/24/2012 06:44:18
745753,IA.2012.DEM,Democratic nominee to win Iowa,1,57.8,Oct/24/2012 06:44:20
745753,IA.2012.DEM,Democratic nominee to win Iowa,2,42.0,Oct/24/2012 06:44:29
745753,IA.2012.DEM,Democratic nominee to win Iowa,4,57.8,Oct/24/2012 06:44:29
745753,IA.2012.DEM,Democratic nominee to win Iowa,4,57.8,Oct/24/2012 06:44:40
745753,IA.2012.DEM,Democratic nominee to win Iowa,1,57.8,Oct/24/2012 06:44:41
745753,IA.2012.DEM,Democratic nominee to win Iowa,3,57.8,Oct/24/2012 06:46:53
745753,IA.2012.DEM,Democratic nominee to win Iowa,1,44.0,Oct/24/2012 06:46:53
745753,IA.2012.DEM,Democratic nominee to win Iowa,3,57.8,Oct/24/2012 06:47:20
745753,IA.2012.DEM,Democratic nominee to win Iowa,1,57.8,Oct/24/2012 06:47:21
745753,IA.2012.DEM,Democratic nominee to win Iowa,1,57.8,Oct/24/2012 06:47:22
745753,IA.2012.DEM,Democratic nominee to win Iowa,1,57.7,Oct/24/2012 11:12:17
745753,IA.2012.DEM,Democratic nominee to win Iowa,10,59.5,Oct/24/2012 17:19:12
745753,IA.2012.DEM,Democratic nominee to win Iowa,1,59.8,Oct/24/2012 17:19:23
745753,IA.2012.DEM,Democratic nominee to win Iowa,1,59.8,Oct/24/2012 17:19:23
745753,IA.2012.DEM,Democratic nominee to win Iowa,1,59.8,Oct/24/2012 17:19:23
745753,IA.2012.DEM,Democratic nominee to win Iowa,5,63.0,Oct/24/2012 17:19:33
745753,IA.2012.DEM,Democratic nominee to win Iowa,1,63.1,Oct/24/2012 17:19:40
745753,IA.2012.DEM,Democratic nominee to win Iowa,5,63.1,Oct/24/2012 17:19:40
745753,IA.2012.DEM,Democratic nominee to win Iowa,10,63.2,Oct/24/2012 17:19:46
745753,IA.2012.DEM,Democratic nominee to win Iowa,4,60.5,Oct/24/2012 19:48:53
745753,IA.2012.DEM,Democratic nominee to win Iowa,1,60.6,Oct/24/2012 19:48:53
745753,IA.2012.DEM,Democratic nominee to win Iowa,3,59.8,Oct/24/2012 19:48:53
745753,IA.2012.DEM,Democratic nominee to win Iowa,10,59.8,Oct/24/2012 19:48:53
745753,IA.2012.DEM,Democratic nominee to win Iowa,1,59.5,Oct/24/2012 19:48:56
745753,IA.2012.DEM,Democratic nominee to win Iowa,3,50.0,Oct/24/2012 19:49:28
745753,IA.2012.DEM,Democratic nominee to win Iowa,9,59.5,Oct/24/2012 19:49:28
745753,IA.2012.DEM,Democratic nominee to win Iowa,1,57.7,Oct/24/2012 19:49:28
745753,IA.2012.DEM,Democratic nominee to win Iowa,5,57.8,Oct/24/2012 19:49:28
745753,IA.2012.DEM,Democratic nominee to win Iowa,1,57.6,Oct/24/2012 19:58:05
745753,IA.2012.DEM,Democratic nominee to win Iowa,2,57.6,Oct/24/2012 19:58:05
745753,IA.2012.DEM,Democratic nominee to win Iowa,25,58.0,Oct/24/2012 22:11:14
745753,IA.2012.DEM,Democratic nominee to win Iowa,1,58.8,Oct/24/2012 22:11:14
745753,IA.2012.DEM,Democratic nominee to win Iowa,1,60.0,Oct/24/2012 22:11:14
745753,IA.2012.DEM,Democratic nominee to win Iowa,9,60.0,Oct/24/2012 23:37:47
745753,IA.2012.DEM,Democratic nominee to win Iowa,1,58.3,Oct/25/2012 00:42:33
745753,IA.2012.DEM,Democratic nominee to win Iowa,1,58.4,Oct/25/2012 00:42:33
745753,IA.2012.DEM,Democratic nominee to win Iowa,5,58.3,Oct/25/2012 00:43:08
745753,IA.2012.DEM,Democratic nominee to win Iowa,1,58.3,Oct/25/2012 00:43:08
745753,IA.2012.DEM,Democratic nominee to win Iowa,1,62.8,Oct/25/2012 02:43:40
745753,IA.2012.DEM,Democratic nominee to win Iowa,5,62.8,Oct/25/2012 02:43:40
745753,IA.2012.DEM,Democratic nominee to win Iowa,1,58.8,Oct/25/2012 02:57:46
745753,IA.2012.DEM,Democratic nominee to win Iowa,1,62.8,Oct/25/2012 16:04:43
745753,IA.2012.DEM,Democratic nominee to win Iowa,4,63.0,Oct/25/2012 16:04:51
745753,IA.2012.DEM,Democratic nominee to win Iowa,1,62.8,Oct/25/2012 16:04:51
745753,IA.2012.DEM,Democratic nominee to win Iowa,5,63.0,Oct/25/2012 17:38:12
745753,IA.2012.DEM,Democratic nominee to win Iowa,1,63.1,Oct/25/2012 17:38:24
745753,IA.2012.DEM,Democratic nominee to win Iowa,1,63.1,Oct/25/2012 17:38:35
745753,IA.2012.DEM,Democratic nominee to win Iowa,1,63.5,Oct/25/2012 17:38:53
745753,IA.2012.DEM,Democratic nominee to win Iowa,1,63.1,Oct/25/2012 17:38:53
745753,IA.2012.DEM,Democratic nominee to win Iowa,1,60.8,Oct/25/2012 17:44:57
745753,IA.2012.DEM,Democratic nominee to win Iowa,5,60.8,Oct/25/2012 17:44:58
745753,IA.2012.DEM,Democratic nominee to win Iowa,1,60.8,Oct/25/2012 17:45:18
745753,IA.2012.DEM,Democratic nominee to win Iowa,1,60.8,Oct/25/2012 17:45:19
745753,IA.2012.DEM,Democratic nominee to win Iowa,1,60.8,Oct/25/2012 17:45:20
745753,IA.2012.DEM,Democratic nominee to win Iowa,2,60.0,Oct/25/2012 17:46:19
745753,IA.2012.DEM,Democratic nominee to win Iowa,3,60.6,Oct/25/2012 17:46:19
745753,IA.2012.DEM,Democratic nominee to win Iowa,13,60.7,Oct/25/2012 17:46:19
745753,IA.2012.DEM,Democratic nominee to win Iowa,2,60.8,Oct/25/2012 17:46:19
745753,IA.2012.DEM,Democratic nominee to win Iowa,10,60.8,Oct/25/2012 17:46:19
745753,IA.2012.DEM,Democratic nominee to win Iowa,2,62.9,Oct/25/2012 18:11:58
745753,IA.2012.DEM,Democratic nominee to win Iowa,8,62.9,Oct/25/2012 18:39:29
745753,IA.2012.DEM,Democratic nominee to win Iowa,10,62.9,Oct/25/2012 18:39:29
745753,IA.2012.DEM,Democratic nominee to win Iowa,1,63.1,Oct/26/2012 00:14:12
745753,IA.2012.DEM,Democratic nominee to win Iowa,1,60.9,Oct/26/2012 03:55:02
745753,IA.2012.DEM,Democratic nominee to win Iowa,3,63.0,Oct/26/2012 04:36:30
745753,IA.2012.DEM,Democratic nominee to win Iowa,1,63.0,Oct/26/2012 04:36:30
745753,IA.2012.DEM,Democratic nominee to win Iowa,5,63.0,Oct/26/2012 04:36:30
745753,IA.2012.DEM,Democratic nominee to win Iowa,1,63.1,Oct/26/2012 04:36:38
745753,IA.2012.DEM,Democratic nominee to win Iowa,11,61.0,Oct/26/2012 12:24:36
745753,IA.2012.DEM,Democratic nominee to win Iowa,5,61.0,Oct/26/2012 12:24:36
745753,IA.2012.DEM,Democratic nominee to win Iowa,1,63.5,Oct/26/2012 16:06:13
745753,IA.2012.DEM,Democratic nominee to win Iowa,5,64.5,Oct/26/2012 16:06:23
745753,IA.2012.DEM,Democratic nominee to win Iowa,5,64.5,Oct/26/2012 16:06:23
745753,IA.2012.DEM,Democratic nominee to win Iowa,1,64.6,Oct/26/2012 16:07:14
745753,IA.2012.DEM,Democratic nominee to win Iowa,5,64.6,Oct/26/2012 16:07:14
745753,IA.2012.DEM,Democratic nominee to win Iowa,1,64.6,Oct/26/2012 16:07:33
745753,IA.2012.DEM,Democratic nominee to win Iowa,4,64.6,Oct/26/2012 16:07:33
745753,IA.2012.DEM,Democratic nominee to win Iowa,1,64.6,Oct/26/2012 16:07:41
745753,IA.2012.DEM,Democratic nominee to win Iowa,1,64.6,Oct/26/2012 16:07:47
745753,IA.2012.DEM,Democratic nominee to win Iowa,1,64.6,Oct/26/2012 16:07:52
745753,IA.2012.DEM,Democratic nominee to win Iowa,1,64.6,Oct/26/2012 16:08:03
745753,IA.2012.DEM,Democratic nominee to win Iowa,1,64.1,Oct/26/2012 17:01:06
745753,IA.2012.DEM,Democratic nominee to win Iowa,4,65.0,Oct/26/2012 18:03:12
745753,IA.2012.DEM,Democratic nominee to win Iowa,23,65.0,Oct/26/2012 18:12:10
745753,IA.2012.DEM,Democratic nominee to win Iowa,5,65.0,Oct/26/2012 18:12:10
745753,IA.2012.DEM,Democratic nominee to win Iowa,1,65.1,Oct/26/2012 18:14:28
745753,IA.2012.DEM,Democratic nominee to win Iowa,2,65.1,Oct/26/2012 18:14:28
745753,IA.2012.DEM,Democratic nominee to win Iowa,5,62.5,Oct/26/2012 19:00:59
745753,IA.2012.DEM,Democratic nominee to win Iowa,10,62.1,Oct/26/2012 19:00:59
745753,IA.2012.DEM,Democratic nominee to win Iowa,1,62.1,Oct/26/2012 19:01:36
745753,IA.2012.DEM,Democratic nominee to win Iowa,5,62.1,Oct/26/2012 19:01:36
745753,IA.2012.DEM,Democratic nominee to win Iowa,5,65.1,Oct/26/2012 19:47:32
745753,IA.2012.DEM,Democratic nominee to win Iowa,1,66.6,Oct/27/2012 02:48:55
745753,IA.2012.DEM,Democratic nominee to win Iowa,5,66.6,Oct/27/2012 02:48:55
745753,IA.2012.DEM,Democratic nominee to win Iowa,1,66.6,Oct/27/2012 03:50:29
745753,IA.2012.DEM,Democratic nominee to win Iowa,1,66.6,Oct/27/2012 03:50:42
745753,IA.2012.DEM,Democratic nominee to win Iowa,1,66.6,Oct/27/2012 04:45:03
745753,IA.2012.DEM,Democratic nominee to win Iowa,2,66.6,Oct/27/2012 04:45:04
745753,IA.2012.DEM,Democratic nominee to win Iowa,7,66.6,Oct/27/2012 05:18:58
745753,IA.2012.DEM,Democratic nominee to win Iowa,10,63.6,Oct/27/2012 21:42:20
745753,IA.2012.DEM,Democratic nominee to win Iowa,45,62.2,Oct/27/2012 21:42:35
745753,IA.2012.DEM,Democratic nominee to win Iowa,1,67.1,Oct/27/2012 22:23:18
745753,IA.2012.DEM,Democratic nominee to win Iowa,10,67.1,Oct/27/2012 22:23:18
745753,IA.2012.DEM,Democratic nominee to win Iowa,4,67.1,Oct/27/2012 22:23:18
745753,IA.2012.DEM,Democratic nominee to win Iowa,1,63.0,Oct/27/2012 23:41:02
745753,IA.2012.DEM,Democratic nominee to win Iowa,1,63.0,Oct/27/2012 23:41:45
745753,IA.2012.DEM,Democratic nominee to win Iowa,23,63.0,Oct/28/2012 01:10:51
745753,IA.2012.DEM,Democratic nominee to win Iowa,10,63.0,Oct/28/2012 01:10:51
745753,IA.2012.DEM,Democratic nominee to win Iowa,3,62.3,Oct/28/2012 01:10:59
745753,IA.2012.DEM,Democratic nominee to win Iowa,1,67.0,Oct/28/2012 02:57:01
745753,IA.2012.DEM,Democratic nominee to win Iowa,1,66.1,Oct/28/2012 04:26:56
745753,IA.2012.DEM,Democratic nominee to win Iowa,2,66.1,Oct/28/2012 04:26:56
745753,IA.2012.DEM,Democratic nominee to win Iowa,1,51.0,Oct/28/2012 05:00:59
745753,IA.2012.DEM,Democratic nominee to win Iowa,2,58.9,Oct/28/2012 05:00:59
745753,IA.2012.DEM,Democratic nominee to win Iowa,3,60.8,Oct/28/2012 05:00:59
745753,IA.2012.DEM,Democratic nominee to win Iowa,3,60.8,Oct/28/2012 05:00:59
745753,IA.2012.DEM,Democratic nominee to win Iowa,1,61.2,Oct/28/2012 05:00:59
745753,IA.2012.DEM,Democratic nominee to win Iowa,2,60.8,Oct/28/2012 05:00:59
745753,IA.2012.DEM,Democratic nominee to win Iowa,1,58.7,Oct/28/2012 05:00:59
745753,IA.2012.DEM,Democratic nominee to win Iowa,1,66.1,Oct/28/2012 05:23:15
745753,IA.2012.DEM,Democratic nominee to win Iowa,10,66.1,Oct/28/2012 05:23:15
745753,IA.2012.DEM,Democratic nominee to win Iowa,1,65.1,Oct/28/2012 05:36:23
745753,IA.2012.DEM,Democratic nominee to win Iowa,1,60.1,Oct/28/2012 05:39:51
745753,IA.2012.DEM,Democratic nominee to win Iowa,1,65.1,Oct/28/2012 06:21:38
745753,IA.2012.DEM,Democratic nominee to win Iowa,1,65.1,Oct/28/2012 06:43:52
745753,IA.2012.DEM,Democratic nominee to win Iowa,1,51.0,Oct/28/2012 06:50:08
745753,IA.2012.DEM,Democratic nominee to win Iowa,1,55.2,Oct/28/2012 06:50:08
745753,IA.2012.DEM,Democratic nominee to win Iowa,3,55.1,Oct/28/2012 06:50:08
745753,IA.2012.DEM,Democratic nominee to win Iowa,1,65.0,Oct/28/2012 08:07:19
745753,IA.2012.DEM,Democratic nominee to win Iowa,1,65.1,Oct/28/2012 08:15:55
745753,IA.2012.DEM,Democratic nominee to win Iowa,3,65.1,Oct/28/2012 08:16:17
745753,IA.2012.DEM,Democratic nominee to win Iowa,1,65.9,Oct/28/2012 11:12:34
745753,IA.2012.DEM,Democratic nominee to win Iowa,1,66.0,Oct/28/2012 11:12:44
745753,IA.2012.DEM,Democratic nominee to win Iowa,5,66.0,Oct/28/2012 11:13:05
745753,IA.2012.DEM,Democratic nominee to win Iowa,1,66.1,Oct/28/2012 11:13:15
745753,IA.2012.DEM,Democratic nominee to win Iowa,1,66.1,Oct/28/2012 11:13:34
745753,IA.2012.DEM,Democratic nominee to win Iowa,1,66.1,Oct/28/2012 11:13:41
745753,IA.2012.DEM,Democratic nominee to win Iowa,1,66.1,Oct/28/2012 11:14:02
745753,IA.2012.DEM,Democratic nominee to win Iowa,1,66.1,Oct/28/2012 11:14:14
745753,IA.2012.DEM,Democratic nominee to win Iowa,1,66.1,Oct/28/2012 11:14:29
745753,IA.2012.DEM,Democratic nominee to win Iowa,1,67.0,Oct/28/2012 11:15:05
745753,IA.2012.DEM,Democratic nominee to win Iowa,1,66.1,Oct/28/2012 12:18:26
745753,IA.2012.DEM,Democratic nominee to win Iowa,1,66.1,Oct/28/2012 12:18:59
745753,IA.2012.DEM,Democratic nominee to win Iowa,1,66.1,Oct/28/2012 15:05:12
745753,IA.2012.DEM,Democratic nominee to win Iowa,1,66.1,Oct/28/2012 15:05:31
745753,IA.2012.DEM,Democratic nominee to win Iowa,1,67.1,Oct/28/2012 15:06:38
745753,IA.2012.DEM,Democratic nominee to win Iowa,1,67.1,Oct/28/2012 15:06:53
745753,IA.2012.DEM,Democratic nominee to win Iowa,1,66.1,Oct/28/2012 15:19:18
745753,IA.2012.DEM,Democratic nominee to win Iowa,1,65.0,Oct/28/2012 16:51:52
745753,IA.2012.DEM,Democratic nominee to win Iowa,1,65.0,Oct/28/2012 16:51:52
745753,IA.2012.DEM,Democratic nominee to win Iowa,2,58.0,Oct/28/2012 17:15:25
745753,IA.2012.DEM,Democratic nominee to win Iowa,2,58.1,Oct/28/2012 17:15:25
745753,IA.2012.DEM,Democratic nominee to win Iowa,1,64.9,Oct/28/2012 21:09:53
745753,IA.2012.DEM,Democratic nominee to win Iowa,1,64.9,Oct/28/2012 21:10:29
745753,IA.2012.DEM,Democratic nominee to win Iowa,1,65.0,Oct/28/2012 21:10:37
745753,IA.2012.DEM,Democratic nominee to win Iowa,1,59.3,Oct/28/2012 23:25:46
745753,IA.2012.DEM,Democratic nominee to win Iowa,5,59.2,Oct/28/2012 23:25:46
745753,IA.2012.DEM,Democratic nominee to win Iowa,2,62.0,Oct/28/2012 23:26:49
745753,IA.2012.DEM,Democratic nominee to win Iowa,1,60.2,Oct/28/2012 23:53:01
745753,IA.2012.DEM,Democratic nominee to win Iowa,1,60.2,Oct/28/2012 23:53:04
745753,IA.2012.DEM,Democratic nominee to win Iowa,1,60.2,Oct/28/2012 23:53:05
745753,IA.2012.DEM,Democratic nominee to win Iowa,4,60.2,Oct/29/2012 00:56:23
745753,IA.2012.DEM,Democratic nominee to win Iowa,3,60.2,Oct/29/2012 01:24:11
745753,IA.2012.DEM,Democratic nominee to win Iowa,10,60.2,Oct/29/2012 01:24:11
745753,IA.2012.DEM,Democratic nominee to win Iowa,1,62.0,Oct/29/2012 02:28:34
745753,IA.2012.DEM,Democratic nominee to win Iowa,9,62.0,Oct/29/2012 02:35:05
745753,IA.2012.DEM,Democratic nominee to win Iowa,5,62.0,Oct/29/2012 02:35:05
745753,IA.2012.DEM,Democratic nominee to win Iowa,1,62.1,Oct/29/2012 02:52:18
745753,IA.2012.DEM,Democratic nominee to win Iowa,1,62.1,Oct/29/2012 02:52:40
745753,IA.2012.DEM,Democratic nominee to win Iowa,1,62.1,Oct/29/2012 02:52:55
745753,IA.2012.DEM,Democratic nominee to win Iowa,1,62.1,Oct/29/2012 06:06:06
745753,IA.2012.DEM,Democratic nominee to win Iowa,5,62.1,Oct/29/2012 06:06:07
745753,IA.2012.DEM,Democratic nominee to win Iowa,4,62.1,Oct/29/2012 06:06:09
745753,IA.2012.DEM,Democratic nominee to win Iowa,1,64.1,Oct/29/2012 06:07:39
745753,IA.2012.DEM,Democratic nominee to win Iowa,1,64.1,Oct/29/2012 06:07:41
745753,IA.2012.DEM,Democratic nominee to win Iowa,1,64.1,Oct/29/2012 06:09:37
745753,IA.2012.DEM,Democratic nominee to win Iowa,1,64.1,Oct/29/2012 06:14:10
745753,IA.2012.DEM,Democratic nominee to win Iowa,1,64.1,Oct/29/2012 06:14:15
745753,IA.2012.DEM,Democratic nominee to win Iowa,1,64.1,Oct/29/2012 06:14:21
745753,IA.2012.DEM,Democratic nominee to win Iowa,1,64.1,Oct/29/2012 06:14:27
745753,IA.2012.DEM,Democratic nominee to win Iowa,1,64.1,Oct/29/2012 06:14:34
745753,IA.2012.DEM,Democratic nominee to win Iowa,1,64.1,Oct/29/2012 06:14:41
745753,IA.2012.DEM,Democratic nominee to win Iowa,1,64.1,Oct/29/2012 06:14:47
745753,IA.2012.DEM,Democratic nominee to win Iowa,3,64.9,Oct/29/2012 08:34:42
745753,IA.2012.DEM,Democratic nominee to win Iowa,2,64.9,Oct/29/2012 08:34:42
745753,IA.2012.DEM,Democratic nominee to win Iowa,1,65.1,Oct/29/2012 08:39:36
745753,IA.2012.DEM,Democratic nominee to win Iowa,9,65.1,Oct/29/2012 08:40:01
745753,IA.2012.DEM,Democratic nominee to win Iowa,1,64.1,Oct/29/2012 11:14:11
745753,IA.2012.DEM,Democratic nominee to win Iowa,1,65.0,Oct/29/2012 18:41:18
745753,IA.2012.DEM,Democratic nominee to win Iowa,1,61.0,Oct/29/2012 19:09:49
745753,IA.2012.DEM,Democratic nominee to win Iowa,2,65.0,Oct/29/2012 19:46:26
745753,IA.2012.DEM,Democratic nominee to win Iowa,1,64.9,Oct/29/2012 22:05:07
745753,IA.2012.DEM,Democratic nominee to win Iowa,2,65.0,Oct/29/2012 22:05:29
745753,IA.2012.DEM,Democratic nominee to win Iowa,3,65.0,Oct/29/2012 22:05:29
745753,IA.2012.DEM,Democratic nominee to win Iowa,1,65.0,Oct/29/2012 22:05:29
745753,IA.2012.DEM,Democratic nominee to win Iowa,1,65.0,Oct/29/2012 22:28:31
745753,IA.2012.DEM,Democratic nominee to win Iowa,1,65.0,Oct/29/2012 22:28:44
745753,IA.2012.DEM,Democratic nominee to win Iowa,1,65.0,Oct/29/2012 22:28:58
745753,IA.2012.DEM,Democratic nominee to win Iowa,1,65.1,Oct/29/2012 23:11:09
745753,IA.2012.DEM,Democratic nominee to win Iowa,1,65.1,Oct/29/2012 23:11:09
745753,IA.2012.DEM,Democratic nominee to win Iowa,1,65.1,Oct/30/2012 00:48:55
745753,IA.2012.DEM,Democratic nominee to win Iowa,5,65.1,Oct/30/2012 00:48:55
745753,IA.2012.DEM,Democratic nominee to win Iowa,1,61.7,Oct/30/2012 03:59:00
745753,IA.2012.DEM,Democratic nominee to win Iowa,1,61.7,Oct/30/2012 03:59:37
745753,IA.2012.DEM,Democratic nominee to win Iowa,2,65.0,Oct/30/2012 04:01:48
745753,IA.2012.DEM,Democratic nominee to win Iowa,1,65.0,Oct/30/2012 07:32:03
745753,IA.2012.DEM,Democratic nominee to win Iowa,5,63.5,Oct/30/2012 13:26:54
745753,IA.2012.DEM,Democratic nominee to win Iowa,1,63.5,Oct/30/2012 13:26:54
745753,IA.2012.DEM,Democratic nominee to win Iowa,1,63.5,Oct/30/2012 13:27:02
745753,IA.2012.DEM,Democratic nominee to win Iowa,1,63.5,Oct/30/2012 13:27:10
745753,IA.2012.DEM,Democratic nominee to win Iowa,5,63.5,Oct/30/2012 13:27:10
745753,IA.2012.DEM,Democratic nominee to win Iowa,1,63.5,Oct/30/2012 13:27:18
745753,IA.2012.DEM,Democratic nominee to win Iowa,1,63.5,Oct/30/2012 13:27:26
745753,IA.2012.DEM,Democratic nominee to win Iowa,5,63.5,Oct/30/2012 13:27:26
745753,IA.2012.DEM,Democratic nominee to win Iowa,1,63.5,Oct/30/2012 13:27:41
745753,IA.2012.DEM,Democratic nominee to win Iowa,5,63.5,Oct/30/2012 13:27:41
745753,IA.2012.DEM,Democratic nominee to win Iowa,1,63.5,Oct/30/2012 13:27:54
745753,IA.2012.DEM,Democratic nominee to win Iowa,1,63.5,Oct/30/2012 13:27:55
745753,IA.2012.DEM,Democratic nominee to win Iowa,2,63.5,Oct/30/2012 13:27:56
745753,IA.2012.DEM,Democratic nominee to win Iowa,2,61.7,Oct/30/2012 13:28:17
745753,IA.2012.DEM,Democratic nominee to win Iowa,3,61.6,Oct/30/2012 13:28:30
745753,IA.2012.DEM,Democratic nominee to win Iowa,1,61.7,Oct/30/2012 13:28:30
745753,IA.2012.DEM,Democratic nominee to win Iowa,3,61.6,Oct/30/2012 13:28:39
745753,IA.2012.DEM,Democratic nominee to win Iowa,3,61.6,Oct/30/2012 13:28:39
745753,IA.2012.DEM,Democratic nominee to win Iowa,2,61.6,Oct/30/2012 13:28:48
745753,IA.2012.DEM,Democratic nominee to win Iowa,2,61.6,Oct/30/2012 13:28:48
745753,IA.2012.DEM,Democratic nominee to win Iowa,1,61.6,Oct/30/2012 13:29:03
745753,IA.2012.DEM,Democratic nominee to win Iowa,2,61.6,Oct/30/2012 13:29:03
745753,IA.2012.DEM,Democratic nominee to win Iowa,2,61.6,Oct/30/2012 13:29:03
745753,IA.2012.DEM,Democratic nominee to win Iowa,4,61.6,Oct/30/2012 13:29:12
745753,IA.2012.DEM,Democratic nominee to win Iowa,5,61.6,Oct/30/2012 13:33:22
745753,IA.2012.DEM,Democratic nominee to win Iowa,39,61.6,Oct/30/2012 13:33:24
745753,IA.2012.DEM,Democratic nominee to win Iowa,20,65.0,Oct/30/2012 16:34:32
745753,IA.2012.DEM,Democratic nominee to win Iowa,82,65.0,Oct/30/2012 16:57:54
745753,IA.2012.DEM,Democratic nominee to win Iowa,1,64.0,Oct/30/2012 17:01:01
745753,IA.2012.DEM,Democratic nominee to win Iowa,1,64.0,Oct/30/2012 17:22:56
745753,IA.2012.DEM,Democratic nominee to win Iowa,4,64.0,Oct/30/2012 17:22:57
745753,IA.2012.DEM,Democratic nominee to win Iowa,1,64.0,Oct/30/2012 18:24:11
745753,IA.2012.DEM,Democratic nominee to win Iowa,10,64.0,Oct/30/2012 18:24:11
745753,IA.2012.DEM,Democratic nominee to win Iowa,5,64.0,Oct/30/2012 18:24:11
745753,IA.2012.DEM,Democratic nominee to win Iowa,1,64.0,Oct/30/2012 22:33:53
745753,IA.2012.DEM,Democratic nominee to win Iowa,5,64.0,Oct/30/2012 22:33:53
745753,IA.2012.DEM,Democratic nominee to win Iowa,1,64.0,Oct/30/2012 22:34:39
745753,IA.2012.DEM,Democratic nominee to win Iowa,5,64.0,Oct/30/2012 22:34:39
745753,IA.2012.DEM,Democratic nominee to win Iowa,1,64.0,Oct/30/2012 22:42:32
745753,IA.2012.DEM,Democratic nominee to win Iowa,3,63.9,Oct/30/2012 23:24:13
745753,IA.2012.DEM,Democratic nominee to win Iowa,1,64.0,Oct/30/2012 23:26:00
745753,IA.2012.DEM,Democratic nominee to win Iowa,5,64.0,Oct/30/2012 23:26:00
745753,IA.2012.DEM,Democratic nominee to win Iowa,5,64.0,Oct/30/2012 23:51:31
745753,IA.2012.DEM,Democratic nominee to win Iowa,22,64.9,Oct/30/2012 23:52:20
745753,IA.2012.DEM,Democratic nominee to win Iowa,5,64.9,Oct/30/2012 23:52:20
745753,IA.2012.DEM,Democratic nominee to win Iowa,20,63.5,Oct/31/2012 00:22:33
745753,IA.2012.DEM,Democratic nominee to win Iowa,1,63.9,Oct/31/2012 01:54:33
745753,IA.2012.DEM,Democratic nominee to win Iowa,5,64.0,Oct/31/2012 01:55:55
745753,IA.2012.DEM,Democratic nominee to win Iowa,1,64.0,Oct/31/2012 01:55:55
745753,IA.2012.DEM,Democratic nominee to win Iowa,1,64.0,Oct/31/2012 01:58:56
745753,IA.2012.DEM,Democratic nominee to win Iowa,1,64.0,Oct/31/2012 02:06:00
745753,IA.2012.DEM,Democratic nominee to win Iowa,1,64.0,Oct/31/2012 02:32:23
745753,IA.2012.DEM,Democratic nominee to win Iowa,1,64.0,Oct/31/2012 02:34:52
745753,IA.2012.DEM,Democratic nominee to win Iowa,95,65.0,Oct/31/2012 02:49:04
745753,IA.2012.DEM,Democratic nominee to win Iowa,1,65.0,Oct/31/2012 02:49:04
745753,IA.2012.DEM,Democratic nominee to win Iowa,4,65.0,Oct/31/2012 02:49:04
745753,IA.2012.DEM,Democratic nominee to win Iowa,1,63.9,Oct/31/2012 03:05:21
745753,IA.2012.DEM,Democratic nominee to win Iowa,1,63.5,Oct/31/2012 03:05:21
745753,IA.2012.DEM,Democratic nominee to win Iowa,4,63.9,Oct/31/2012 03:05:21
745753,IA.2012.DEM,Democratic nominee to win Iowa,5,63.5,Oct/31/2012 03:07:25
745753,IA.2012.DEM,Democratic nominee to win Iowa,1,63.5,Oct/31/2012 03:07:25
745753,IA.2012.DEM,Democratic nominee to win Iowa,4,63.5,Oct/31/2012 03:07:26
745753,IA.2012.DEM,Democratic nominee to win Iowa,1,63.5,Oct/31/2012 03:08:10
745753,IA.2012.DEM,Democratic nominee to win Iowa,3,63.5,Oct/31/2012 03:08:10
745753,IA.2012.DEM,Democratic nominee to win Iowa,1,65.0,Oct/31/2012 03:21:44
745753,IA.2012.DEM,Democratic nominee to win Iowa,5,65.0,Oct/31/2012 03:21:44
745753,IA.2012.DEM,Democratic nominee to win Iowa,1,63.5,Oct/31/2012 04:27:16
745753,IA.2012.DEM,Democratic nominee to win Iowa,4,63.5,Oct/31/2012 04:27:16
745753,IA.2012.DEM,Democratic nominee to win Iowa,1,63.5,Oct/31/2012 04:27:16
745753,IA.2012.DEM,Democratic nominee to win Iowa,1,63.5,Oct/31/2012 04:27:17
745753,IA.2012.DEM,Democratic nominee to win Iowa,4,63.5,Oct/31/2012 04:27:18
745753,IA.2012.DEM,Democratic nominee to win Iowa,1,65.0,Oct/31/2012 04:43:40
745753,IA.2012.DEM,Democratic nominee to win Iowa,6,65.0,Oct/31/2012 04:43:40
745753,IA.2012.DEM,Democratic nominee to win Iowa,5,65.0,Oct/31/2012 04:43:40
745753,IA.2012.DEM,Democratic nominee to win Iowa,2,65.0,Oct/31/2012 04:43:41
745753,IA.2012.DEM,Democratic nominee to win Iowa,1,65.0,Oct/31/2012 05:01:01
745753,IA.2012.DEM,Democratic nominee to win Iowa,1,65.0,Oct/31/2012 06:19:59
745753,IA.2012.DEM,Democratic nominee to win Iowa,9,65.0,Oct/31/2012 06:20:00
745753,IA.2012.DEM,Democratic nominee to win Iowa,1,66.0,Oct/31/2012 10:30:19
745753,IA.2012.DEM,Democratic nominee to win Iowa,6,66.0,Oct/31/2012 10:30:21
745753,IA.2012.DEM,Democratic nominee to win Iowa,3,66.0,Oct/31/2012 10:30:22
745753,IA.2012.DEM,Democratic nominee to win Iowa,1,66.1,Oct/31/2012 11:27:26
745753,IA.2012.DEM,Democratic nominee to win Iowa,1,63.5,Oct/31/2012 14:24:18
745753,IA.2012.DEM,Democratic nominee to win Iowa,3,63.6,Oct/31/2012 14:24:18
745753,IA.2012.DEM,Democratic nominee to win Iowa,1,66.6,Oct/31/2012 14:43:59
745753,IA.2012.DEM,Democratic nominee to win Iowa,5,66.6,Oct/31/2012 14:43:59
745753,IA.2012.DEM,Democratic nominee to win Iowa,10,67.0,Oct/31/2012 14:44:09
745753,IA.2012.DEM,Democratic nominee to win Iowa,1,66.6,Oct/31/2012 14:44:09
745753,IA.2012.DEM,Democratic nominee to win Iowa,4,67.0,Oct/31/2012 14:44:09
745753,IA.2012.DEM,Democratic nominee to win Iowa,1,66.6,Oct/31/2012 14:54:44
745753,IA.2012.DEM,Democratic nominee to win Iowa,1,66.6,Oct/31/2012 14:55:34
745753,IA.2012.DEM,Democratic nominee to win Iowa,3,66.9,Oct/31/2012 14:55:35
745753,IA.2012.DEM,Democratic nominee to win Iowa,2,66.9,Oct/31/2012 14:55:36
745753,IA.2012.DEM,Democratic nominee to win Iowa,5,66.9,Oct/31/2012 15:49:36
745753,IA.2012.DEM,Democratic nominee to win Iowa,4,66.9,Oct/31/2012 16:14:24
745753,IA.2012.DEM,Democratic nominee to win Iowa,1,68.0,Oct/31/2012 16:14:57
745753,IA.2012.DEM,Democratic nominee to win Iowa,5,68.0,Oct/31/2012 16:14:57
745753,IA.2012.DEM,Democratic nominee to win Iowa,19,67.3,Oct/31/2012 16:53:43
745753,IA.2012.DEM,Democratic nominee to win Iowa,85,66.9,Oct/31/2012 16:54:39
745753,IA.2012.DEM,Democratic nominee to win Iowa,3,66.1,Oct/31/2012 21:27:13
745753,IA.2012.DEM,Democratic nominee to win Iowa,25,66.5,Oct/31/2012 21:30:00
745753,IA.2012.DEM,Democratic nominee to win Iowa,5,66.1,Oct/31/2012 21:30:00
745753,IA.2012.DEM,Democratic nominee to win Iowa,1,66.1,Oct/31/2012 23:25:31
745753,IA.2012.DEM,Democratic nominee to win Iowa,5,66.1,Oct/31/2012 23:25:31
745753,IA.2012.DEM,Democratic nominee to win Iowa,1,65.2,Oct/31/2012 23:31:28
745753,IA.2012.DEM,Democratic nominee to win Iowa,1,66.1,Oct/31/2012 23:31:41
745753,IA.2012.DEM,Democratic nominee to win Iowa,5,65.2,Nov/01/2012 00:44:15
745753,IA.2012.DEM,Democratic nominee to win Iowa,4,65.1,Nov/01/2012 00:44:37
745753,IA.2012.DEM,Democratic nominee to win Iowa,1,66.5,Nov/01/2012 00:48:12
745753,IA.2012.DEM,Democratic nominee to win Iowa,4,66.4,Nov/01/2012 00:50:37
745753,IA.2012.DEM,Democratic nominee to win Iowa,5,66.4,Nov/01/2012 00:50:37
745753,IA.2012.DEM,Democratic nominee to win Iowa,5,66.5,Nov/01/2012 01:15:53
745753,IA.2012.DEM,Democratic nominee to win Iowa,15,66.5,Nov/01/2012 02:56:47
745753,IA.2012.DEM,Democratic nominee to win Iowa,5,66.5,Nov/01/2012 03:07:40
745753,IA.2012.DEM,Democratic nominee to win Iowa,3,66.5,Nov/01/2012 03:10:29
745753,IA.2012.DEM,Democratic nominee to win Iowa,4,66.8,Nov/01/2012 03:25:10
745753,IA.2012.DEM,Democratic nominee to win Iowa,5,66.8,Nov/01/2012 03:25:25
745753,IA.2012.DEM,Democratic nominee to win Iowa,49,66.8,Nov/01/2012 03:30:02
745753,IA.2012.DEM,Democratic nominee to win Iowa,15,66.9,Nov/01/2012 03:30:18
745753,IA.2012.DEM,Democratic nominee to win Iowa,18,67.9,Nov/01/2012 04:36:58
745753,IA.2012.DEM,Democratic nominee to win Iowa,2,67.9,Nov/01/2012 04:36:58
745753,IA.2012.DEM,Democratic nominee to win Iowa,1,65.5,Nov/01/2012 04:37:10
745753,IA.2012.DEM,Democratic nominee to win Iowa,5,67.9,Nov/01/2012 04:45:26
745753,IA.2012.DEM,Democratic nominee to win Iowa,3,68.5,Nov/01/2012 11:38:03
745753,IA.2012.DEM,Democratic nominee to win Iowa,2,65.6,Nov/01/2012 12:01:06
745753,IA.2012.DEM,Democratic nominee to win Iowa,1,65.7,Nov/01/2012 12:01:06
745753,IA.2012.DEM,Democratic nominee to win Iowa,1,68.8,Nov/01/2012 13:10:54
745753,IA.2012.DEM,Democratic nominee to win Iowa,1,68.9,Nov/01/2012 13:10:59
745753,IA.2012.DEM,Democratic nominee to win Iowa,5,66.2,Nov/01/2012 14:31:31
745753,IA.2012.DEM,Democratic nominee to win Iowa,25,66.0,Nov/01/2012 14:31:31
745753,IA.2012.DEM,Democratic nominee to win Iowa,4,66.0,Nov/01/2012 14:31:31
745753,IA.2012.DEM,Democratic nominee to win Iowa,64,67.0,Nov/01/2012 15:25:40
745753,IA.2012.DEM,Democratic nominee to win Iowa,4,67.0,Nov/01/2012 15:25:40
745753,IA.2012.DEM,Democratic nominee to win Iowa,2,67.0,Nov/01/2012 15:36:44
745753,IA.2012.DEM,Democratic nominee to win Iowa,2,67.0,Nov/01/2012 15:37:00
745753,IA.2012.DEM,Democratic nominee to win Iowa,3,67.0,Nov/01/2012 15:59:05
745753,IA.2012.DEM,Democratic nominee to win Iowa,1,69.0,Nov/01/2012 15:59:45
745753,IA.2012.DEM,Democratic nominee to win Iowa,5,69.8,Nov/01/2012 16:31:59
745753,IA.2012.DEM,Democratic nominee to win Iowa,1,70.0,Nov/01/2012 16:32:09
745753,IA.2012.DEM,Democratic nominee to win Iowa,36,70.0,Nov/01/2012 16:32:09
745753,IA.2012.DEM,Democratic nominee to win Iowa,1,69.0,Nov/01/2012 17:01:32
745753,IA.2012.DEM,Democratic nominee to win Iowa,5,70.0,Nov/01/2012 17:01:50
745753,IA.2012.DEM,Democratic nominee to win Iowa,3,69.0,Nov/01/2012 17:38:27
745753,IA.2012.DEM,Democratic nominee to win Iowa,9,70.0,Nov/01/2012 17:42:09
745753,IA.2012.DEM,Democratic nominee to win Iowa,4,70.0,Nov/01/2012 18:34:59
745753,IA.2012.DEM,Democratic nominee to win Iowa,1,75.0,Nov/01/2012 18:55:33
745753,IA.2012.DEM,Democratic nominee to win Iowa,95,82.2,Nov/01/2012 18:55:45
745753,IA.2012.DEM,Democratic nominee to win Iowa,5,82.0,Nov/01/2012 18:55:45
745753,IA.2012.DEM,Democratic nominee to win Iowa,1,70.3,Nov/01/2012 20:00:36
745753,IA.2012.DEM,Democratic nominee to win Iowa,1,70.3,Nov/01/2012 20:03:10
745753,IA.2012.DEM,Democratic nominee to win Iowa,4,70.3,Nov/01/2012 20:03:10
745753,IA.2012.DEM,Democratic nominee to win Iowa,14,70.3,Nov/01/2012 21:18:12
745753,IA.2012.DEM,Democratic nominee to win Iowa,5,70.3,Nov/01/2012 21:18:12
745753,IA.2012.DEM,Democratic nominee to win Iowa,1,70.0,Nov/01/2012 21:44:28
745753,IA.2012.DEM,Democratic nominee to win Iowa,1,70.0,Nov/01/2012 21:44:37
745753,IA.2012.DEM,Democratic nominee to win Iowa,1,67.0,Nov/01/2012 21:44:37
745753,IA.2012.DEM,Democratic nominee to win Iowa,1,70.0,Nov/01/2012 21:44:37
745753,IA.2012.DEM,Democratic nominee to win Iowa,1,68.5,Nov/01/2012 21:44:37
745753,IA.2012.DEM,Democratic nominee to win Iowa,1,67.1,Nov/01/2012 21:44:37
745753,IA.2012.DEM,Democratic nominee to win Iowa,1,67.0,Nov/01/2012 21:46:34
745753,IA.2012.DEM,Democratic nominee to win Iowa,5,73.1,Nov/01/2012 22:50:07
745753,IA.2012.DEM,Democratic nominee to win Iowa,1,73.1,Nov/01/2012 22:50:07
745753,IA.2012.DEM,Democratic nominee to win Iowa,5,73.1,Nov/01/2012 22:50:07
745753,IA.2012.DEM,Democratic nominee to win Iowa,4,70.2,Nov/01/2012 23:37:10
745753,IA.2012.DEM,Democratic nominee to win Iowa,4,74.9,Nov/01/2012 23:41:23
745753,IA.2012.DEM,Democratic nominee to win Iowa,3,75.0,Nov/01/2012 23:41:33
745753,IA.2012.DEM,Democratic nominee to win Iowa,20,81.8,Nov/01/2012 23:46:40
745753,IA.2012.DEM,Democratic nominee to win Iowa,1,73.6,Nov/02/2012 00:57:16
745753,IA.2012.DEM,Democratic nominee to win Iowa,1,70.0,Nov/02/2012 01:27:36
745753,IA.2012.DEM,Democratic nominee to win Iowa,3,70.1,Nov/02/2012 01:27:36
745753,IA.2012.DEM,Democratic nominee to win Iowa,2,70.2,Nov/02/2012 01:27:36
745753,IA.2012.DEM,Democratic nominee to win Iowa,1,70.0,Nov/02/2012 01:27:59
745753,IA.2012.DEM,Democratic nominee to win Iowa,1,77.9,Nov/02/2012 02:06:18
745753,IA.2012.DEM,Democratic nominee to win Iowa,1,77.9,Nov/02/2012 02:06:18
745753,IA.2012.DEM,Democratic nominee to win Iowa,1,78.0,Nov/02/2012 02:07:24
745753,IA.2012.DEM,Democratic nominee to win Iowa,1,70.1,Nov/02/2012 02:21:58
745753,IA.2012.DEM,Democratic nominee to win Iowa,1,70.1,Nov/02/2012 02:22:07
745753,IA.2012.DEM,Democratic nominee to win Iowa,1,68.1,Nov/02/2012 02:22:22
745753,IA.2012.DEM,Democratic nominee to win Iowa,2,78.0,Nov/02/2012 02:36:11
745753,IA.2012.DEM,Democratic nominee to win Iowa,1,78.0,Nov/02/2012 02:36:11
745753,IA.2012.DEM,Democratic nominee to win Iowa,1,78.0,Nov/02/2012 02:36:17
745753,IA.2012.DEM,Democratic nominee to win Iowa,1,78.0,Nov/02/2012 02:36:24
745753,IA.2012.DEM,Democratic nominee to win Iowa,5,78.1,Nov/02/2012 02:36:30
745753,IA.2012.DEM,Democratic nominee to win Iowa,8,77.5,Nov/02/2012 03:17:09
745753,IA.2012.DEM,Democratic nominee to win Iowa,4,77.0,Nov/02/2012 03:17:09
745753,IA.2012.DEM,Democratic nominee to win Iowa,1,77.1,Nov/02/2012 03:17:09
745753,IA.2012.DEM,Democratic nominee to win Iowa,1,75.1,Nov/02/2012 04:20:57
745753,IA.2012.DEM,Democratic nominee to win Iowa,1,68.0,Nov/02/2012 05:38:09
745753,IA.2012.DEM,Democratic nominee to win Iowa,1,67.4,Nov/02/2012 05:38:27
745753,IA.2012.DEM,Democratic nominee to win Iowa,3,68.0,Nov/02/2012 05:38:27
745753,IA.2012.DEM,Democratic nominee to win Iowa,1,70.1,Nov/02/2012 06:22:47
745753,IA.2012.DEM,Democratic nominee to win Iowa,1,68.1,Nov/02/2012 10:46:39
745753,IA.2012.DEM,Democratic nominee to win Iowa,1,68.1,Nov/02/2012 12:15:26
745753,IA.2012.DEM,Democratic nominee to win Iowa,4,69.9,Nov/02/2012 12:34:11
745753,IA.2012.DEM,Democratic nominee to win Iowa,1,68.1,Nov/02/2012 13:18:05
745753,IA.2012.DEM,Democratic nominee to win Iowa,1,70.1,Nov/02/2012 13:32:15
745753,IA.2012.DEM,Democratic nominee to win Iowa,1,70.1,Nov/02/2012 13:32:33
745753,IA.2012.DEM,Democratic nominee to win Iowa,1,70.1,Nov/02/2012 13:32:46
745753,IA.2012.DEM,Democratic nominee to win Iowa,1,70.1,Nov/02/2012 13:32:59
745753,IA.2012.DEM,Democratic nominee to win Iowa,1,70.1,Nov/02/2012 13:33:08
745753,IA.2012.DEM,Democratic nominee to win Iowa,1,70.1,Nov/02/2012 13:33:47
745753,IA.2012.DEM,Democratic nominee to win Iowa,1,70.1,Nov/02/2012 13:33:55
745753,IA.2012.DEM,Democratic nominee to win Iowa,1,70.9,Nov/02/2012 13:34:12
745753,IA.2012.DEM,Democratic nominee to win Iowa,1,70.1,Nov/02/2012 13:34:12
745753,IA.2012.DEM,Democratic nominee to win Iowa,1,70.1,Nov/02/2012 13:48:48
745753,IA.2012.DEM,Democratic nominee to win Iowa,4,70.9,Nov/02/2012 13:49:08
745753,IA.2012.DEM,Democratic nominee to win Iowa,1,71.1,Nov/02/2012 13:49:17
745753,IA.2012.DEM,Democratic nominee to win Iowa,5,71.1,Nov/02/2012 13:49:17
745753,IA.2012.DEM,Democratic nominee to win Iowa,1,71.1,Nov/02/2012 13:49:25
745753,IA.2012.DEM,Democratic nominee to win Iowa,1,71.1,Nov/02/2012 13:49:34
745753,IA.2012.DEM,Democratic nominee to win Iowa,1,71.1,Nov/02/2012 13:49:41
745753,IA.2012.DEM,Democratic nominee to win Iowa,1,71.1,Nov/02/2012 13:49:47
745753,IA.2012.DEM,Democratic nominee to win Iowa,1,68.7,Nov/02/2012 14:43:35
745753,IA.2012.DEM,Democratic nominee to win Iowa,1,69.0,Nov/02/2012 15:07:25
745753,IA.2012.DEM,Democratic nominee to win Iowa,1,67.7,Nov/02/2012 15:19:35
745753,IA.2012.DEM,Democratic nominee to win Iowa,2,67.7,Nov/02/2012 15:19:52
745753,IA.2012.DEM,Democratic nominee to win Iowa,3,67.7,Nov/02/2012 15:19:52
745753,IA.2012.DEM,Democratic nominee to win Iowa,1,67.7,Nov/02/2012 15:20:07
745753,IA.2012.DEM,Democratic nominee to win Iowa,3,67.7,Nov/02/2012 15:20:08
745753,IA.2012.DEM,Democratic nominee to win Iowa,5,67.7,Nov/02/2012 15:20:41
745753,IA.2012.DEM,Democratic nominee to win Iowa,1,67.7,Nov/02/2012 15:20:41
745753,IA.2012.DEM,Democratic nominee to win Iowa,1,67.7,Nov/02/2012 15:21:27
745753,IA.2012.DEM,Democratic nominee to win Iowa,5,67.7,Nov/02/2012 15:21:28
745753,IA.2012.DEM,Democratic nominee to win Iowa,5,67.8,Nov/02/2012 15:24:48
745753,IA.2012.DEM,Democratic nominee to win Iowa,1,67.8,Nov/02/2012 15:24:48
745753,IA.2012.DEM,Democratic nominee to win Iowa,1,71.8,Nov/02/2012 15:25:19
745753,IA.2012.DEM,Democratic nominee to win Iowa,1,72.1,Nov/02/2012 15:25:30
745753,IA.2012.DEM,Democratic nominee to win Iowa,5,72.1,Nov/02/2012 15:25:30
745753,IA.2012.DEM,Democratic nominee to win Iowa,2,72.5,Nov/02/2012 15:25:38
745753,IA.2012.DEM,Democratic nominee to win Iowa,1,72.1,Nov/02/2012 15:25:38
745753,IA.2012.DEM,Democratic nominee to win Iowa,1,72.5,Nov/02/2012 15:25:47
745753,IA.2012.DEM,Democratic nominee to win Iowa,3,72.6,Nov/02/2012 15:25:47
745753,IA.2012.DEM,Democratic nominee to win Iowa,1,72.1,Nov/02/2012 15:25:47
745753,IA.2012.DEM,Democratic nominee to win Iowa,1,72.1,Nov/02/2012 15:25:57
745753,IA.2012.DEM,Democratic nominee to win Iowa,4,72.6,Nov/02/2012 15:25:57
745753,IA.2012.DEM,Democratic nominee to win Iowa,4,72.5,Nov/02/2012 15:41:34
745753,IA.2012.DEM,Democratic nominee to win Iowa,1,72.5,Nov/02/2012 15:42:01
745753,IA.2012.DEM,Democratic nominee to win Iowa,1,68.0,Nov/02/2012 15:46:02
745753,IA.2012.DEM,Democratic nominee to win Iowa,1,68.0,Nov/02/2012 15:46:37
745753,IA.2012.DEM,Democratic nominee to win Iowa,1,68.0,Nov/02/2012 15:46:45
745753,IA.2012.DEM,Democratic nominee to win Iowa,1,68.0,Nov/02/2012 15:51:00
745753,IA.2012.DEM,Democratic nominee to win Iowa,1,68.0,Nov/02/2012 15:51:09
745753,IA.2012.DEM,Democratic nominee to win Iowa,1,68.0,Nov/02/2012 15:51:18
745753,IA.2012.DEM,Democratic nominee to win Iowa,1,68.0,Nov/02/2012 15:51:44
745753,IA.2012.DEM,Democratic nominee to win Iowa,1,68.0,Nov/02/2012 15:51:59
745753,IA.2012.DEM,Democratic nominee to win Iowa,1,67.8,Nov/02/2012 15:59:29
745753,IA.2012.DEM,Democratic nominee to win Iowa,4,67.8,Nov/02/2012 15:59:29
745753,IA.2012.DEM,Democratic nominee to win Iowa,1,67.8,Nov/02/2012 15:59:29
745753,IA.2012.DEM,Democratic nominee to win Iowa,1,67.8,Nov/02/2012 16:05:10
745753,IA.2012.DEM,Democratic nominee to win Iowa,1,67.8,Nov/02/2012 16:06:51
745753,IA.2012.DEM,Democratic nominee to win Iowa,1,67.8,Nov/02/2012 16:07:16
745753,IA.2012.DEM,Democratic nominee to win Iowa,3,67.7,Nov/02/2012 16:07:17
745753,IA.2012.DEM,Democratic nominee to win Iowa,1,67.8,Nov/02/2012 16:07:17
745753,IA.2012.DEM,Democratic nominee to win Iowa,4,68.0,Nov/02/2012 17:33:07
745753,IA.2012.DEM,Democratic nominee to win Iowa,5,68.0,Nov/02/2012 17:47:16
745753,IA.2012.DEM,Democratic nominee to win Iowa,11,67.9,Nov/02/2012 17:49:36
745753,IA.2012.DEM,Democratic nominee to win Iowa,1,70.0,Nov/02/2012 19:34:03
745753,IA.2012.DEM,Democratic nominee to win Iowa,1,68.1,Nov/02/2012 19:34:59
745753,IA.2012.DEM,Democratic nominee to win Iowa,1,70.1,Nov/02/2012 19:34:59
745753,IA.2012.DEM,Democratic nominee to win Iowa,1,70.1,Nov/02/2012 19:35:03
745753,IA.2012.DEM,Democratic nominee to win Iowa,1,68.1,Nov/02/2012 19:35:10
745753,IA.2012.DEM,Democratic nominee to win Iowa,1,70.1,Nov/02/2012 19:35:34
745753,IA.2012.DEM,Democratic nominee to win Iowa,1,70.1,Nov/02/2012 19:36:49
745753,IA.2012.DEM,Democratic nominee to win Iowa,1,68.1,Nov/02/2012 19:37:03
745753,IA.2012.DEM,Democratic nominee to win Iowa,1,68.2,Nov/02/2012 20:22:47
745753,IA.2012.DEM,Democratic nominee to win Iowa,3,68.1,Nov/02/2012 20:22:47
745753,IA.2012.DEM,Democratic nominee to win Iowa,2,68.2,Nov/02/2012 20:22:47
745753,IA.2012.DEM,Democratic nominee to win Iowa,1,68.1,Nov/02/2012 20:55:25
745753,IA.2012.DEM,Democratic nominee to win Iowa,10,68.1,Nov/02/2012 21:08:30
745753,IA.2012.DEM,Democratic nominee to win Iowa,5,68.6,Nov/02/2012 21:13:28
745753,IA.2012.DEM,Democratic nominee to win Iowa,4,71.5,Nov/02/2012 23:03:35
745753,IA.2012.DEM,Democratic nominee to win Iowa,1,71.5,Nov/02/2012 23:03:57
745753,IA.2012.DEM,Democratic nominee to win Iowa,5,71.5,Nov/02/2012 23:04:10
745753,IA.2012.DEM,Democratic nominee to win Iowa,1,71.5,Nov/02/2012 23:04:18
745753,IA.2012.DEM,Democratic nominee to win Iowa,1,71.5,Nov/02/2012 23:04:23
745753,IA.2012.DEM,Democratic nominee to win Iowa,1,71.5,Nov/02/2012 23:15:40
745753,IA.2012.DEM,Democratic nominee to win Iowa,1,71.5,Nov/02/2012 23:15:42
745753,IA.2012.DEM,Democratic nominee to win Iowa,1,71.5,Nov/02/2012 23:15:42
745753,IA.2012.DEM,Democratic nominee to win Iowa,1,69.3,Nov/03/2012 00:20:00
745753,IA.2012.DEM,Democratic nominee to win Iowa,5,69.3,Nov/03/2012 00:20:21
745753,IA.2012.DEM,Democratic nominee to win Iowa,1,69.3,Nov/03/2012 00:20:21
745753,IA.2012.DEM,Democratic nominee to win Iowa,1,69.3,Nov/03/2012 02:05:05
745753,IA.2012.DEM,Democratic nominee to win Iowa,5,69.3,Nov/03/2012 02:05:05
745753,IA.2012.DEM,Democratic nominee to win Iowa,1,69.3,Nov/03/2012 02:30:54
745753,IA.2012.DEM,Democratic nominee to win Iowa,1,69.3,Nov/03/2012 02:30:54
745753,IA.2012.DEM,Democratic nominee to win Iowa,1,69.3,Nov/03/2012 02:32:19
745753,IA.2012.DEM,Democratic nominee to win Iowa,3,69.3,Nov/03/2012 02:32:19
745753,IA.2012.DEM,Democratic nominee to win Iowa,1,69.3,Nov/03/2012 02:38:05
745753,IA.2012.DEM,Democratic nominee to win Iowa,5,69.3,Nov/03/2012 02:38:06
745753,IA.2012.DEM,Democratic nominee to win Iowa,6,69.0,Nov/03/2012 03:40:52
745753,IA.2012.DEM,Democratic nominee to win Iowa,15,69.3,Nov/03/2012 03:40:52
745753,IA.2012.DEM,Democratic nominee to win Iowa,1,69.0,Nov/03/2012 04:06:33
745753,IA.2012.DEM,Democratic nominee to win Iowa,3,69.0,Nov/03/2012 04:06:33
745753,IA.2012.DEM,Democratic nominee to win Iowa,1,70.0,Nov/03/2012 09:36:14
745753,IA.2012.DEM,Democratic nominee to win Iowa,3,69.0,Nov/03/2012 13:27:02
745753,IA.2012.DEM,Democratic nominee to win Iowa,2,69.5,Nov/03/2012 13:27:02
745753,IA.2012.DEM,Democratic nominee to win Iowa,1,70.6,Nov/03/2012 13:45:15
745753,IA.2012.DEM,Democratic nominee to win Iowa,1,70.6,Nov/03/2012 13:45:23
745753,IA.2012.DEM,Democratic nominee to win Iowa,1,70.6,Nov/03/2012 13:45:29
745753,IA.2012.DEM,Democratic nominee to win Iowa,1,70.6,Nov/03/2012 13:45:42
745753,IA.2012.DEM,Democratic nominee to win Iowa,1,70.6,Nov/03/2012 13:45:44
745753,IA.2012.DEM,Democratic nominee to win Iowa,1,70.6,Nov/03/2012 13:45:46
745753,IA.2012.DEM,Democratic nominee to win Iowa,1,70.6,Nov/03/2012 13:45:47
745753,IA.2012.DEM,Democratic nominee to win Iowa,3,71.3,Nov/03/2012 13:46:50
745753,IA.2012.DEM,Democratic nominee to win Iowa,1,70.6,Nov/03/2012 17:00:51
745753,IA.2012.DEM,Democratic nominee to win Iowa,1,70.6,Nov/03/2012 17:51:35
745753,IA.2012.DEM,Democratic nominee to win Iowa,5,70.6,Nov/03/2012 17:51:35
745753,IA.2012.DEM,Democratic nominee to win Iowa,2,71.0,Nov/03/2012 17:51:36
745753,IA.2012.DEM,Democratic nominee to win Iowa,2,71.0,Nov/03/2012 17:51:37
745753,IA.2012.DEM,Democratic nominee to win Iowa,2,71.0,Nov/03/2012 17:51:38
745753,IA.2012.DEM,Democratic nominee to win Iowa,1,71.0,Nov/03/2012 17:51:39
745753,IA.2012.DEM,Democratic nominee to win Iowa,1,71.0,Nov/03/2012 17:51:41
745753,IA.2012.DEM,Democratic nominee to win Iowa,1,71.0,Nov/03/2012 17:51:42
745753,IA.2012.DEM,Democratic nominee to win Iowa,1,71.0,Nov/03/2012 17:51:43
745753,IA.2012.DEM,Democratic nominee to win Iowa,1,71.0,Nov/03/2012 17:51:44
745753,IA.2012.DEM,Democratic nominee to win Iowa,1,71.0,Nov/03/2012 17:51:45
745753,IA.2012.DEM,Democratic nominee to win Iowa,1,71.0,Nov/03/2012 17:51:46
745753,IA.2012.DEM,Democratic nominee to win Iowa,1,71.0,Nov/03/2012 17:51:47
745753,IA.2012.DEM,Democratic nominee to win Iowa,1,71.0,Nov/03/2012 17:51:48
745753,IA.2012.DEM,Democratic nominee to win Iowa,1,71.0,Nov/03/2012 17:51:49
745753,IA.2012.DEM,Democratic nominee to win Iowa,3,71.3,Nov/03/2012 17:54:21
745753,IA.2012.DEM,Democratic nominee to win Iowa,3,71.2,Nov/03/2012 17:54:21
745753,IA.2012.DEM,Democratic nominee to win Iowa,3,71.3,Nov/03/2012 17:54:21
745753,IA.2012.DEM,Democratic nominee to win Iowa,61,71.1,Nov/03/2012 17:54:21
745753,IA.2012.DEM,Democratic nominee to win Iowa,1,71.3,Nov/03/2012 17:54:21
745753,IA.2012.DEM,Democratic nominee to win Iowa,5,71.5,Nov/03/2012 17:54:21
745753,IA.2012.DEM,Democratic nominee to win Iowa,1,71.5,Nov/03/2012 17:54:22
745753,IA.2012.DEM,Democratic nominee to win Iowa,2,71.5,Nov/03/2012 17:54:24
745753,IA.2012.DEM,Democratic nominee to win Iowa,2,71.5,Nov/03/2012 17:54:25
745753,IA.2012.DEM,Democratic nominee to win Iowa,1,71.5,Nov/03/2012 17:54:26
745753,IA.2012.DEM,Democratic nominee to win Iowa,1,71.5,Nov/03/2012 17:54:27
745753,IA.2012.DEM,Democratic nominee to win Iowa,1,71.5,Nov/03/2012 17:54:28
745753,IA.2012.DEM,Democratic nominee to win Iowa,1,71.5,Nov/03/2012 17:54:29
745753,IA.2012.DEM,Democratic nominee to win Iowa,1,71.5,Nov/03/2012 17:54:30
745753,IA.2012.DEM,Democratic nominee to win Iowa,1,71.5,Nov/03/2012 17:54:31
745753,IA.2012.DEM,Democratic nominee to win Iowa,1,71.5,Nov/03/2012 17:54:32
745753,IA.2012.DEM,Democratic nominee to win Iowa,1,71.5,Nov/03/2012 17:54:34
745753,IA.2012.DEM,Democratic nominee to win Iowa,1,71.5,Nov/03/2012 17:54:35
745753,IA.2012.DEM,Democratic nominee to win Iowa,1,71.7,Nov/03/2012 17:54:53
745753,IA.2012.DEM,Democratic nominee to win Iowa,5,71.7,Nov/03/2012 17:54:53
745753,IA.2012.DEM,Democratic nominee to win Iowa,5,71.9,Nov/03/2012 17:56:49
745753,IA.2012.DEM,Democratic nominee to win Iowa,90,71.8,Nov/03/2012 17:56:49
745753,IA.2012.DEM,Democratic nominee to win Iowa,1,72.0,Nov/03/2012 17:56:49
745753,IA.2012.DEM,Democratic nominee to win Iowa,1,72.0,Nov/03/2012 17:56:51
745753,IA.2012.DEM,Democratic nominee to win Iowa,1,72.0,Nov/03/2012 17:56:53
745753,IA.2012.DEM,Democratic nominee to win Iowa,7,72.6,Nov/03/2012 18:08:22
745753,IA.2012.DEM,Democratic nominee to win Iowa,5,72.6,Nov/03/2012 18:08:22
745753,IA.2012.DEM,Democratic nominee to win Iowa,1,73.0,Nov/03/2012 18:08:23
745753,IA.2012.DEM,Democratic nominee to win Iowa,1,73.0,Nov/03/2012 18:08:24
745753,IA.2012.DEM,Democratic nominee to win Iowa,1,73.0,Nov/03/2012 18:08:25
745753,IA.2012.DEM,Democratic nominee to win Iowa,1,73.0,Nov/03/2012 18:08:26
745753,IA.2012.DEM,Democratic nominee to win Iowa,1,73.0,Nov/03/2012 18:08:27
745753,IA.2012.DEM,Democratic nominee to win Iowa,1,73.0,Nov/03/2012 18:08:28
745753,IA.2012.DEM,Democratic nominee to win Iowa,1,73.0,Nov/03/2012 18:08:30
745753,IA.2012.DEM,Democratic nominee to win Iowa,1,72.0,Nov/03/2012 19:17:50
745753,IA.2012.DEM,Democratic nominee to win Iowa,4,72.0,Nov/03/2012 19:17:51
745753,IA.2012.DEM,Democratic nominee to win Iowa,1,71.9,Nov/03/2012 20:08:21
745753,IA.2012.DEM,Democratic nominee to win Iowa,1,71.9,Nov/03/2012 20:08:21
745753,IA.2012.DEM,Democratic nominee to win Iowa,3,71.9,Nov/03/2012 20:08:41
745753,IA.2012.DEM,Democratic nominee to win Iowa,3,71.5,Nov/03/2012 20:08:41
745753,IA.2012.DEM,Democratic nominee to win Iowa,1,69.1,Nov/03/2012 20:08:41
745753,IA.2012.DEM,Democratic nominee to win Iowa,4,69.1,Nov/03/2012 20:59:55
745753,IA.2012.DEM,Democratic nominee to win Iowa,6,69.0,Nov/03/2012 21:00:09
745753,IA.2012.DEM,Democratic nominee to win Iowa,1,69.0,Nov/03/2012 21:02:32
745753,IA.2012.DEM,Democratic nominee to win Iowa,1,71.0,Nov/03/2012 21:56:57
745753,IA.2012.DEM,Democratic nominee to win Iowa,1,71.0,Nov/03/2012 21:57:05
745753,IA.2012.DEM,Democratic nominee to win Iowa,1,69.0,Nov/04/2012 00:14:32
745753,IA.2012.DEM,Democratic nominee to win Iowa,1,69.0,Nov/04/2012 00:14:51
745753,IA.2012.DEM,Democratic nominee to win Iowa,1,69.0,Nov/04/2012 00:15:01
745753,IA.2012.DEM,Democratic nominee to win Iowa,1,72.1,Nov/04/2012 00:25:24
745753,IA.2012.DEM,Democratic nominee to win Iowa,1,72.1,Nov/04/2012 00:26:35
745753,IA.2012.DEM,Democratic nominee to win Iowa,1,69.0,Nov/04/2012 00:43:27
745753,IA.2012.DEM,Democratic nominee to win Iowa,1,69.0,Nov/04/2012 00:43:42
745753,IA.2012.DEM,Democratic nominee to win Iowa,1,69.0,Nov/04/2012 00:49:14
745753,IA.2012.DEM,Democratic nominee to win Iowa,1,68.1,Nov/04/2012 00:50:09
745753,IA.2012.DEM,Democratic nominee to win Iowa,1,68.1,Nov/04/2012 00:50:22
745753,IA.2012.DEM,Democratic nominee to win Iowa,4,68.1,Nov/04/2012 00:50:23
745753,IA.2012.DEM,Democratic nominee to win Iowa,1,68.1,Nov/04/2012 00:50:37
745753,IA.2012.DEM,Democratic nominee to win Iowa,3,67.7,Nov/04/2012 00:50:38
745753,IA.2012.DEM,Democratic nominee to win Iowa,1,68.1,Nov/04/2012 00:50:38
745753,IA.2012.DEM,Democratic nominee to win Iowa,5,67.7,Nov/04/2012 00:50:56
745753,IA.2012.DEM,Democratic nominee to win Iowa,1,67.7,Nov/04/2012 00:51:04
745753,IA.2012.DEM,Democratic nominee to win Iowa,1,67.7,Nov/04/2012 00:51:17
745753,IA.2012.DEM,Democratic nominee to win Iowa,4,67.7,Nov/04/2012 00:51:17
745753,IA.2012.DEM,Democratic nominee to win Iowa,5,67.7,Nov/04/2012 00:51:31
745753,IA.2012.DEM,Democratic nominee to win Iowa,1,67.7,Nov/04/2012 00:51:31
745753,IA.2012.DEM,Democratic nominee to win Iowa,1,67.7,Nov/04/2012 00:51:44
745753,IA.2012.DEM,Democratic nominee to win Iowa,1,67.7,Nov/04/2012 00:51:53
745753,IA.2012.DEM,Democratic nominee to win Iowa,1,67.7,Nov/04/2012 00:52:03
745753,IA.2012.DEM,Democratic nominee to win Iowa,1,67.7,Nov/04/2012 00:52:11
745753,IA.2012.DEM,Democratic nominee to win Iowa,1,67.7,Nov/04/2012 00:52:20
745753,IA.2012.DEM,Democratic nominee to win Iowa,5,72.1,Nov/04/2012 03:15:24
745753,IA.2012.DEM,Democratic nominee to win Iowa,1,72.2,Nov/04/2012 03:15:31
745753,IA.2012.DEM,Democratic nominee to win Iowa,1,66.1,Nov/04/2012 04:45:42
745753,IA.2012.DEM,Democratic nominee to win Iowa,4,70.9,Nov/04/2012 08:22:50
745753,IA.2012.DEM,Democratic nominee to win Iowa,5,71.9,Nov/04/2012 08:22:56
745753,IA.2012.DEM,Democratic nominee to win Iowa,1,69.5,Nov/04/2012 14:48:33
745753,IA.2012.DEM,Democratic nominee to win Iowa,2,69.5,Nov/04/2012 14:48:33
745753,IA.2012.DEM,Democratic nominee to win Iowa,1,74.2,Nov/04/2012 15:44:33
745753,IA.2012.DEM,Democratic nominee to win Iowa,1,74.2,Nov/04/2012 15:44:35
