market id,market symbol,market name,trade quantity,trade price,date/time [utc]
745754,IA.2012.REP,Republican nominee to win Iowa,1,48.0,Feb/20/2012 18:37:14
745754,IA.2012.REP,Republican nominee to win Iowa,2,47.9,Apr/30/2012 04:21:32
745754,IA.2012.REP,Republican nominee to win Iowa,3,45.0,May/09/2012 23:21:37
745754,IA.2012.REP,Republican nominee to win Iowa,1,45.0,May/13/2012 11:07:17
745754,IA.2012.REP,Republican nominee to win Iowa,5,44.0,Jun/01/2012 17:25:03
745754,IA.2012.REP,Republican nominee to win Iowa,1,52.0,Jun/09/2012 11:19:31
745754,IA.2012.REP,Republican nominee to win Iowa,20,35.0,Jun/10/2012 19:11:19
745754,IA.2012.REP,Republican nominee to win Iowa,3,35.1,Jun/23/2012 16:54:34
745754,IA.2012.REP,Republican nominee to win Iowa,3,35.1,Jun/24/2012 02:21:56
745754,IA.2012.REP,Republican nominee to win Iowa,3,41.0,Jun/30/2012 22:51:51
745754,IA.2012.REP,Republican nominee to win Iowa,2,36.1,Jul/07/2012 18:53:14
745754,IA.2012.REP,Republican nominee to win Iowa,2,41.0,Jul/13/2012 13:02:43
745754,IA.2012.REP,Republican nominee to win Iowa,1,44.9,Jul/16/2012 12:50:34
745754,IA.2012.REP,Republican nominee to win Iowa,1,44.9,Jul/16/2012 12:50:34
745754,IA.2012.REP,Republican nominee to win Iowa,2,47.5,Jul/22/2012 02:23:19
745754,IA.2012.REP,Republican nominee to win Iowa,1,47.5,Jul/22/2012 02:23:19
745754,IA.2012.REP,Republican nominee to win Iowa,2,47.5,Jul/22/2012 02:23:19
745754,IA.2012.REP,Republican nominee to win Iowa,10,50.0,Jul/22/2012 02:24:52
745754,IA.2012.REP,Republican nominee to win Iowa,1,50.0,Jul/24/2012 01:32:29
745754,IA.2012.REP,Republican nominee to win Iowa,1,50.0,Jul/24/2012 01:35:56
745754,IA.2012.REP,Republican nominee to win Iowa,1,45.0,Jul/25/2012 16:17:13
745754,IA.2012.REP,Republican nominee to win Iowa,1,45.0,Jul/25/2012 16:20:40
745754,IA.2012.REP,Republican nominee to win Iowa,10,48.0,Jul/26/2012 02:23:18
745754,IA.2012.REP,Republican nominee to win Iowa,1,48.0,Jul/26/2012 02:23:18
745754,IA.2012.REP,Republican nominee to win Iowa,5,48.0,Jul/27/2012 00:38:17
745754,IA.2012.REP,Republican nominee to win Iowa,15,45.0,Jul/27/2012 00:38:45
745754,IA.2012.REP,Republican nominee to win Iowa,20,45.0,Jul/28/2012 14:05:59
745754,IA.2012.REP,Republican nominee to win Iowa,2,45.0,Jul/31/2012 01:11:03
745754,IA.2012.REP,Republican nominee to win Iowa,2,47.0,Aug/10/2012 17:16:02
745754,IA.2012.REP,Republican nominee to win Iowa,1,47.0,Aug/10/2012 17:16:02
745754,IA.2012.REP,Republican nominee to win Iowa,6,49.5,Aug/10/2012 17:16:20
745754,IA.2012.REP,Republican nominee to win Iowa,6,49.5,Aug/10/2012 17:16:20
745754,IA.2012.REP,Republican nominee to win Iowa,6,49.3,Aug/11/2012 08:49:35
745754,IA.2012.REP,Republican nominee to win Iowa,11,49.3,Aug/11/2012 21:52:24
745754,IA.2012.REP,Republican nominee to win Iowa,6,49.3,Aug/11/2012 21:52:24
745754,IA.2012.REP,Republican nominee to win Iowa,1,49.3,Aug/11/2012 21:52:24
745754,IA.2012.REP,Republican nominee to win Iowa,3,45.0,Aug/12/2012 07:43:48
745754,IA.2012.REP,Republican nominee to win Iowa,3,45.0,Aug/12/2012 07:45:20
745754,IA.2012.REP,Republican nominee to win Iowa,2,51.0,Aug/13/2012 19:29:22
745754,IA.2012.REP,Republican nominee to win Iowa,1,40.0,Aug/13/2012 19:37:54
745754,IA.2012.REP,Republican nominee to win Iowa,2,49.9,Aug/13/2012 19:40:58
745754,IA.2012.REP,Republican nominee to win Iowa,15,45.0,Aug/19/2012 00:31:05
745754,IA.2012.REP,Republican nominee to win Iowa,2,48.0,Aug/19/2012 01:07:33
745754,IA.2012.REP,Republican nominee to win Iowa,1,48.0,Aug/19/2012 01:07:33
745754,IA.2012.REP,Republican nominee to win Iowa,11,42.0,Aug/19/2012 08:16:36
745754,IA.2012.REP,Republican nominee to win Iowa,1,49.9,Aug/19/2012 12:45:24
745754,IA.2012.REP,Republican nominee to win Iowa,1,49.9,Aug/26/2012 03:19:31
745754,IA.2012.REP,Republican nominee to win Iowa,1,49.9,Aug/26/2012 03:19:31
745754,IA.2012.REP,Republican nominee to win Iowa,5,50.0,Aug/27/2012 15:12:29
745754,IA.2012.REP,Republican nominee to win Iowa,5,50.0,Aug/27/2012 15:12:29
745754,IA.2012.REP,Republican nominee to win Iowa,2,50.0,Aug/27/2012 15:12:29
745754,IA.2012.REP,Republican nominee to win Iowa,3,51.9,Aug/27/2012 15:15:15
745754,IA.2012.REP,Republican nominee to win Iowa,3,51.9,Aug/27/2012 15:15:15
745754,IA.2012.REP,Republican nominee to win Iowa,1,58.8,Aug/27/2012 21:23:56
745754,IA.2012.REP,Republican nominee to win Iowa,3,58.5,Aug/29/2012 10:34:31
745754,IA.2012.REP,Republican nominee to win Iowa,2,48.0,Aug/31/2012 15:04:09
745754,IA.2012.REP,Republican nominee to win Iowa,1,48.0,Aug/31/2012 15:04:09
745754,IA.2012.REP,Republican nominee to win Iowa,5,50.0,Sep/01/2012 10:45:58
745754,IA.2012.REP,Republican nominee to win Iowa,2,50.0,Sep/01/2012 10:45:58
745754,IA.2012.REP,Republican nominee to win Iowa,1,45.1,Sep/01/2012 14:57:24
745754,IA.2012.REP,Republican nominee to win Iowa,2,50.0,Sep/01/2012 17:51:41
745754,IA.2012.REP,Republican nominee to win Iowa,2,50.0,Sep/01/2012 17:51:41
745754,IA.2012.REP,Republican nominee to win Iowa,5,48.0,Sep/02/2012 06:18:27
745754,IA.2012.REP,Republican nominee to win Iowa,3,50.0,Sep/02/2012 08:08:54
745754,IA.2012.REP,Republican nominee to win Iowa,4,50.0,Sep/02/2012 08:08:54
745754,IA.2012.REP,Republican nominee to win Iowa,2,50.0,Sep/02/2012 08:08:54
745754,IA.2012.REP,Republican nominee to win Iowa,5,50.0,Sep/02/2012 08:08:54
745754,IA.2012.REP,Republican nominee to win Iowa,10,48.1,Sep/03/2012 04:38:03
745754,IA.2012.REP,Republican nominee to win Iowa,5,48.1,Sep/03/2012 04:38:03
745754,IA.2012.REP,Republican nominee to win Iowa,24,48.0,Sep/03/2012 04:38:21
745754,IA.2012.REP,Republican nominee to win Iowa,2,38.0,Sep/03/2012 14:30:36
745754,IA.2012.REP,Republican nominee to win Iowa,1,48.0,Sep/03/2012 14:30:36
745754,IA.2012.REP,Republican nominee to win Iowa,3,46.0,Sep/05/2012 11:40:12
745754,IA.2012.REP,Republican nominee to win Iowa,1,35.1,Sep/05/2012 14:56:32
745754,IA.2012.REP,Republican nominee to win Iowa,15,38.0,Sep/05/2012 18:43:29
745754,IA.2012.REP,Republican nominee to win Iowa,1,49.9,Sep/08/2012 11:18:34
745754,IA.2012.REP,Republican nominee to win Iowa,3,45.0,Sep/09/2012 01:57:17
745754,IA.2012.REP,Republican nominee to win Iowa,1,45.9,Sep/10/2012 19:31:32
745754,IA.2012.REP,Republican nominee to win Iowa,1,45.9,Sep/10/2012 19:42:29
745754,IA.2012.REP,Republican nominee to win Iowa,5,42.0,Sep/11/2012 16:50:25
745754,IA.2012.REP,Republican nominee to win Iowa,5,42.0,Sep/11/2012 16:50:54
745754,IA.2012.REP,Republican nominee to win Iowa,1,41.1,Sep/13/2012 03:00:48
745754,IA.2012.REP,Republican nominee to win Iowa,3,41.1,Sep/13/2012 03:01:35
745754,IA.2012.REP,Republican nominee to win Iowa,3,42.9,Sep/13/2012 04:54:13
745754,IA.2012.REP,Republican nominee to win Iowa,2,42.9,Sep/13/2012 12:27:58
745754,IA.2012.REP,Republican nominee to win Iowa,10,43.6,Sep/13/2012 13:59:50
745754,IA.2012.REP,Republican nominee to win Iowa,1,41.0,Sep/14/2012 01:32:41
745754,IA.2012.REP,Republican nominee to win Iowa,1,41.1,Sep/14/2012 01:32:41
745754,IA.2012.REP,Republican nominee to win Iowa,9,41.0,Sep/14/2012 03:32:22
745754,IA.2012.REP,Republican nominee to win Iowa,15,41.0,Sep/14/2012 07:26:02
745754,IA.2012.REP,Republican nominee to win Iowa,1,40.1,Sep/14/2012 07:26:22
745754,IA.2012.REP,Republican nominee to win Iowa,4,41.8,Sep/14/2012 16:33:39
745754,IA.2012.REP,Republican nominee to win Iowa,5,36.1,Sep/15/2012 13:26:11
745754,IA.2012.REP,Republican nominee to win Iowa,5,36.1,Sep/15/2012 13:27:29
745754,IA.2012.REP,Republican nominee to win Iowa,5,36.2,Sep/15/2012 13:27:49
745754,IA.2012.REP,Republican nominee to win Iowa,5,36.2,Sep/15/2012 13:27:56
745754,IA.2012.REP,Republican nominee to win Iowa,5,36.2,Sep/15/2012 13:28:06
745754,IA.2012.REP,Republican nominee to win Iowa,5,36.2,Sep/15/2012 13:28:17
745754,IA.2012.REP,Republican nominee to win Iowa,5,36.4,Sep/15/2012 13:28:25
745754,IA.2012.REP,Republican nominee to win Iowa,5,36.4,Sep/15/2012 13:28:37
745754,IA.2012.REP,Republican nominee to win Iowa,5,36.4,Sep/15/2012 13:29:18
745754,IA.2012.REP,Republican nominee to win Iowa,5,36.4,Sep/15/2012 13:29:27
745754,IA.2012.REP,Republican nominee to win Iowa,5,36.4,Sep/15/2012 13:29:38
745754,IA.2012.REP,Republican nominee to win Iowa,5,36.4,Sep/15/2012 13:29:46
745754,IA.2012.REP,Republican nominee to win Iowa,5,36.4,Sep/15/2012 13:29:55
745754,IA.2012.REP,Republican nominee to win Iowa,5,36.4,Sep/15/2012 13:30:08
745754,IA.2012.REP,Republican nominee to win Iowa,5,36.4,Sep/15/2012 13:30:29
745754,IA.2012.REP,Republican nominee to win Iowa,5,36.4,Sep/15/2012 13:30:44
745754,IA.2012.REP,Republican nominee to win Iowa,5,36.4,Sep/15/2012 13:30:52
745754,IA.2012.REP,Republican nominee to win Iowa,5,36.4,Sep/15/2012 13:31:02
745754,IA.2012.REP,Republican nominee to win Iowa,5,36.4,Sep/15/2012 13:31:10
745754,IA.2012.REP,Republican nominee to win Iowa,5,36.4,Sep/15/2012 13:31:23
745754,IA.2012.REP,Republican nominee to win Iowa,5,36.4,Sep/15/2012 13:31:36
745754,IA.2012.REP,Republican nominee to win Iowa,5,36.4,Sep/15/2012 13:31:44
745754,IA.2012.REP,Republican nominee to win Iowa,5,36.4,Sep/15/2012 13:31:56
745754,IA.2012.REP,Republican nominee to win Iowa,5,36.4,Sep/15/2012 13:32:03
745754,IA.2012.REP,Republican nominee to win Iowa,5,36.4,Sep/15/2012 13:32:15
745754,IA.2012.REP,Republican nominee to win Iowa,5,36.4,Sep/15/2012 13:32:23
745754,IA.2012.REP,Republican nominee to win Iowa,5,36.4,Sep/15/2012 13:32:31
745754,IA.2012.REP,Republican nominee to win Iowa,5,36.4,Sep/15/2012 13:32:39
745754,IA.2012.REP,Republican nominee to win Iowa,5,36.4,Sep/15/2012 13:32:53
745754,IA.2012.REP,Republican nominee to win Iowa,5,36.4,Sep/15/2012 13:33:01
745754,IA.2012.REP,Republican nominee to win Iowa,5,36.4,Sep/15/2012 13:33:09
745754,IA.2012.REP,Republican nominee to win Iowa,5,36.4,Sep/15/2012 13:33:22
745754,IA.2012.REP,Republican nominee to win Iowa,5,36.4,Sep/15/2012 13:33:30
745754,IA.2012.REP,Republican nominee to win Iowa,5,36.4,Sep/15/2012 13:33:37
745754,IA.2012.REP,Republican nominee to win Iowa,5,36.4,Sep/15/2012 13:33:48
745754,IA.2012.REP,Republican nominee to win Iowa,5,36.4,Sep/15/2012 13:33:57
745754,IA.2012.REP,Republican nominee to win Iowa,5,36.4,Sep/15/2012 13:34:12
745754,IA.2012.REP,Republican nominee to win Iowa,5,37.0,Sep/15/2012 13:34:24
745754,IA.2012.REP,Republican nominee to win Iowa,5,36.4,Sep/15/2012 13:34:44
745754,IA.2012.REP,Republican nominee to win Iowa,15,37.0,Sep/15/2012 13:34:46
745754,IA.2012.REP,Republican nominee to win Iowa,5,36.4,Sep/15/2012 13:35:04
745754,IA.2012.REP,Republican nominee to win Iowa,1,36.4,Sep/15/2012 15:28:09
745754,IA.2012.REP,Republican nominee to win Iowa,1,35.8,Sep/15/2012 21:19:29
745754,IA.2012.REP,Republican nominee to win Iowa,5,35.8,Sep/15/2012 21:19:29
745754,IA.2012.REP,Republican nominee to win Iowa,1,36.2,Sep/15/2012 21:19:52
745754,IA.2012.REP,Republican nominee to win Iowa,5,36.2,Sep/15/2012 21:19:52
745754,IA.2012.REP,Republican nominee to win Iowa,4,36.4,Sep/15/2012 21:20:08
745754,IA.2012.REP,Republican nominee to win Iowa,4,35.0,Sep/18/2012 01:01:12
745754,IA.2012.REP,Republican nominee to win Iowa,1,34.0,Sep/18/2012 08:46:08
745754,IA.2012.REP,Republican nominee to win Iowa,5,34.0,Sep/18/2012 08:46:08
745754,IA.2012.REP,Republican nominee to win Iowa,1,34.1,Sep/18/2012 08:46:08
745754,IA.2012.REP,Republican nominee to win Iowa,1,34.2,Sep/18/2012 08:46:08
745754,IA.2012.REP,Republican nominee to win Iowa,1,34.3,Sep/18/2012 08:46:08
745754,IA.2012.REP,Republican nominee to win Iowa,10,34.9,Sep/18/2012 16:35:14
745754,IA.2012.REP,Republican nominee to win Iowa,2,34.8,Sep/18/2012 18:51:18
745754,IA.2012.REP,Republican nominee to win Iowa,2,34.8,Sep/18/2012 18:51:18
745754,IA.2012.REP,Republican nominee to win Iowa,1,34.8,Sep/18/2012 18:51:18
745754,IA.2012.REP,Republican nominee to win Iowa,1,34.8,Sep/18/2012 18:51:18
745754,IA.2012.REP,Republican nominee to win Iowa,5,35.5,Sep/18/2012 20:17:27
745754,IA.2012.REP,Republican nominee to win Iowa,1,35.0,Sep/19/2012 12:02:53
745754,IA.2012.REP,Republican nominee to win Iowa,42,36.0,Sep/19/2012 14:42:59
745754,IA.2012.REP,Republican nominee to win Iowa,3,34.0,Sep/20/2012 14:28:46
745754,IA.2012.REP,Republican nominee to win Iowa,1,36.1,Sep/20/2012 16:17:40
745754,IA.2012.REP,Republican nominee to win Iowa,5,36.3,Sep/20/2012 16:18:19
745754,IA.2012.REP,Republican nominee to win Iowa,1,41.2,Sep/20/2012 18:45:37
745754,IA.2012.REP,Republican nominee to win Iowa,5,41.3,Sep/20/2012 19:54:21
745754,IA.2012.REP,Republican nominee to win Iowa,4,41.2,Sep/20/2012 19:54:21
745754,IA.2012.REP,Republican nominee to win Iowa,1,41.3,Sep/20/2012 19:54:21
745754,IA.2012.REP,Republican nominee to win Iowa,1,41.2,Sep/21/2012 04:22:40
745754,IA.2012.REP,Republican nominee to win Iowa,1,31.4,Sep/21/2012 16:09:06
745754,IA.2012.REP,Republican nominee to win Iowa,1,31.5,Sep/21/2012 16:09:06
745754,IA.2012.REP,Republican nominee to win Iowa,2,31.3,Sep/21/2012 16:09:06
745754,IA.2012.REP,Republican nominee to win Iowa,1,33.8,Sep/21/2012 16:09:06
745754,IA.2012.REP,Republican nominee to win Iowa,4,31.3,Sep/21/2012 16:55:35
745754,IA.2012.REP,Republican nominee to win Iowa,4,31.3,Sep/21/2012 17:31:40
745754,IA.2012.REP,Republican nominee to win Iowa,1,31.3,Sep/21/2012 17:31:40
745754,IA.2012.REP,Republican nominee to win Iowa,2,31.5,Sep/21/2012 20:06:42
745754,IA.2012.REP,Republican nominee to win Iowa,1,31.6,Sep/22/2012 03:27:27
745754,IA.2012.REP,Republican nominee to win Iowa,5,31.1,Sep/22/2012 04:09:26
745754,IA.2012.REP,Republican nominee to win Iowa,10,31.1,Sep/22/2012 04:09:26
745754,IA.2012.REP,Republican nominee to win Iowa,5,31.2,Sep/22/2012 04:09:26
745754,IA.2012.REP,Republican nominee to win Iowa,1,30.3,Sep/22/2012 04:09:26
745754,IA.2012.REP,Republican nominee to win Iowa,3,31.5,Sep/22/2012 04:09:26
745754,IA.2012.REP,Republican nominee to win Iowa,4,31.6,Sep/22/2012 04:09:26
745754,IA.2012.REP,Republican nominee to win Iowa,5,36.3,Sep/23/2012 16:20:13
745754,IA.2012.REP,Republican nominee to win Iowa,100,34.0,Sep/24/2012 14:18:47
745754,IA.2012.REP,Republican nominee to win Iowa,4,33.9,Sep/24/2012 18:20:17
745754,IA.2012.REP,Republican nominee to win Iowa,1,30.2,Sep/25/2012 20:12:51
745754,IA.2012.REP,Republican nominee to win Iowa,4,28.0,Sep/25/2012 20:12:51
745754,IA.2012.REP,Republican nominee to win Iowa,5,28.0,Sep/25/2012 20:13:16
745754,IA.2012.REP,Republican nominee to win Iowa,41,28.0,Sep/26/2012 11:59:28
745754,IA.2012.REP,Republican nominee to win Iowa,6,34.4,Sep/26/2012 17:48:48
745754,IA.2012.REP,Republican nominee to win Iowa,4,34.4,Sep/26/2012 17:48:48
745754,IA.2012.REP,Republican nominee to win Iowa,1,24.7,Sep/28/2012 12:31:19
745754,IA.2012.REP,Republican nominee to win Iowa,1,24.7,Sep/28/2012 12:31:37
745754,IA.2012.REP,Republican nominee to win Iowa,5,22.7,Sep/28/2012 18:42:46
745754,IA.2012.REP,Republican nominee to win Iowa,5,23.5,Sep/28/2012 18:52:52
745754,IA.2012.REP,Republican nominee to win Iowa,5,26.9,Sep/29/2012 17:22:17
745754,IA.2012.REP,Republican nominee to win Iowa,5,27.9,Sep/29/2012 17:22:26
745754,IA.2012.REP,Republican nominee to win Iowa,6,28.9,Sep/29/2012 17:22:33
745754,IA.2012.REP,Republican nominee to win Iowa,5,29.5,Sep/29/2012 17:22:44
745754,IA.2012.REP,Republican nominee to win Iowa,1,22.3,Oct/01/2012 11:56:39
745754,IA.2012.REP,Republican nominee to win Iowa,1,24.7,Oct/01/2012 15:29:05
745754,IA.2012.REP,Republican nominee to win Iowa,4,21.1,Oct/02/2012 00:14:11
745754,IA.2012.REP,Republican nominee to win Iowa,4,20.1,Oct/02/2012 00:14:36
745754,IA.2012.REP,Republican nominee to win Iowa,20,20.0,Oct/02/2012 05:58:00
745754,IA.2012.REP,Republican nominee to win Iowa,20,20.0,Oct/02/2012 13:01:56
745754,IA.2012.REP,Republican nominee to win Iowa,11,20.0,Oct/02/2012 17:14:34
745754,IA.2012.REP,Republican nominee to win Iowa,2,22.0,Oct/02/2012 17:14:34
745754,IA.2012.REP,Republican nominee to win Iowa,15,20.0,Oct/02/2012 17:14:34
745754,IA.2012.REP,Republican nominee to win Iowa,1,29.0,Oct/03/2012 17:53:39
745754,IA.2012.REP,Republican nominee to win Iowa,4,30.9,Oct/03/2012 17:53:39
745754,IA.2012.REP,Republican nominee to win Iowa,5,28.9,Oct/03/2012 17:53:39
745754,IA.2012.REP,Republican nominee to win Iowa,5,29.5,Oct/03/2012 17:53:39
745754,IA.2012.REP,Republican nominee to win Iowa,1,31.0,Oct/03/2012 17:53:41
745754,IA.2012.REP,Republican nominee to win Iowa,4,31.0,Oct/03/2012 17:53:42
745754,IA.2012.REP,Republican nominee to win Iowa,1,29.6,Oct/03/2012 17:55:26
745754,IA.2012.REP,Republican nominee to win Iowa,1,31.0,Oct/03/2012 18:01:14
745754,IA.2012.REP,Republican nominee to win Iowa,1,29.9,Oct/03/2012 18:51:36
745754,IA.2012.REP,Republican nominee to win Iowa,4,29.9,Oct/03/2012 19:57:17
745754,IA.2012.REP,Republican nominee to win Iowa,1,32.7,Oct/03/2012 20:38:06
745754,IA.2012.REP,Republican nominee to win Iowa,1,32.7,Oct/03/2012 23:21:52
745754,IA.2012.REP,Republican nominee to win Iowa,1,32.7,Oct/03/2012 23:21:53
745754,IA.2012.REP,Republican nominee to win Iowa,1,32.7,Oct/03/2012 23:21:54
745754,IA.2012.REP,Republican nominee to win Iowa,1,32.6,Oct/04/2012 01:41:11
745754,IA.2012.REP,Republican nominee to win Iowa,20,33.6,Oct/04/2012 01:49:13
745754,IA.2012.REP,Republican nominee to win Iowa,1,34.5,Oct/04/2012 01:54:58
745754,IA.2012.REP,Republican nominee to win Iowa,5,34.5,Oct/04/2012 01:54:58
745754,IA.2012.REP,Republican nominee to win Iowa,1,35.7,Oct/04/2012 16:55:59
745754,IA.2012.REP,Republican nominee to win Iowa,1,35.7,Oct/04/2012 19:46:18
745754,IA.2012.REP,Republican nominee to win Iowa,1,33.2,Oct/05/2012 00:53:47
745754,IA.2012.REP,Republican nominee to win Iowa,5,38.9,Oct/05/2012 13:33:15
745754,IA.2012.REP,Republican nominee to win Iowa,5,39.6,Oct/05/2012 13:33:47
745754,IA.2012.REP,Republican nominee to win Iowa,1,39.6,Oct/05/2012 13:33:47
745754,IA.2012.REP,Republican nominee to win Iowa,1,39.6,Oct/05/2012 13:33:48
745754,IA.2012.REP,Republican nominee to win Iowa,1,39.6,Oct/05/2012 13:33:50
745754,IA.2012.REP,Republican nominee to win Iowa,4,39.6,Oct/05/2012 13:33:50
745754,IA.2012.REP,Republican nominee to win Iowa,5,39.9,Oct/05/2012 13:35:18
745754,IA.2012.REP,Republican nominee to win Iowa,2,39.6,Oct/05/2012 13:35:18
745754,IA.2012.REP,Republican nominee to win Iowa,1,39.7,Oct/05/2012 13:35:18
745754,IA.2012.REP,Republican nominee to win Iowa,1,39.9,Oct/05/2012 13:35:21
745754,IA.2012.REP,Republican nominee to win Iowa,1,40.7,Oct/05/2012 14:18:23
745754,IA.2012.REP,Republican nominee to win Iowa,1,40.7,Oct/05/2012 14:18:29
745754,IA.2012.REP,Republican nominee to win Iowa,1,41.0,Oct/05/2012 14:19:31
745754,IA.2012.REP,Republican nominee to win Iowa,1,50.0,Oct/05/2012 14:26:21
745754,IA.2012.REP,Republican nominee to win Iowa,1,55.0,Oct/05/2012 14:26:39
745754,IA.2012.REP,Republican nominee to win Iowa,5,59.6,Oct/05/2012 14:26:57
745754,IA.2012.REP,Republican nominee to win Iowa,1,59.7,Oct/05/2012 14:27:06
745754,IA.2012.REP,Republican nominee to win Iowa,1,40.7,Oct/05/2012 14:47:10
745754,IA.2012.REP,Republican nominee to win Iowa,5,58.7,Oct/05/2012 14:52:41
745754,IA.2012.REP,Republican nominee to win Iowa,1,47.0,Oct/05/2012 16:11:21
745754,IA.2012.REP,Republican nominee to win Iowa,5,57.5,Oct/05/2012 16:12:43
745754,IA.2012.REP,Republican nominee to win Iowa,1,45.0,Oct/05/2012 16:21:31
745754,IA.2012.REP,Republican nominee to win Iowa,1,45.0,Oct/05/2012 16:21:32
745754,IA.2012.REP,Republican nominee to win Iowa,1,45.0,Oct/05/2012 16:29:33
745754,IA.2012.REP,Republican nominee to win Iowa,1,42.0,Oct/05/2012 16:38:29
745754,IA.2012.REP,Republican nominee to win Iowa,4,42.0,Oct/05/2012 16:48:55
745754,IA.2012.REP,Republican nominee to win Iowa,5,40.0,Oct/05/2012 16:59:28
745754,IA.2012.REP,Republican nominee to win Iowa,1,40.0,Oct/05/2012 17:00:06
745754,IA.2012.REP,Republican nominee to win Iowa,1,40.0,Oct/05/2012 17:50:06
745754,IA.2012.REP,Republican nominee to win Iowa,5,40.0,Oct/05/2012 17:50:07
745754,IA.2012.REP,Republican nominee to win Iowa,1,40.0,Oct/05/2012 17:50:29
745754,IA.2012.REP,Republican nominee to win Iowa,5,40.0,Oct/05/2012 17:50:30
745754,IA.2012.REP,Republican nominee to win Iowa,2,40.0,Oct/05/2012 18:22:42
745754,IA.2012.REP,Republican nominee to win Iowa,25,40.0,Oct/05/2012 21:09:19
745754,IA.2012.REP,Republican nominee to win Iowa,5,44.9,Oct/05/2012 21:19:08
745754,IA.2012.REP,Republican nominee to win Iowa,11,45.0,Oct/05/2012 21:19:16
745754,IA.2012.REP,Republican nominee to win Iowa,6,46.4,Oct/05/2012 21:19:25
745754,IA.2012.REP,Republican nominee to win Iowa,1,46.6,Oct/05/2012 21:19:31
745754,IA.2012.REP,Republican nominee to win Iowa,5,46.6,Oct/05/2012 21:19:41
745754,IA.2012.REP,Republican nominee to win Iowa,5,47.5,Oct/05/2012 21:19:53
745754,IA.2012.REP,Republican nominee to win Iowa,2,47.9,Oct/05/2012 21:19:53
745754,IA.2012.REP,Republican nominee to win Iowa,5,47.9,Oct/05/2012 21:20:03
745754,IA.2012.REP,Republican nominee to win Iowa,5,47.5,Oct/05/2012 21:20:03
745754,IA.2012.REP,Republican nominee to win Iowa,1,46.8,Oct/05/2012 21:20:12
745754,IA.2012.REP,Republican nominee to win Iowa,4,46.8,Oct/05/2012 21:20:12
745754,IA.2012.REP,Republican nominee to win Iowa,1,46.8,Oct/05/2012 21:20:37
745754,IA.2012.REP,Republican nominee to win Iowa,5,46.8,Oct/05/2012 21:20:37
745754,IA.2012.REP,Republican nominee to win Iowa,1,46.8,Oct/05/2012 21:20:44
745754,IA.2012.REP,Republican nominee to win Iowa,5,46.8,Oct/05/2012 21:20:51
745754,IA.2012.REP,Republican nominee to win Iowa,1,46.8,Oct/05/2012 21:20:51
745754,IA.2012.REP,Republican nominee to win Iowa,2,49.4,Oct/05/2012 21:21:00
745754,IA.2012.REP,Republican nominee to win Iowa,1,46.8,Oct/05/2012 21:21:00
745754,IA.2012.REP,Republican nominee to win Iowa,5,46.8,Oct/05/2012 21:21:00
745754,IA.2012.REP,Republican nominee to win Iowa,1,46.8,Oct/05/2012 21:21:22
745754,IA.2012.REP,Republican nominee to win Iowa,5,46.8,Oct/05/2012 21:21:22
745754,IA.2012.REP,Republican nominee to win Iowa,5,49.4,Oct/05/2012 21:21:29
745754,IA.2012.REP,Republican nominee to win Iowa,1,46.8,Oct/05/2012 21:21:29
745754,IA.2012.REP,Republican nominee to win Iowa,1,46.8,Oct/05/2012 21:21:35
745754,IA.2012.REP,Republican nominee to win Iowa,1,46.8,Oct/05/2012 21:21:44
745754,IA.2012.REP,Republican nominee to win Iowa,1,46.8,Oct/05/2012 21:21:59
745754,IA.2012.REP,Republican nominee to win Iowa,1,47.8,Oct/05/2012 21:22:11
745754,IA.2012.REP,Republican nominee to win Iowa,1,47.8,Oct/05/2012 21:22:15
745754,IA.2012.REP,Republican nominee to win Iowa,1,47.8,Oct/05/2012 21:22:24
745754,IA.2012.REP,Republican nominee to win Iowa,1,47.8,Oct/05/2012 21:22:32
745754,IA.2012.REP,Republican nominee to win Iowa,1,47.8,Oct/05/2012 21:22:39
745754,IA.2012.REP,Republican nominee to win Iowa,1,49.4,Oct/05/2012 21:22:44
745754,IA.2012.REP,Republican nominee to win Iowa,1,49.8,Oct/05/2012 21:22:53
745754,IA.2012.REP,Republican nominee to win Iowa,1,53.0,Oct/05/2012 21:23:13
745754,IA.2012.REP,Republican nominee to win Iowa,1,49.4,Oct/05/2012 21:53:23
745754,IA.2012.REP,Republican nominee to win Iowa,1,46.8,Oct/05/2012 21:54:16
745754,IA.2012.REP,Republican nominee to win Iowa,1,40.0,Oct/05/2012 22:09:16
745754,IA.2012.REP,Republican nominee to win Iowa,3,45.1,Oct/06/2012 07:16:07
745754,IA.2012.REP,Republican nominee to win Iowa,4,44.1,Oct/06/2012 10:31:03
745754,IA.2012.REP,Republican nominee to win Iowa,5,43.1,Oct/06/2012 10:31:03
745754,IA.2012.REP,Republican nominee to win Iowa,1,42.1,Oct/06/2012 10:31:03
745754,IA.2012.REP,Republican nominee to win Iowa,1,45.0,Oct/06/2012 17:07:32
745754,IA.2012.REP,Republican nominee to win Iowa,21,45.0,Oct/06/2012 17:10:17
745754,IA.2012.REP,Republican nominee to win Iowa,1,42.1,Oct/06/2012 19:12:11
745754,IA.2012.REP,Republican nominee to win Iowa,1,42.1,Oct/07/2012 11:03:49
745754,IA.2012.REP,Republican nominee to win Iowa,1,41.0,Oct/07/2012 18:51:25
745754,IA.2012.REP,Republican nominee to win Iowa,3,42.1,Oct/07/2012 18:51:25
745754,IA.2012.REP,Republican nominee to win Iowa,7,41.1,Oct/07/2012 18:51:25
745754,IA.2012.REP,Republican nominee to win Iowa,8,40.1,Oct/07/2012 18:51:25
745754,IA.2012.REP,Republican nominee to win Iowa,1,40.1,Oct/07/2012 21:22:44
745754,IA.2012.REP,Republican nominee to win Iowa,14,40.0,Oct/08/2012 00:24:33
745754,IA.2012.REP,Republican nominee to win Iowa,2,39.1,Oct/08/2012 10:20:11
745754,IA.2012.REP,Republican nominee to win Iowa,2,39.6,Oct/08/2012 10:20:11
745754,IA.2012.REP,Republican nominee to win Iowa,1,40.0,Oct/08/2012 10:20:11
745754,IA.2012.REP,Republican nominee to win Iowa,1,41.7,Oct/08/2012 14:07:55
745754,IA.2012.REP,Republican nominee to win Iowa,1,41.7,Oct/08/2012 14:07:55
745754,IA.2012.REP,Republican nominee to win Iowa,1,41.7,Oct/08/2012 14:11:36
745754,IA.2012.REP,Republican nominee to win Iowa,1,39.1,Oct/08/2012 15:42:00
745754,IA.2012.REP,Republican nominee to win Iowa,1,39.1,Oct/08/2012 16:04:37
745754,IA.2012.REP,Republican nominee to win Iowa,1,39.1,Oct/08/2012 16:04:39
745754,IA.2012.REP,Republican nominee to win Iowa,1,39.1,Oct/08/2012 16:04:40
745754,IA.2012.REP,Republican nominee to win Iowa,1,41.7,Oct/08/2012 16:26:55
745754,IA.2012.REP,Republican nominee to win Iowa,3,39.1,Oct/08/2012 17:25:34
745754,IA.2012.REP,Republican nominee to win Iowa,10,38.1,Oct/08/2012 17:25:34
745754,IA.2012.REP,Republican nominee to win Iowa,5,38.1,Oct/08/2012 17:25:34
745754,IA.2012.REP,Republican nominee to win Iowa,6,37.1,Oct/08/2012 17:34:05
745754,IA.2012.REP,Republican nominee to win Iowa,3,35.1,Oct/08/2012 23:24:43
745754,IA.2012.REP,Republican nominee to win Iowa,4,34.1,Oct/08/2012 23:24:43
745754,IA.2012.REP,Republican nominee to win Iowa,5,33.1,Oct/08/2012 23:24:43
745754,IA.2012.REP,Republican nominee to win Iowa,1,36.1,Oct/08/2012 23:24:43
745754,IA.2012.REP,Republican nominee to win Iowa,4,32.1,Oct/08/2012 23:25:57
745754,IA.2012.REP,Republican nominee to win Iowa,1,32.1,Oct/09/2012 05:58:52
745754,IA.2012.REP,Republican nominee to win Iowa,1,32.1,Oct/09/2012 05:59:10
745754,IA.2012.REP,Republican nominee to win Iowa,1,36.8,Oct/09/2012 13:57:07
745754,IA.2012.REP,Republican nominee to win Iowa,5,36.7,Oct/09/2012 13:57:07
745754,IA.2012.REP,Republican nominee to win Iowa,1,31.7,Oct/09/2012 16:02:27
745754,IA.2012.REP,Republican nominee to win Iowa,1,32.0,Oct/09/2012 16:11:06
745754,IA.2012.REP,Republican nominee to win Iowa,1,32.0,Oct/09/2012 16:11:22
745754,IA.2012.REP,Republican nominee to win Iowa,1,32.0,Oct/09/2012 16:11:43
745754,IA.2012.REP,Republican nominee to win Iowa,1,32.0,Oct/09/2012 16:12:00
745754,IA.2012.REP,Republican nominee to win Iowa,1,32.0,Oct/09/2012 16:12:16
745754,IA.2012.REP,Republican nominee to win Iowa,1,32.0,Oct/09/2012 16:12:34
745754,IA.2012.REP,Republican nominee to win Iowa,1,32.0,Oct/09/2012 16:13:00
745754,IA.2012.REP,Republican nominee to win Iowa,1,32.0,Oct/09/2012 16:13:19
745754,IA.2012.REP,Republican nominee to win Iowa,1,32.0,Oct/09/2012 16:13:43
745754,IA.2012.REP,Republican nominee to win Iowa,1,32.0,Oct/09/2012 16:14:01
745754,IA.2012.REP,Republican nominee to win Iowa,1,32.0,Oct/09/2012 16:14:26
745754,IA.2012.REP,Republican nominee to win Iowa,1,32.0,Oct/09/2012 16:14:50
745754,IA.2012.REP,Republican nominee to win Iowa,1,32.0,Oct/09/2012 16:15:09
745754,IA.2012.REP,Republican nominee to win Iowa,1,32.0,Oct/09/2012 16:15:33
745754,IA.2012.REP,Republican nominee to win Iowa,1,32.0,Oct/09/2012 16:15:56
745754,IA.2012.REP,Republican nominee to win Iowa,1,32.0,Oct/09/2012 16:16:15
745754,IA.2012.REP,Republican nominee to win Iowa,1,32.0,Oct/09/2012 16:16:38
745754,IA.2012.REP,Republican nominee to win Iowa,1,32.0,Oct/09/2012 16:17:03
745754,IA.2012.REP,Republican nominee to win Iowa,1,32.0,Oct/09/2012 16:17:24
745754,IA.2012.REP,Republican nominee to win Iowa,1,32.0,Oct/09/2012 16:17:50
745754,IA.2012.REP,Republican nominee to win Iowa,1,32.0,Oct/09/2012 16:18:10
745754,IA.2012.REP,Republican nominee to win Iowa,1,32.0,Oct/09/2012 16:18:44
745754,IA.2012.REP,Republican nominee to win Iowa,1,32.0,Oct/09/2012 16:18:51
745754,IA.2012.REP,Republican nominee to win Iowa,1,32.0,Oct/09/2012 16:19:04
745754,IA.2012.REP,Republican nominee to win Iowa,1,32.0,Oct/09/2012 16:19:30
745754,IA.2012.REP,Republican nominee to win Iowa,1,32.0,Oct/09/2012 16:19:52
745754,IA.2012.REP,Republican nominee to win Iowa,1,32.0,Oct/09/2012 16:20:11
745754,IA.2012.REP,Republican nominee to win Iowa,1,32.0,Oct/09/2012 16:20:36
745754,IA.2012.REP,Republican nominee to win Iowa,1,32.0,Oct/09/2012 16:20:54
745754,IA.2012.REP,Republican nominee to win Iowa,1,32.0,Oct/09/2012 16:21:14
745754,IA.2012.REP,Republican nominee to win Iowa,1,32.0,Oct/09/2012 16:21:34
745754,IA.2012.REP,Republican nominee to win Iowa,1,32.0,Oct/09/2012 16:21:58
745754,IA.2012.REP,Republican nominee to win Iowa,1,32.0,Oct/09/2012 16:22:17
745754,IA.2012.REP,Republican nominee to win Iowa,1,32.0,Oct/09/2012 16:22:39
745754,IA.2012.REP,Republican nominee to win Iowa,1,32.0,Oct/09/2012 16:22:57
745754,IA.2012.REP,Republican nominee to win Iowa,1,32.0,Oct/09/2012 16:23:11
745754,IA.2012.REP,Republican nominee to win Iowa,1,32.0,Oct/09/2012 16:23:30
745754,IA.2012.REP,Republican nominee to win Iowa,1,32.0,Oct/09/2012 16:23:45
745754,IA.2012.REP,Republican nominee to win Iowa,1,32.0,Oct/09/2012 16:24:07
745754,IA.2012.REP,Republican nominee to win Iowa,1,32.0,Oct/09/2012 16:24:22
745754,IA.2012.REP,Republican nominee to win Iowa,1,32.0,Oct/09/2012 16:24:44
745754,IA.2012.REP,Republican nominee to win Iowa,1,32.0,Oct/09/2012 16:24:57
745754,IA.2012.REP,Republican nominee to win Iowa,1,32.0,Oct/09/2012 16:25:13
745754,IA.2012.REP,Republican nominee to win Iowa,1,32.0,Oct/09/2012 16:25:35
745754,IA.2012.REP,Republican nominee to win Iowa,1,32.0,Oct/09/2012 16:25:59
745754,IA.2012.REP,Republican nominee to win Iowa,1,32.0,Oct/09/2012 16:26:20
745754,IA.2012.REP,Republican nominee to win Iowa,1,32.0,Oct/09/2012 16:26:45
745754,IA.2012.REP,Republican nominee to win Iowa,1,32.0,Oct/09/2012 16:27:07
745754,IA.2012.REP,Republican nominee to win Iowa,1,32.0,Oct/09/2012 16:27:27
745754,IA.2012.REP,Republican nominee to win Iowa,1,32.0,Oct/09/2012 16:27:49
745754,IA.2012.REP,Republican nominee to win Iowa,1,32.0,Oct/09/2012 16:28:07
745754,IA.2012.REP,Republican nominee to win Iowa,1,32.0,Oct/09/2012 18:01:22
745754,IA.2012.REP,Republican nominee to win Iowa,3,36.1,Oct/09/2012 21:27:54
745754,IA.2012.REP,Republican nominee to win Iowa,4,35.1,Oct/09/2012 21:27:55
745754,IA.2012.REP,Republican nominee to win Iowa,1,34.1,Oct/09/2012 21:27:55
745754,IA.2012.REP,Republican nominee to win Iowa,4,34.1,Oct/10/2012 00:02:13
745754,IA.2012.REP,Republican nominee to win Iowa,1,38.9,Oct/10/2012 09:59:36
745754,IA.2012.REP,Republican nominee to win Iowa,2,38.9,Oct/10/2012 14:16:38
745754,IA.2012.REP,Republican nominee to win Iowa,3,39.9,Oct/10/2012 14:16:46
745754,IA.2012.REP,Republican nominee to win Iowa,4,40.9,Oct/10/2012 14:17:00
745754,IA.2012.REP,Republican nominee to win Iowa,5,40.9,Oct/10/2012 14:17:00
745754,IA.2012.REP,Republican nominee to win Iowa,4,41.9,Oct/10/2012 14:17:09
745754,IA.2012.REP,Republican nominee to win Iowa,1,42.7,Oct/10/2012 14:17:17
745754,IA.2012.REP,Republican nominee to win Iowa,4,42.7,Oct/10/2012 14:17:24
745754,IA.2012.REP,Republican nominee to win Iowa,5,42.7,Oct/10/2012 14:17:32
745754,IA.2012.REP,Republican nominee to win Iowa,1,42.8,Oct/10/2012 14:17:43
745754,IA.2012.REP,Republican nominee to win Iowa,5,42.8,Oct/10/2012 14:17:52
745754,IA.2012.REP,Republican nominee to win Iowa,1,42.8,Oct/10/2012 14:17:57
745754,IA.2012.REP,Republican nominee to win Iowa,5,42.8,Oct/10/2012 14:18:04
745754,IA.2012.REP,Republican nominee to win Iowa,1,42.8,Oct/10/2012 14:18:12
745754,IA.2012.REP,Republican nominee to win Iowa,5,42.8,Oct/10/2012 14:18:12
745754,IA.2012.REP,Republican nominee to win Iowa,5,42.9,Oct/10/2012 14:34:32
745754,IA.2012.REP,Republican nominee to win Iowa,5,43.9,Oct/10/2012 14:34:57
745754,IA.2012.REP,Republican nominee to win Iowa,5,44.8,Oct/10/2012 14:35:26
745754,IA.2012.REP,Republican nominee to win Iowa,6,44.9,Oct/10/2012 14:35:36
745754,IA.2012.REP,Republican nominee to win Iowa,7,45.9,Oct/10/2012 14:35:52
745754,IA.2012.REP,Republican nominee to win Iowa,7,46.9,Oct/10/2012 14:36:04
745754,IA.2012.REP,Republican nominee to win Iowa,1,47.0,Oct/10/2012 14:36:12
745754,IA.2012.REP,Republican nominee to win Iowa,8,47.9,Oct/10/2012 14:36:21
745754,IA.2012.REP,Republican nominee to win Iowa,6,48.4,Oct/10/2012 14:36:33
745754,IA.2012.REP,Republican nominee to win Iowa,5,49.7,Oct/10/2012 14:36:44
745754,IA.2012.REP,Republican nominee to win Iowa,5,49.9,Oct/10/2012 14:36:54
745754,IA.2012.REP,Republican nominee to win Iowa,5,49.9,Oct/10/2012 14:36:54
745754,IA.2012.REP,Republican nominee to win Iowa,1,50.0,Oct/10/2012 14:37:04
745754,IA.2012.REP,Republican nominee to win Iowa,1,50.0,Oct/10/2012 14:49:26
745754,IA.2012.REP,Republican nominee to win Iowa,1,50.0,Oct/10/2012 14:49:34
745754,IA.2012.REP,Republican nominee to win Iowa,5,50.0,Oct/10/2012 14:49:34
745754,IA.2012.REP,Republican nominee to win Iowa,1,50.0,Oct/10/2012 14:49:39
745754,IA.2012.REP,Republican nominee to win Iowa,5,50.0,Oct/10/2012 14:49:53
745754,IA.2012.REP,Republican nominee to win Iowa,1,50.0,Oct/10/2012 14:50:05
745754,IA.2012.REP,Republican nominee to win Iowa,4,50.0,Oct/10/2012 14:50:06
745754,IA.2012.REP,Republican nominee to win Iowa,1,50.0,Oct/10/2012 14:50:06
745754,IA.2012.REP,Republican nominee to win Iowa,5,54.8,Oct/10/2012 14:50:39
745754,IA.2012.REP,Republican nominee to win Iowa,5,55.0,Oct/10/2012 14:50:47
745754,IA.2012.REP,Republican nominee to win Iowa,5,58.9,Oct/10/2012 14:50:56
745754,IA.2012.REP,Republican nominee to win Iowa,5,58.9,Oct/10/2012 14:50:56
745754,IA.2012.REP,Republican nominee to win Iowa,5,59.7,Oct/10/2012 14:51:07
745754,IA.2012.REP,Republican nominee to win Iowa,5,59.8,Oct/10/2012 14:51:19
745754,IA.2012.REP,Republican nominee to win Iowa,1,59.8,Oct/10/2012 14:51:19
745754,IA.2012.REP,Republican nominee to win Iowa,1,59.8,Oct/10/2012 14:51:26
745754,IA.2012.REP,Republican nominee to win Iowa,4,59.8,Oct/10/2012 14:51:26
745754,IA.2012.REP,Republican nominee to win Iowa,1,59.8,Oct/10/2012 14:51:34
745754,IA.2012.REP,Republican nominee to win Iowa,5,59.8,Oct/10/2012 14:51:34
745754,IA.2012.REP,Republican nominee to win Iowa,1,59.8,Oct/10/2012 14:52:01
745754,IA.2012.REP,Republican nominee to win Iowa,1,39.8,Oct/10/2012 15:45:48
745754,IA.2012.REP,Republican nominee to win Iowa,5,47.5,Oct/10/2012 17:05:09
745754,IA.2012.REP,Republican nominee to win Iowa,1,48.8,Oct/10/2012 17:05:17
745754,IA.2012.REP,Republican nominee to win Iowa,1,48.8,Oct/10/2012 17:05:27
745754,IA.2012.REP,Republican nominee to win Iowa,1,48.8,Oct/10/2012 17:05:39
745754,IA.2012.REP,Republican nominee to win Iowa,1,44.1,Oct/10/2012 18:01:40
745754,IA.2012.REP,Republican nominee to win Iowa,2,44.1,Oct/10/2012 18:01:40
745754,IA.2012.REP,Republican nominee to win Iowa,3,43.1,Oct/10/2012 18:01:40
745754,IA.2012.REP,Republican nominee to win Iowa,1,43.1,Oct/10/2012 18:02:35
745754,IA.2012.REP,Republican nominee to win Iowa,5,42.1,Oct/10/2012 18:03:37
745754,IA.2012.REP,Republican nominee to win Iowa,6,41.1,Oct/10/2012 18:04:32
745754,IA.2012.REP,Republican nominee to win Iowa,5,40.7,Oct/10/2012 18:05:19
745754,IA.2012.REP,Republican nominee to win Iowa,7,40.1,Oct/10/2012 18:06:14
745754,IA.2012.REP,Republican nominee to win Iowa,1,40.0,Oct/10/2012 18:06:42
745754,IA.2012.REP,Republican nominee to win Iowa,5,40.0,Oct/10/2012 18:07:09
745754,IA.2012.REP,Republican nominee to win Iowa,1,40.0,Oct/10/2012 18:07:09
745754,IA.2012.REP,Republican nominee to win Iowa,20,39.4,Oct/10/2012 18:07:30
745754,IA.2012.REP,Republican nominee to win Iowa,8,39.1,Oct/10/2012 18:08:29
745754,IA.2012.REP,Republican nominee to win Iowa,5,39.1,Oct/10/2012 18:09:00
745754,IA.2012.REP,Republican nominee to win Iowa,2,38.1,Oct/10/2012 18:10:19
745754,IA.2012.REP,Republican nominee to win Iowa,1,38.1,Oct/10/2012 18:10:20
745754,IA.2012.REP,Republican nominee to win Iowa,2,38.1,Oct/10/2012 18:10:47
745754,IA.2012.REP,Republican nominee to win Iowa,4,38.1,Oct/10/2012 21:08:06
745754,IA.2012.REP,Republican nominee to win Iowa,5,36.1,Oct/10/2012 21:09:05
745754,IA.2012.REP,Republican nominee to win Iowa,1,36.0,Oct/10/2012 21:09:22
745754,IA.2012.REP,Republican nominee to win Iowa,1,37.0,Oct/11/2012 12:07:24
745754,IA.2012.REP,Republican nominee to win Iowa,3,37.0,Oct/11/2012 12:07:24
745754,IA.2012.REP,Republican nominee to win Iowa,1,39.0,Oct/11/2012 23:25:59
745754,IA.2012.REP,Republican nominee to win Iowa,5,39.0,Oct/11/2012 23:26:00
745754,IA.2012.REP,Republican nominee to win Iowa,1,39.0,Oct/11/2012 23:26:10
745754,IA.2012.REP,Republican nominee to win Iowa,1,39.0,Oct/11/2012 23:26:41
745754,IA.2012.REP,Republican nominee to win Iowa,1,42.1,Oct/12/2012 18:48:22
745754,IA.2012.REP,Republican nominee to win Iowa,2,42.1,Oct/12/2012 18:48:34
745754,IA.2012.REP,Republican nominee to win Iowa,1,41.1,Oct/12/2012 18:48:59
745754,IA.2012.REP,Republican nominee to win Iowa,3,41.1,Oct/12/2012 18:49:33
745754,IA.2012.REP,Republican nominee to win Iowa,5,40.1,Oct/12/2012 18:49:54
745754,IA.2012.REP,Republican nominee to win Iowa,1,39.1,Oct/12/2012 18:50:10
745754,IA.2012.REP,Republican nominee to win Iowa,1,40.0,Oct/12/2012 20:41:07
745754,IA.2012.REP,Republican nominee to win Iowa,5,40.0,Oct/12/2012 20:41:07
745754,IA.2012.REP,Republican nominee to win Iowa,1,40.0,Oct/12/2012 20:41:25
745754,IA.2012.REP,Republican nominee to win Iowa,5,40.0,Oct/12/2012 20:41:26
745754,IA.2012.REP,Republican nominee to win Iowa,1,40.0,Oct/12/2012 20:41:26
745754,IA.2012.REP,Republican nominee to win Iowa,71,40.0,Oct/12/2012 20:41:27
745754,IA.2012.REP,Republican nominee to win Iowa,1,40.0,Oct/12/2012 20:41:28
745754,IA.2012.REP,Republican nominee to win Iowa,1,40.0,Oct/12/2012 20:41:29
745754,IA.2012.REP,Republican nominee to win Iowa,3,41.9,Oct/12/2012 23:32:05
745754,IA.2012.REP,Republican nominee to win Iowa,1,42.9,Oct/12/2012 23:37:35
745754,IA.2012.REP,Republican nominee to win Iowa,3,42.9,Oct/12/2012 23:45:47
745754,IA.2012.REP,Republican nominee to win Iowa,5,42.9,Oct/12/2012 23:45:47
745754,IA.2012.REP,Republican nominee to win Iowa,18,43.9,Oct/13/2012 00:14:44
745754,IA.2012.REP,Republican nominee to win Iowa,5,43.9,Oct/13/2012 00:14:44
745754,IA.2012.REP,Republican nominee to win Iowa,10,44.0,Oct/13/2012 00:15:04
745754,IA.2012.REP,Republican nominee to win Iowa,2,43.9,Oct/13/2012 01:03:10
745754,IA.2012.REP,Republican nominee to win Iowa,5,41.0,Oct/13/2012 04:13:14
745754,IA.2012.REP,Republican nominee to win Iowa,2,40.5,Oct/13/2012 04:13:26
745754,IA.2012.REP,Republican nominee to win Iowa,1,44.0,Oct/13/2012 05:36:32
745754,IA.2012.REP,Republican nominee to win Iowa,2,43.9,Oct/13/2012 05:36:32
745754,IA.2012.REP,Republican nominee to win Iowa,39,44.0,Oct/13/2012 06:36:00
745754,IA.2012.REP,Republican nominee to win Iowa,3,43.1,Oct/13/2012 13:24:31
745754,IA.2012.REP,Republican nominee to win Iowa,3,43.1,Oct/13/2012 13:24:31
745754,IA.2012.REP,Republican nominee to win Iowa,4,42.7,Oct/13/2012 13:24:39
745754,IA.2012.REP,Republican nominee to win Iowa,1,45.0,Oct/13/2012 14:40:51
745754,IA.2012.REP,Republican nominee to win Iowa,1,44.9,Oct/13/2012 14:40:51
745754,IA.2012.REP,Republican nominee to win Iowa,3,44.9,Oct/13/2012 14:40:51
745754,IA.2012.REP,Republican nominee to win Iowa,1,45.2,Oct/13/2012 14:41:09
745754,IA.2012.REP,Republican nominee to win Iowa,1,45.9,Oct/13/2012 14:52:56
745754,IA.2012.REP,Republican nominee to win Iowa,1,45.3,Oct/13/2012 14:52:56
745754,IA.2012.REP,Republican nominee to win Iowa,3,45.2,Oct/13/2012 14:52:56
745754,IA.2012.REP,Republican nominee to win Iowa,5,45.2,Oct/13/2012 14:52:56
745754,IA.2012.REP,Republican nominee to win Iowa,1,45.3,Oct/13/2012 14:53:09
745754,IA.2012.REP,Republican nominee to win Iowa,3,45.9,Oct/13/2012 14:53:31
745754,IA.2012.REP,Republican nominee to win Iowa,1,46.9,Oct/13/2012 14:53:31
745754,IA.2012.REP,Republican nominee to win Iowa,4,46.9,Oct/13/2012 15:05:34
745754,IA.2012.REP,Republican nominee to win Iowa,5,47.9,Oct/13/2012 15:05:46
745754,IA.2012.REP,Republican nominee to win Iowa,6,47.9,Oct/13/2012 15:05:46
745754,IA.2012.REP,Republican nominee to win Iowa,1,48.2,Oct/13/2012 15:05:57
745754,IA.2012.REP,Republican nominee to win Iowa,1,48.2,Oct/13/2012 15:06:03
745754,IA.2012.REP,Republican nominee to win Iowa,50,48.0,Oct/13/2012 18:03:42
745754,IA.2012.REP,Republican nominee to win Iowa,1,48.7,Oct/13/2012 18:05:53
745754,IA.2012.REP,Republican nominee to win Iowa,1,43.0,Oct/13/2012 18:55:27
745754,IA.2012.REP,Republican nominee to win Iowa,1,42.1,Oct/13/2012 23:56:18
745754,IA.2012.REP,Republican nominee to win Iowa,1,42.1,Oct/14/2012 00:39:03
745754,IA.2012.REP,Republican nominee to win Iowa,2,42.1,Oct/14/2012 00:39:20
745754,IA.2012.REP,Republican nominee to win Iowa,1,41.1,Oct/14/2012 05:45:52
745754,IA.2012.REP,Republican nominee to win Iowa,1,41.2,Oct/14/2012 13:10:47
745754,IA.2012.REP,Republican nominee to win Iowa,2,41.1,Oct/14/2012 13:11:00
745754,IA.2012.REP,Republican nominee to win Iowa,1,42.1,Oct/14/2012 15:51:21
745754,IA.2012.REP,Republican nominee to win Iowa,5,42.5,Oct/14/2012 18:34:25
745754,IA.2012.REP,Republican nominee to win Iowa,2,42.1,Oct/14/2012 19:05:39
745754,IA.2012.REP,Republican nominee to win Iowa,1,42.1,Oct/14/2012 19:05:39
745754,IA.2012.REP,Republican nominee to win Iowa,1,41.1,Oct/15/2012 10:48:56
745754,IA.2012.REP,Republican nominee to win Iowa,4,42.1,Oct/15/2012 10:48:56
745754,IA.2012.REP,Republican nominee to win Iowa,10,44.0,Oct/15/2012 12:54:52
745754,IA.2012.REP,Republican nominee to win Iowa,1,43.9,Oct/15/2012 12:54:52
745754,IA.2012.REP,Republican nominee to win Iowa,1,43.9,Oct/15/2012 12:54:52
745754,IA.2012.REP,Republican nominee to win Iowa,93,44.4,Oct/15/2012 12:54:52
745754,IA.2012.REP,Republican nominee to win Iowa,3,43.9,Oct/15/2012 12:54:52
745754,IA.2012.REP,Republican nominee to win Iowa,45,42.5,Oct/15/2012 12:54:52
745754,IA.2012.REP,Republican nominee to win Iowa,5,42.5,Oct/15/2012 12:54:52
745754,IA.2012.REP,Republican nominee to win Iowa,1,42.8,Oct/15/2012 12:54:52
745754,IA.2012.REP,Republican nominee to win Iowa,5,42.7,Oct/15/2012 12:54:52
745754,IA.2012.REP,Republican nominee to win Iowa,1,41.5,Oct/15/2012 14:27:14
745754,IA.2012.REP,Republican nominee to win Iowa,5,41.5,Oct/15/2012 16:26:22
745754,IA.2012.REP,Republican nominee to win Iowa,1,40.6,Oct/16/2012 02:41:21
745754,IA.2012.REP,Republican nominee to win Iowa,19,40.6,Oct/16/2012 16:19:12
745754,IA.2012.REP,Republican nominee to win Iowa,5,41.5,Oct/16/2012 18:17:10
745754,IA.2012.REP,Republican nominee to win Iowa,1,41.4,Oct/16/2012 18:17:10
745754,IA.2012.REP,Republican nominee to win Iowa,1,41.5,Oct/16/2012 18:57:15
745754,IA.2012.REP,Republican nominee to win Iowa,1,41.5,Oct/16/2012 18:57:16
745754,IA.2012.REP,Republican nominee to win Iowa,5,41.5,Oct/16/2012 18:57:17
745754,IA.2012.REP,Republican nominee to win Iowa,1,41.5,Oct/16/2012 18:57:17
745754,IA.2012.REP,Republican nominee to win Iowa,1,41.5,Oct/16/2012 18:57:39
745754,IA.2012.REP,Republican nominee to win Iowa,1,45.8,Oct/16/2012 18:59:09
745754,IA.2012.REP,Republican nominee to win Iowa,9,46.0,Oct/16/2012 18:59:24
745754,IA.2012.REP,Republican nominee to win Iowa,1,45.8,Oct/16/2012 18:59:24
745754,IA.2012.REP,Republican nominee to win Iowa,1,46.0,Oct/16/2012 18:59:35
745754,IA.2012.REP,Republican nominee to win Iowa,1,45.8,Oct/16/2012 18:59:35
745754,IA.2012.REP,Republican nominee to win Iowa,5,46.7,Oct/16/2012 18:59:35
745754,IA.2012.REP,Republican nominee to win Iowa,1,47.9,Oct/16/2012 19:00:02
745754,IA.2012.REP,Republican nominee to win Iowa,1,48.5,Oct/16/2012 19:00:02
745754,IA.2012.REP,Republican nominee to win Iowa,1,46.8,Oct/16/2012 19:00:02
745754,IA.2012.REP,Republican nominee to win Iowa,5,46.8,Oct/16/2012 19:00:02
745754,IA.2012.REP,Republican nominee to win Iowa,1,41.0,Oct/17/2012 01:33:14
745754,IA.2012.REP,Republican nominee to win Iowa,1,40.6,Oct/17/2012 01:33:14
745754,IA.2012.REP,Republican nominee to win Iowa,1,45.0,Oct/17/2012 01:45:17
745754,IA.2012.REP,Republican nominee to win Iowa,1,40.6,Oct/17/2012 02:51:03
745754,IA.2012.REP,Republican nominee to win Iowa,5,40.6,Oct/17/2012 02:51:03
745754,IA.2012.REP,Republican nominee to win Iowa,50,40.6,Oct/17/2012 02:51:32
745754,IA.2012.REP,Republican nominee to win Iowa,5,40.6,Oct/17/2012 02:52:31
745754,IA.2012.REP,Republican nominee to win Iowa,1,40.6,Oct/17/2012 02:52:31
745754,IA.2012.REP,Republican nominee to win Iowa,1,40.6,Oct/17/2012 02:52:44
745754,IA.2012.REP,Republican nominee to win Iowa,1,40.6,Oct/17/2012 02:53:17
745754,IA.2012.REP,Republican nominee to win Iowa,5,40.6,Oct/17/2012 02:53:18
745754,IA.2012.REP,Republican nominee to win Iowa,1,40.6,Oct/17/2012 02:53:47
745754,IA.2012.REP,Republican nominee to win Iowa,5,40.6,Oct/17/2012 02:53:47
745754,IA.2012.REP,Republican nominee to win Iowa,5,40.6,Oct/17/2012 02:54:07
745754,IA.2012.REP,Republican nominee to win Iowa,1,40.6,Oct/17/2012 02:54:07
745754,IA.2012.REP,Republican nominee to win Iowa,5,41.0,Oct/17/2012 02:54:53
745754,IA.2012.REP,Republican nominee to win Iowa,1,40.7,Oct/17/2012 03:09:37
745754,IA.2012.REP,Republican nominee to win Iowa,4,40.7,Oct/17/2012 03:45:21
745754,IA.2012.REP,Republican nominee to win Iowa,1,40.8,Oct/17/2012 03:45:21
745754,IA.2012.REP,Republican nominee to win Iowa,1,44.9,Oct/17/2012 05:14:31
745754,IA.2012.REP,Republican nominee to win Iowa,1,44.9,Oct/17/2012 05:14:31
745754,IA.2012.REP,Republican nominee to win Iowa,10,42.0,Oct/17/2012 16:27:57
745754,IA.2012.REP,Republican nominee to win Iowa,40,39.5,Oct/18/2012 01:12:14
745754,IA.2012.REP,Republican nominee to win Iowa,1,39.5,Oct/18/2012 01:12:14
745754,IA.2012.REP,Republican nominee to win Iowa,4,39.9,Oct/18/2012 01:12:40
745754,IA.2012.REP,Republican nominee to win Iowa,3,40.0,Oct/18/2012 02:36:56
745754,IA.2012.REP,Republican nominee to win Iowa,1,40.0,Oct/18/2012 04:13:24
745754,IA.2012.REP,Republican nominee to win Iowa,20,40.0,Oct/18/2012 07:36:13
745754,IA.2012.REP,Republican nominee to win Iowa,2,39.5,Oct/18/2012 14:31:42
745754,IA.2012.REP,Republican nominee to win Iowa,1,39.5,Oct/18/2012 15:19:40
745754,IA.2012.REP,Republican nominee to win Iowa,1,39.0,Oct/18/2012 15:19:59
745754,IA.2012.REP,Republican nominee to win Iowa,1,39.0,Oct/18/2012 15:20:07
745754,IA.2012.REP,Republican nominee to win Iowa,1,38.7,Oct/18/2012 16:35:19
745754,IA.2012.REP,Republican nominee to win Iowa,4,38.7,Oct/18/2012 16:35:19
745754,IA.2012.REP,Republican nominee to win Iowa,1,38.1,Oct/18/2012 17:52:45
745754,IA.2012.REP,Republican nominee to win Iowa,1,37.1,Oct/18/2012 18:00:49
745754,IA.2012.REP,Republican nominee to win Iowa,1,37.1,Oct/18/2012 18:00:51
745754,IA.2012.REP,Republican nominee to win Iowa,1,37.1,Oct/18/2012 18:00:52
745754,IA.2012.REP,Republican nominee to win Iowa,1,37.1,Oct/18/2012 18:00:52
745754,IA.2012.REP,Republican nominee to win Iowa,2,37.1,Oct/18/2012 18:07:17
745754,IA.2012.REP,Republican nominee to win Iowa,1,37.1,Oct/18/2012 18:07:17
745754,IA.2012.REP,Republican nominee to win Iowa,1,37.1,Oct/18/2012 20:35:33
745754,IA.2012.REP,Republican nominee to win Iowa,20,36.7,Oct/18/2012 22:29:12
745754,IA.2012.REP,Republican nominee to win Iowa,10,36.7,Oct/18/2012 22:29:38
745754,IA.2012.REP,Republican nominee to win Iowa,18,36.7,Oct/18/2012 22:31:13
745754,IA.2012.REP,Republican nominee to win Iowa,2,36.7,Oct/18/2012 22:31:13
745754,IA.2012.REP,Republican nominee to win Iowa,1,38.0,Oct/18/2012 22:40:49
745754,IA.2012.REP,Republican nominee to win Iowa,5,38.0,Oct/18/2012 22:40:49
745754,IA.2012.REP,Republican nominee to win Iowa,2,38.0,Oct/18/2012 22:40:49
745754,IA.2012.REP,Republican nominee to win Iowa,1,38.0,Oct/18/2012 22:40:59
745754,IA.2012.REP,Republican nominee to win Iowa,4,38.1,Oct/18/2012 22:41:21
745754,IA.2012.REP,Republican nominee to win Iowa,1,38.0,Oct/18/2012 22:41:21
745754,IA.2012.REP,Republican nominee to win Iowa,1,39.0,Oct/18/2012 23:04:31
745754,IA.2012.REP,Republican nominee to win Iowa,1,36.9,Oct/19/2012 00:02:51
745754,IA.2012.REP,Republican nominee to win Iowa,5,36.9,Oct/19/2012 00:02:51
745754,IA.2012.REP,Republican nominee to win Iowa,1,36.9,Oct/19/2012 00:02:52
745754,IA.2012.REP,Republican nominee to win Iowa,4,36.9,Oct/19/2012 00:02:52
745754,IA.2012.REP,Republican nominee to win Iowa,1,36.9,Oct/19/2012 00:02:53
745754,IA.2012.REP,Republican nominee to win Iowa,1,39.0,Oct/19/2012 00:41:49
745754,IA.2012.REP,Republican nominee to win Iowa,1,38.5,Oct/19/2012 03:28:50
745754,IA.2012.REP,Republican nominee to win Iowa,10,39.0,Oct/19/2012 03:40:54
745754,IA.2012.REP,Republican nominee to win Iowa,16,37.0,Oct/19/2012 04:34:40
745754,IA.2012.REP,Republican nominee to win Iowa,5,37.0,Oct/19/2012 04:34:40
745754,IA.2012.REP,Republican nominee to win Iowa,50,36.7,Oct/19/2012 05:11:05
745754,IA.2012.REP,Republican nominee to win Iowa,1,37.0,Oct/19/2012 05:15:54
745754,IA.2012.REP,Republican nominee to win Iowa,100,36.5,Oct/19/2012 06:03:33
745754,IA.2012.REP,Republican nominee to win Iowa,5,36.5,Oct/19/2012 06:03:33
745754,IA.2012.REP,Republican nominee to win Iowa,1,36.2,Oct/19/2012 11:46:55
745754,IA.2012.REP,Republican nominee to win Iowa,6,36.6,Oct/19/2012 11:48:06
745754,IA.2012.REP,Republican nominee to win Iowa,4,36.1,Oct/19/2012 13:02:52
745754,IA.2012.REP,Republican nominee to win Iowa,1,37.1,Oct/19/2012 14:35:53
745754,IA.2012.REP,Republican nominee to win Iowa,150,37.5,Oct/19/2012 17:10:32
745754,IA.2012.REP,Republican nominee to win Iowa,1,40.1,Oct/19/2012 17:11:24
745754,IA.2012.REP,Republican nominee to win Iowa,1,39.7,Oct/19/2012 17:11:24
745754,IA.2012.REP,Republican nominee to win Iowa,1,38.1,Oct/19/2012 19:25:14
745754,IA.2012.REP,Republican nominee to win Iowa,4,38.1,Oct/19/2012 19:25:14
745754,IA.2012.REP,Republican nominee to win Iowa,2,38.1,Oct/19/2012 19:25:14
745754,IA.2012.REP,Republican nominee to win Iowa,3,39.5,Oct/19/2012 20:04:02
745754,IA.2012.REP,Republican nominee to win Iowa,5,39.5,Oct/19/2012 20:04:02
745754,IA.2012.REP,Republican nominee to win Iowa,1,39.5,Oct/19/2012 20:04:02
745754,IA.2012.REP,Republican nominee to win Iowa,1,39.5,Oct/19/2012 20:04:12
745754,IA.2012.REP,Republican nominee to win Iowa,1,40.9,Oct/20/2012 04:36:24
745754,IA.2012.REP,Republican nominee to win Iowa,7,39.5,Oct/20/2012 04:36:24
745754,IA.2012.REP,Republican nominee to win Iowa,1,39.4,Oct/20/2012 04:36:24
745754,IA.2012.REP,Republican nominee to win Iowa,5,39.5,Oct/20/2012 04:36:24
745754,IA.2012.REP,Republican nominee to win Iowa,1,38.0,Oct/20/2012 07:29:42
745754,IA.2012.REP,Republican nominee to win Iowa,1,38.0,Oct/20/2012 07:29:47
745754,IA.2012.REP,Republican nominee to win Iowa,8,38.0,Oct/20/2012 08:30:36
745754,IA.2012.REP,Republican nominee to win Iowa,6,36.8,Oct/20/2012 10:08:37
745754,IA.2012.REP,Republican nominee to win Iowa,6,36.8,Oct/20/2012 10:09:01
745754,IA.2012.REP,Republican nominee to win Iowa,6,36.8,Oct/20/2012 10:09:24
745754,IA.2012.REP,Republican nominee to win Iowa,1,38.0,Oct/20/2012 15:20:33
745754,IA.2012.REP,Republican nominee to win Iowa,39,38.0,Oct/20/2012 19:00:50
745754,IA.2012.REP,Republican nominee to win Iowa,10,39.0,Oct/20/2012 19:01:20
745754,IA.2012.REP,Republican nominee to win Iowa,1,39.4,Oct/20/2012 19:01:30
745754,IA.2012.REP,Republican nominee to win Iowa,5,39.4,Oct/20/2012 19:01:30
745754,IA.2012.REP,Republican nominee to win Iowa,1,37.6,Oct/21/2012 00:53:36
745754,IA.2012.REP,Republican nominee to win Iowa,1,40.9,Oct/21/2012 06:57:14
745754,IA.2012.REP,Republican nominee to win Iowa,3,40.9,Oct/21/2012 16:02:24
745754,IA.2012.REP,Republican nominee to win Iowa,1,39.0,Oct/21/2012 16:02:24
745754,IA.2012.REP,Republican nominee to win Iowa,5,39.0,Oct/21/2012 16:02:24
745754,IA.2012.REP,Republican nominee to win Iowa,5,41.9,Oct/21/2012 16:02:40
745754,IA.2012.REP,Republican nominee to win Iowa,1,39.0,Oct/21/2012 16:02:40
745754,IA.2012.REP,Republican nominee to win Iowa,5,39.0,Oct/21/2012 16:02:40
745754,IA.2012.REP,Republican nominee to win Iowa,1,41.9,Oct/21/2012 16:02:54
745754,IA.2012.REP,Republican nominee to win Iowa,2,42.3,Oct/21/2012 16:02:54
745754,IA.2012.REP,Republican nominee to win Iowa,1,39.0,Oct/21/2012 16:02:54
745754,IA.2012.REP,Republican nominee to win Iowa,5,39.0,Oct/21/2012 16:02:54
745754,IA.2012.REP,Republican nominee to win Iowa,1,42.4,Oct/21/2012 16:03:11
745754,IA.2012.REP,Republican nominee to win Iowa,3,42.3,Oct/21/2012 16:03:11
745754,IA.2012.REP,Republican nominee to win Iowa,2,42.3,Oct/21/2012 16:03:11
745754,IA.2012.REP,Republican nominee to win Iowa,1,39.0,Oct/21/2012 16:03:11
745754,IA.2012.REP,Republican nominee to win Iowa,5,39.0,Oct/21/2012 16:03:11
745754,IA.2012.REP,Republican nominee to win Iowa,1,39.0,Oct/21/2012 16:03:23
745754,IA.2012.REP,Republican nominee to win Iowa,4,39.0,Oct/21/2012 16:03:23
745754,IA.2012.REP,Republican nominee to win Iowa,5,39.0,Oct/21/2012 16:03:31
745754,IA.2012.REP,Republican nominee to win Iowa,1,39.0,Oct/21/2012 16:03:31
745754,IA.2012.REP,Republican nominee to win Iowa,1,39.0,Oct/21/2012 16:03:36
745754,IA.2012.REP,Republican nominee to win Iowa,5,39.0,Oct/21/2012 16:03:42
745754,IA.2012.REP,Republican nominee to win Iowa,1,39.0,Oct/21/2012 16:03:48
745754,IA.2012.REP,Republican nominee to win Iowa,5,39.0,Oct/21/2012 16:03:48
745754,IA.2012.REP,Republican nominee to win Iowa,1,42.4,Oct/21/2012 16:04:08
745754,IA.2012.REP,Republican nominee to win Iowa,1,39.0,Oct/21/2012 16:04:08
745754,IA.2012.REP,Republican nominee to win Iowa,5,39.0,Oct/21/2012 16:04:08
745754,IA.2012.REP,Republican nominee to win Iowa,1,42.4,Oct/21/2012 16:04:19
745754,IA.2012.REP,Republican nominee to win Iowa,1,39.0,Oct/21/2012 16:04:19
745754,IA.2012.REP,Republican nominee to win Iowa,5,39.0,Oct/21/2012 16:04:19
745754,IA.2012.REP,Republican nominee to win Iowa,1,42.4,Oct/21/2012 16:40:56
745754,IA.2012.REP,Republican nominee to win Iowa,1,39.0,Oct/21/2012 16:40:56
745754,IA.2012.REP,Republican nominee to win Iowa,5,39.0,Oct/21/2012 16:40:56
745754,IA.2012.REP,Republican nominee to win Iowa,1,37.0,Oct/21/2012 17:26:13
745754,IA.2012.REP,Republican nominee to win Iowa,1,42.3,Oct/21/2012 18:20:22
745754,IA.2012.REP,Republican nominee to win Iowa,1,38.1,Oct/21/2012 18:20:22
745754,IA.2012.REP,Republican nominee to win Iowa,5,38.1,Oct/21/2012 18:20:22
745754,IA.2012.REP,Republican nominee to win Iowa,3,36.9,Oct/21/2012 21:08:06
745754,IA.2012.REP,Republican nominee to win Iowa,2,36.9,Oct/21/2012 23:27:49
745754,IA.2012.REP,Republican nominee to win Iowa,1,38.1,Oct/21/2012 23:27:49
745754,IA.2012.REP,Republican nominee to win Iowa,5,38.1,Oct/21/2012 23:30:07
745754,IA.2012.REP,Republican nominee to win Iowa,1,38.1,Oct/21/2012 23:30:07
745754,IA.2012.REP,Republican nominee to win Iowa,1,38.1,Oct/21/2012 23:30:15
745754,IA.2012.REP,Republican nominee to win Iowa,1,38.1,Oct/21/2012 23:30:33
745754,IA.2012.REP,Republican nominee to win Iowa,5,39.1,Oct/21/2012 23:30:33
745754,IA.2012.REP,Republican nominee to win Iowa,5,39.1,Oct/21/2012 23:30:46
745754,IA.2012.REP,Republican nominee to win Iowa,1,39.1,Oct/21/2012 23:30:46
745754,IA.2012.REP,Republican nominee to win Iowa,1,39.1,Oct/21/2012 23:31:06
745754,IA.2012.REP,Republican nominee to win Iowa,4,39.3,Oct/21/2012 23:31:23
745754,IA.2012.REP,Republican nominee to win Iowa,1,39.1,Oct/21/2012 23:31:23
745754,IA.2012.REP,Republican nominee to win Iowa,1,39.2,Oct/21/2012 23:31:30
745754,IA.2012.REP,Republican nominee to win Iowa,4,39.4,Oct/21/2012 23:31:41
745754,IA.2012.REP,Republican nominee to win Iowa,1,39.3,Oct/21/2012 23:31:41
745754,IA.2012.REP,Republican nominee to win Iowa,3,42.3,Oct/21/2012 23:32:07
745754,IA.2012.REP,Republican nominee to win Iowa,5,39.4,Oct/21/2012 23:32:07
745754,IA.2012.REP,Republican nominee to win Iowa,1,39.3,Oct/21/2012 23:32:07
745754,IA.2012.REP,Republican nominee to win Iowa,1,39.4,Oct/21/2012 23:40:01
745754,IA.2012.REP,Republican nominee to win Iowa,1,42.4,Oct/21/2012 23:40:01
745754,IA.2012.REP,Republican nominee to win Iowa,5,39.4,Oct/21/2012 23:40:01
745754,IA.2012.REP,Republican nominee to win Iowa,1,36.8,Oct/21/2012 23:57:08
745754,IA.2012.REP,Republican nominee to win Iowa,1,39.4,Oct/22/2012 00:09:10
745754,IA.2012.REP,Republican nominee to win Iowa,6,36.8,Oct/22/2012 06:56:02
745754,IA.2012.REP,Republican nominee to win Iowa,6,36.8,Oct/22/2012 06:56:18
745754,IA.2012.REP,Republican nominee to win Iowa,6,36.8,Oct/22/2012 06:56:42
745754,IA.2012.REP,Republican nominee to win Iowa,6,36.8,Oct/22/2012 06:57:01
745754,IA.2012.REP,Republican nominee to win Iowa,1,38.0,Oct/22/2012 14:00:38
745754,IA.2012.REP,Republican nominee to win Iowa,5,38.0,Oct/22/2012 14:00:38
745754,IA.2012.REP,Republican nominee to win Iowa,10,38.0,Oct/22/2012 14:01:05
745754,IA.2012.REP,Republican nominee to win Iowa,10,38.0,Oct/22/2012 14:01:24
745754,IA.2012.REP,Republican nominee to win Iowa,20,38.0,Oct/22/2012 14:01:58
745754,IA.2012.REP,Republican nominee to win Iowa,1,38.0,Oct/22/2012 14:02:13
745754,IA.2012.REP,Republican nominee to win Iowa,1,38.0,Oct/22/2012 14:02:24
745754,IA.2012.REP,Republican nominee to win Iowa,1,38.0,Oct/22/2012 14:07:20
745754,IA.2012.REP,Republican nominee to win Iowa,10,42.4,Oct/22/2012 14:07:56
745754,IA.2012.REP,Republican nominee to win Iowa,3,39.3,Oct/22/2012 14:07:56
745754,IA.2012.REP,Republican nominee to win Iowa,1,38.0,Oct/22/2012 14:07:56
745754,IA.2012.REP,Republican nominee to win Iowa,5,39.4,Oct/22/2012 14:07:56
745754,IA.2012.REP,Republican nominee to win Iowa,1,42.4,Oct/22/2012 14:16:05
745754,IA.2012.REP,Republican nominee to win Iowa,5,42.4,Oct/22/2012 14:16:05
745754,IA.2012.REP,Republican nominee to win Iowa,20,42.4,Oct/22/2012 14:16:23
745754,IA.2012.REP,Republican nominee to win Iowa,6,41.5,Oct/22/2012 19:54:19
745754,IA.2012.REP,Republican nominee to win Iowa,5,42.0,Oct/22/2012 20:04:27
745754,IA.2012.REP,Republican nominee to win Iowa,1,42.4,Oct/22/2012 20:51:37
745754,IA.2012.REP,Republican nominee to win Iowa,2,38.5,Oct/23/2012 03:17:46
745754,IA.2012.REP,Republican nominee to win Iowa,5,38.5,Oct/23/2012 03:21:27
745754,IA.2012.REP,Republican nominee to win Iowa,1,42.4,Oct/23/2012 04:05:17
745754,IA.2012.REP,Republican nominee to win Iowa,1,42.3,Oct/23/2012 04:05:17
745754,IA.2012.REP,Republican nominee to win Iowa,1,38.3,Oct/23/2012 04:53:29
745754,IA.2012.REP,Republican nominee to win Iowa,1,38.4,Oct/23/2012 04:53:29
745754,IA.2012.REP,Republican nominee to win Iowa,3,38.5,Oct/23/2012 04:53:29
745754,IA.2012.REP,Republican nominee to win Iowa,5,38.2,Oct/23/2012 04:53:48
745754,IA.2012.REP,Republican nominee to win Iowa,1,42.0,Oct/23/2012 06:24:21
745754,IA.2012.REP,Republican nominee to win Iowa,2,38.2,Oct/23/2012 11:46:03
745754,IA.2012.REP,Republican nominee to win Iowa,2,38.2,Oct/23/2012 11:46:03
745754,IA.2012.REP,Republican nominee to win Iowa,1,38.2,Oct/23/2012 11:46:27
745754,IA.2012.REP,Republican nominee to win Iowa,1,38.0,Oct/23/2012 14:07:05
745754,IA.2012.REP,Republican nominee to win Iowa,5,37.0,Oct/23/2012 14:07:06
745754,IA.2012.REP,Republican nominee to win Iowa,1,36.3,Oct/23/2012 15:49:59
745754,IA.2012.REP,Republican nominee to win Iowa,4,36.3,Oct/23/2012 15:49:59
745754,IA.2012.REP,Republican nominee to win Iowa,1,36.3,Oct/23/2012 15:49:59
745754,IA.2012.REP,Republican nominee to win Iowa,1,36.3,Oct/23/2012 15:50:19
745754,IA.2012.REP,Republican nominee to win Iowa,5,39.1,Oct/23/2012 18:07:32
745754,IA.2012.REP,Republican nominee to win Iowa,1,42.4,Oct/23/2012 19:01:41
745754,IA.2012.REP,Republican nominee to win Iowa,3,42.0,Oct/23/2012 19:01:41
745754,IA.2012.REP,Republican nominee to win Iowa,3,39.1,Oct/23/2012 19:01:41
745754,IA.2012.REP,Republican nominee to win Iowa,5,39.1,Oct/23/2012 19:01:41
745754,IA.2012.REP,Republican nominee to win Iowa,5,37.2,Oct/23/2012 21:48:06
745754,IA.2012.REP,Republican nominee to win Iowa,1,37.2,Oct/23/2012 21:48:06
745754,IA.2012.REP,Republican nominee to win Iowa,4,39.9,Oct/23/2012 22:04:42
745754,IA.2012.REP,Republican nominee to win Iowa,1,37.9,Oct/23/2012 22:04:42
745754,IA.2012.REP,Republican nominee to win Iowa,5,37.9,Oct/23/2012 22:04:42
745754,IA.2012.REP,Republican nominee to win Iowa,1,40.0,Oct/23/2012 22:35:41
745754,IA.2012.REP,Republican nominee to win Iowa,14,37.2,Oct/23/2012 22:37:20
745754,IA.2012.REP,Republican nominee to win Iowa,5,37.2,Oct/23/2012 22:37:20
745754,IA.2012.REP,Republican nominee to win Iowa,5,37.1,Oct/23/2012 22:38:05
745754,IA.2012.REP,Republican nominee to win Iowa,5,37.1,Oct/23/2012 23:32:03
745754,IA.2012.REP,Republican nominee to win Iowa,1,37.1,Oct/23/2012 23:32:03
745754,IA.2012.REP,Republican nominee to win Iowa,4,37.1,Oct/24/2012 00:04:10
745754,IA.2012.REP,Republican nominee to win Iowa,1,37.0,Oct/24/2012 00:04:10
745754,IA.2012.REP,Republican nominee to win Iowa,5,37.0,Oct/24/2012 00:04:10
745754,IA.2012.REP,Republican nominee to win Iowa,1,37.0,Oct/24/2012 00:31:35
745754,IA.2012.REP,Republican nominee to win Iowa,3,37.1,Oct/24/2012 00:31:35
745754,IA.2012.REP,Republican nominee to win Iowa,1,37.1,Oct/24/2012 01:19:04
745754,IA.2012.REP,Republican nominee to win Iowa,5,37.1,Oct/24/2012 01:19:04
745754,IA.2012.REP,Republican nominee to win Iowa,13,37.1,Oct/24/2012 01:19:07
745754,IA.2012.REP,Republican nominee to win Iowa,2,39.1,Oct/24/2012 01:51:08
745754,IA.2012.REP,Republican nominee to win Iowa,5,39.1,Oct/24/2012 01:51:08
745754,IA.2012.REP,Republican nominee to win Iowa,1,40.0,Oct/24/2012 01:51:23
745754,IA.2012.REP,Republican nominee to win Iowa,1,40.0,Oct/24/2012 01:51:41
745754,IA.2012.REP,Republican nominee to win Iowa,1,40.0,Oct/24/2012 01:51:41
745754,IA.2012.REP,Republican nominee to win Iowa,10,40.0,Oct/24/2012 02:20:26
745754,IA.2012.REP,Republican nominee to win Iowa,60,40.0,Oct/24/2012 02:21:13
745754,IA.2012.REP,Republican nominee to win Iowa,20,40.0,Oct/24/2012 02:41:55
745754,IA.2012.REP,Republican nominee to win Iowa,10,40.0,Oct/24/2012 03:08:14
745754,IA.2012.REP,Republican nominee to win Iowa,5,40.0,Oct/24/2012 03:08:15
745754,IA.2012.REP,Republican nominee to win Iowa,10,40.0,Oct/24/2012 03:08:34
745754,IA.2012.REP,Republican nominee to win Iowa,5,40.0,Oct/24/2012 03:08:34
745754,IA.2012.REP,Republican nominee to win Iowa,9,40.0,Oct/24/2012 03:08:54
745754,IA.2012.REP,Republican nominee to win Iowa,5,40.0,Oct/24/2012 03:08:54
745754,IA.2012.REP,Republican nominee to win Iowa,5,40.0,Oct/24/2012 03:29:56
745754,IA.2012.REP,Republican nominee to win Iowa,9,40.0,Oct/24/2012 03:29:56
745754,IA.2012.REP,Republican nominee to win Iowa,9,40.0,Oct/24/2012 03:30:38
745754,IA.2012.REP,Republican nominee to win Iowa,5,40.0,Oct/24/2012 03:30:39
745754,IA.2012.REP,Republican nominee to win Iowa,8,40.0,Oct/24/2012 03:30:59
745754,IA.2012.REP,Republican nominee to win Iowa,1,40.0,Oct/24/2012 03:30:59
745754,IA.2012.REP,Republican nominee to win Iowa,8,40.0,Oct/24/2012 03:31:21
745754,IA.2012.REP,Republican nominee to win Iowa,2,40.0,Oct/24/2012 03:31:21
745754,IA.2012.REP,Republican nominee to win Iowa,8,40.0,Oct/24/2012 03:31:58
745754,IA.2012.REP,Republican nominee to win Iowa,5,40.0,Oct/24/2012 03:31:58
745754,IA.2012.REP,Republican nominee to win Iowa,100,40.0,Oct/24/2012 03:44:08
745754,IA.2012.REP,Republican nominee to win Iowa,50,40.0,Oct/24/2012 03:44:51
745754,IA.2012.REP,Republican nominee to win Iowa,1,40.0,Oct/24/2012 03:50:56
745754,IA.2012.REP,Republican nominee to win Iowa,15,40.0,Oct/24/2012 04:01:26
745754,IA.2012.REP,Republican nominee to win Iowa,4,40.0,Oct/24/2012 05:20:34
745754,IA.2012.REP,Republican nominee to win Iowa,5,40.0,Oct/24/2012 06:09:52
745754,IA.2012.REP,Republican nominee to win Iowa,4,40.0,Oct/24/2012 06:10:22
745754,IA.2012.REP,Republican nominee to win Iowa,1,40.0,Oct/24/2012 06:10:22
745754,IA.2012.REP,Republican nominee to win Iowa,4,40.0,Oct/24/2012 06:11:41
745754,IA.2012.REP,Republican nominee to win Iowa,4,40.0,Oct/24/2012 06:11:41
745754,IA.2012.REP,Republican nominee to win Iowa,1,40.0,Oct/24/2012 06:11:42
745754,IA.2012.REP,Republican nominee to win Iowa,1,40.0,Oct/24/2012 06:11:43
745754,IA.2012.REP,Republican nominee to win Iowa,1,40.0,Oct/24/2012 06:28:56
745754,IA.2012.REP,Republican nominee to win Iowa,4,40.0,Oct/24/2012 06:40:33
745754,IA.2012.REP,Republican nominee to win Iowa,4,40.0,Oct/24/2012 06:44:18
745754,IA.2012.REP,Republican nominee to win Iowa,1,40.0,Oct/24/2012 06:44:20
745754,IA.2012.REP,Republican nominee to win Iowa,1,40.0,Oct/24/2012 06:44:21
745754,IA.2012.REP,Republican nominee to win Iowa,2,40.0,Oct/24/2012 06:44:29
745754,IA.2012.REP,Republican nominee to win Iowa,4,40.0,Oct/24/2012 06:44:40
745754,IA.2012.REP,Republican nominee to win Iowa,1,40.0,Oct/24/2012 06:44:41
745754,IA.2012.REP,Republican nominee to win Iowa,1,40.0,Oct/24/2012 06:44:42
745754,IA.2012.REP,Republican nominee to win Iowa,8,40.0,Oct/24/2012 06:46:07
745754,IA.2012.REP,Republican nominee to win Iowa,3,40.0,Oct/24/2012 06:46:53
745754,IA.2012.REP,Republican nominee to win Iowa,3,40.0,Oct/24/2012 06:47:20
745754,IA.2012.REP,Republican nominee to win Iowa,1,40.0,Oct/24/2012 06:47:21
745754,IA.2012.REP,Republican nominee to win Iowa,1,40.0,Oct/24/2012 06:47:22
745754,IA.2012.REP,Republican nominee to win Iowa,1,40.0,Oct/24/2012 06:47:22
745754,IA.2012.REP,Republican nominee to win Iowa,1,40.0,Oct/24/2012 09:26:43
745754,IA.2012.REP,Republican nominee to win Iowa,1,40.0,Oct/24/2012 09:26:43
745754,IA.2012.REP,Republican nominee to win Iowa,40,40.0,Oct/24/2012 09:26:43
745754,IA.2012.REP,Republican nominee to win Iowa,10,40.0,Oct/24/2012 09:26:43
745754,IA.2012.REP,Republican nominee to win Iowa,20,40.0,Oct/24/2012 09:26:43
745754,IA.2012.REP,Republican nominee to win Iowa,10,40.0,Oct/24/2012 09:26:43
745754,IA.2012.REP,Republican nominee to win Iowa,10,40.0,Oct/24/2012 09:26:43
745754,IA.2012.REP,Republican nominee to win Iowa,92,40.0,Oct/24/2012 09:26:55
745754,IA.2012.REP,Republican nominee to win Iowa,1,40.0,Oct/24/2012 11:12:17
745754,IA.2012.REP,Republican nominee to win Iowa,20,40.0,Oct/24/2012 16:51:50
745754,IA.2012.REP,Republican nominee to win Iowa,5,37.0,Oct/24/2012 17:19:40
745754,IA.2012.REP,Republican nominee to win Iowa,5,36.9,Oct/24/2012 17:19:41
745754,IA.2012.REP,Republican nominee to win Iowa,2,39.5,Oct/24/2012 17:46:53
745754,IA.2012.REP,Republican nominee to win Iowa,5,40.9,Oct/24/2012 19:48:52
745754,IA.2012.REP,Republican nominee to win Iowa,6,40.8,Oct/24/2012 19:48:52
745754,IA.2012.REP,Republican nominee to win Iowa,5,40.0,Oct/24/2012 19:48:52
745754,IA.2012.REP,Republican nominee to win Iowa,2,39.5,Oct/24/2012 19:48:52
745754,IA.2012.REP,Republican nominee to win Iowa,5,40.2,Oct/24/2012 19:48:52
745754,IA.2012.REP,Republican nominee to win Iowa,1,39.5,Oct/24/2012 19:48:52
745754,IA.2012.REP,Republican nominee to win Iowa,18,40.9,Oct/24/2012 19:48:53
745754,IA.2012.REP,Republican nominee to win Iowa,1,40.9,Oct/24/2012 19:48:54
745754,IA.2012.REP,Republican nominee to win Iowa,1,40.0,Oct/24/2012 19:49:29
745754,IA.2012.REP,Republican nominee to win Iowa,5,40.0,Oct/24/2012 19:49:29
745754,IA.2012.REP,Republican nominee to win Iowa,22,42.5,Oct/24/2012 19:50:07
745754,IA.2012.REP,Republican nominee to win Iowa,6,41.9,Oct/24/2012 19:50:07
745754,IA.2012.REP,Republican nominee to win Iowa,1,40.0,Oct/24/2012 19:58:05
745754,IA.2012.REP,Republican nominee to win Iowa,2,40.0,Oct/24/2012 19:58:05
745754,IA.2012.REP,Republican nominee to win Iowa,2,39.6,Oct/24/2012 22:11:14
745754,IA.2012.REP,Republican nominee to win Iowa,1,40.0,Oct/25/2012 00:19:03
745754,IA.2012.REP,Republican nominee to win Iowa,17,42.5,Oct/25/2012 00:43:08
745754,IA.2012.REP,Republican nominee to win Iowa,2,40.0,Oct/25/2012 00:43:08
745754,IA.2012.REP,Republican nominee to win Iowa,5,41.7,Oct/25/2012 00:43:08
745754,IA.2012.REP,Republican nominee to win Iowa,1,41.8,Oct/25/2012 00:43:08
745754,IA.2012.REP,Republican nominee to win Iowa,5,39.6,Oct/25/2012 00:48:30
745754,IA.2012.REP,Republican nominee to win Iowa,1,37.3,Oct/25/2012 02:43:41
745754,IA.2012.REP,Republican nominee to win Iowa,5,37.3,Oct/25/2012 02:43:41
745754,IA.2012.REP,Republican nominee to win Iowa,2,39.0,Oct/25/2012 04:18:22
745754,IA.2012.REP,Republican nominee to win Iowa,1,38.9,Oct/25/2012 04:18:22
745754,IA.2012.REP,Republican nominee to win Iowa,1,39.0,Oct/25/2012 09:53:48
745754,IA.2012.REP,Republican nominee to win Iowa,2,37.3,Oct/25/2012 13:46:48
745754,IA.2012.REP,Republican nominee to win Iowa,5,38.8,Oct/25/2012 15:36:41
745754,IA.2012.REP,Republican nominee to win Iowa,1,37.3,Oct/25/2012 16:04:43
745754,IA.2012.REP,Republican nominee to win Iowa,1,37.3,Oct/25/2012 16:04:52
745754,IA.2012.REP,Republican nominee to win Iowa,4,37.0,Oct/25/2012 16:04:53
745754,IA.2012.REP,Republican nominee to win Iowa,1,37.0,Oct/25/2012 17:38:25
745754,IA.2012.REP,Republican nominee to win Iowa,1,37.0,Oct/25/2012 17:38:35
745754,IA.2012.REP,Republican nominee to win Iowa,1,37.0,Oct/25/2012 17:38:54
745754,IA.2012.REP,Republican nominee to win Iowa,2,40.0,Oct/25/2012 17:44:57
745754,IA.2012.REP,Republican nominee to win Iowa,22,39.9,Oct/25/2012 17:44:57
745754,IA.2012.REP,Republican nominee to win Iowa,1,39.3,Oct/25/2012 17:44:57
745754,IA.2012.REP,Republican nominee to win Iowa,2,39.3,Oct/25/2012 17:44:57
745754,IA.2012.REP,Republican nominee to win Iowa,5,39.3,Oct/25/2012 17:44:57
745754,IA.2012.REP,Republican nominee to win Iowa,1,40.0,Oct/25/2012 17:45:17
745754,IA.2012.REP,Republican nominee to win Iowa,1,39.3,Oct/25/2012 17:45:17
745754,IA.2012.REP,Republican nominee to win Iowa,1,40.0,Oct/25/2012 17:45:19
745754,IA.2012.REP,Republican nominee to win Iowa,1,39.3,Oct/25/2012 17:45:47
745754,IA.2012.REP,Republican nominee to win Iowa,17,42.5,Oct/25/2012 17:45:47
745754,IA.2012.REP,Republican nominee to win Iowa,10,42.4,Oct/25/2012 17:45:47
745754,IA.2012.REP,Republican nominee to win Iowa,10,40.1,Oct/25/2012 17:45:47
745754,IA.2012.REP,Republican nominee to win Iowa,5,37.9,Oct/25/2012 23:58:14
745754,IA.2012.REP,Republican nominee to win Iowa,1,37.0,Oct/26/2012 00:14:13
745754,IA.2012.REP,Republican nominee to win Iowa,3,38.7,Oct/26/2012 03:55:31
745754,IA.2012.REP,Republican nominee to win Iowa,2,38.0,Oct/26/2012 03:55:31
745754,IA.2012.REP,Republican nominee to win Iowa,4,37.0,Oct/26/2012 04:36:31
745754,IA.2012.REP,Republican nominee to win Iowa,1,37.0,Oct/26/2012 04:36:31
745754,IA.2012.REP,Republican nominee to win Iowa,1,37.0,Oct/26/2012 04:36:39
745754,IA.2012.REP,Republican nominee to win Iowa,23,37.0,Oct/26/2012 06:19:12
745754,IA.2012.REP,Republican nominee to win Iowa,13,36.3,Oct/26/2012 15:12:16
745754,IA.2012.REP,Republican nominee to win Iowa,5,35.5,Oct/26/2012 16:06:24
745754,IA.2012.REP,Republican nominee to win Iowa,1,35.5,Oct/26/2012 16:07:15
745754,IA.2012.REP,Republican nominee to win Iowa,5,35.5,Oct/26/2012 16:07:15
745754,IA.2012.REP,Republican nominee to win Iowa,4,35.5,Oct/26/2012 16:07:33
745754,IA.2012.REP,Republican nominee to win Iowa,1,35.5,Oct/26/2012 16:07:33
745754,IA.2012.REP,Republican nominee to win Iowa,1,35.5,Oct/26/2012 16:07:42
745754,IA.2012.REP,Republican nominee to win Iowa,1,35.5,Oct/26/2012 16:07:48
745754,IA.2012.REP,Republican nominee to win Iowa,1,35.5,Oct/26/2012 16:07:52
745754,IA.2012.REP,Republican nominee to win Iowa,1,35.5,Oct/26/2012 16:08:03
745754,IA.2012.REP,Republican nominee to win Iowa,1,36.0,Oct/26/2012 17:01:06
745754,IA.2012.REP,Republican nominee to win Iowa,22,37.0,Oct/26/2012 17:19:09
745754,IA.2012.REP,Republican nominee to win Iowa,5,35.5,Oct/26/2012 17:21:29
745754,IA.2012.REP,Republican nominee to win Iowa,5,35.0,Oct/26/2012 18:12:10
745754,IA.2012.REP,Republican nominee to win Iowa,1,35.0,Oct/26/2012 18:14:29
745754,IA.2012.REP,Republican nominee to win Iowa,2,35.0,Oct/26/2012 18:14:29
745754,IA.2012.REP,Republican nominee to win Iowa,6,35.0,Oct/26/2012 18:33:56
745754,IA.2012.REP,Republican nominee to win Iowa,3,38.7,Oct/26/2012 19:01:35
745754,IA.2012.REP,Republican nominee to win Iowa,11,38.6,Oct/26/2012 19:01:35
745754,IA.2012.REP,Republican nominee to win Iowa,5,37.9,Oct/26/2012 19:01:35
745754,IA.2012.REP,Republican nominee to win Iowa,5,37.9,Oct/26/2012 19:01:35
745754,IA.2012.REP,Republican nominee to win Iowa,1,38.0,Oct/26/2012 19:01:35
745754,IA.2012.REP,Republican nominee to win Iowa,11,35.0,Oct/26/2012 19:47:05
745754,IA.2012.REP,Republican nominee to win Iowa,5,35.0,Oct/26/2012 19:47:05
745754,IA.2012.REP,Republican nominee to win Iowa,39,33.5,Oct/27/2012 02:44:58
745754,IA.2012.REP,Republican nominee to win Iowa,1,33.5,Oct/27/2012 02:48:55
745754,IA.2012.REP,Republican nominee to win Iowa,5,33.5,Oct/27/2012 02:48:56
745754,IA.2012.REP,Republican nominee to win Iowa,1,33.5,Oct/27/2012 03:50:30
745754,IA.2012.REP,Republican nominee to win Iowa,1,33.5,Oct/27/2012 03:50:42
745754,IA.2012.REP,Republican nominee to win Iowa,1,33.5,Oct/27/2012 04:45:03
745754,IA.2012.REP,Republican nominee to win Iowa,2,33.5,Oct/27/2012 04:45:04
745754,IA.2012.REP,Republican nominee to win Iowa,4,35.9,Oct/27/2012 14:30:11
745754,IA.2012.REP,Republican nominee to win Iowa,1,33.0,Oct/27/2012 15:32:31
745754,IA.2012.REP,Republican nominee to win Iowa,2,36.0,Oct/27/2012 17:05:18
745754,IA.2012.REP,Republican nominee to win Iowa,1,36.4,Oct/27/2012 21:27:32
745754,IA.2012.REP,Republican nominee to win Iowa,1,33.0,Oct/27/2012 22:23:18
745754,IA.2012.REP,Republican nominee to win Iowa,4,33.0,Oct/27/2012 22:23:18
745754,IA.2012.REP,Republican nominee to win Iowa,4,36.4,Oct/27/2012 23:41:44
745754,IA.2012.REP,Republican nominee to win Iowa,1,37.0,Oct/27/2012 23:41:44
745754,IA.2012.REP,Republican nominee to win Iowa,1,33.0,Oct/28/2012 02:57:02
745754,IA.2012.REP,Republican nominee to win Iowa,1,34.0,Oct/28/2012 04:26:57
745754,IA.2012.REP,Republican nominee to win Iowa,3,37.8,Oct/28/2012 05:00:01
745754,IA.2012.REP,Republican nominee to win Iowa,1,38.9,Oct/28/2012 05:00:01
745754,IA.2012.REP,Republican nominee to win Iowa,3,37.6,Oct/28/2012 05:00:01
745754,IA.2012.REP,Republican nominee to win Iowa,1,38.9,Oct/28/2012 05:00:59
745754,IA.2012.REP,Republican nominee to win Iowa,17,42.5,Oct/28/2012 05:02:04
745754,IA.2012.REP,Republican nominee to win Iowa,2,38.9,Oct/28/2012 05:02:04
745754,IA.2012.REP,Republican nominee to win Iowa,5,39.9,Oct/28/2012 05:02:04
745754,IA.2012.REP,Republican nominee to win Iowa,6,40.9,Oct/28/2012 05:02:04
745754,IA.2012.REP,Republican nominee to win Iowa,1,34.0,Oct/28/2012 05:23:15
745754,IA.2012.REP,Republican nominee to win Iowa,1,35.0,Oct/28/2012 05:36:23
745754,IA.2012.REP,Republican nominee to win Iowa,14,40.0,Oct/28/2012 05:37:57
745754,IA.2012.REP,Republican nominee to win Iowa,1,40.0,Oct/28/2012 05:39:51
745754,IA.2012.REP,Republican nominee to win Iowa,1,35.0,Oct/28/2012 06:21:38
745754,IA.2012.REP,Republican nominee to win Iowa,1,35.0,Oct/28/2012 06:43:53
745754,IA.2012.REP,Republican nominee to win Iowa,1,42.5,Oct/28/2012 06:49:38
745754,IA.2012.REP,Republican nominee to win Iowa,1,42.4,Oct/28/2012 06:49:38
745754,IA.2012.REP,Republican nominee to win Iowa,3,42.5,Oct/28/2012 06:50:09
745754,IA.2012.REP,Republican nominee to win Iowa,2,35.0,Oct/28/2012 08:16:17
745754,IA.2012.REP,Republican nominee to win Iowa,1,35.1,Oct/28/2012 08:16:17
745754,IA.2012.REP,Republican nominee to win Iowa,1,34.2,Oct/28/2012 11:12:35
745754,IA.2012.REP,Republican nominee to win Iowa,1,34.0,Oct/28/2012 11:12:45
745754,IA.2012.REP,Republican nominee to win Iowa,5,34.0,Oct/28/2012 11:13:06
745754,IA.2012.REP,Republican nominee to win Iowa,2,34.0,Oct/28/2012 11:13:15
745754,IA.2012.REP,Republican nominee to win Iowa,1,34.0,Oct/28/2012 11:13:34
745754,IA.2012.REP,Republican nominee to win Iowa,1,34.0,Oct/28/2012 11:13:41
745754,IA.2012.REP,Republican nominee to win Iowa,1,34.0,Oct/28/2012 11:14:02
745754,IA.2012.REP,Republican nominee to win Iowa,1,34.0,Oct/28/2012 11:14:15
745754,IA.2012.REP,Republican nominee to win Iowa,1,34.0,Oct/28/2012 11:14:30
745754,IA.2012.REP,Republican nominee to win Iowa,1,33.0,Oct/28/2012 11:15:06
745754,IA.2012.REP,Republican nominee to win Iowa,1,34.0,Oct/28/2012 12:18:26
745754,IA.2012.REP,Republican nominee to win Iowa,1,34.0,Oct/28/2012 12:18:58
745754,IA.2012.REP,Republican nominee to win Iowa,1,34.0,Oct/28/2012 15:05:12
745754,IA.2012.REP,Republican nominee to win Iowa,1,34.0,Oct/28/2012 15:05:30
745754,IA.2012.REP,Republican nominee to win Iowa,1,33.0,Oct/28/2012 15:06:38
745754,IA.2012.REP,Republican nominee to win Iowa,1,33.0,Oct/28/2012 15:06:54
745754,IA.2012.REP,Republican nominee to win Iowa,1,34.0,Oct/28/2012 15:19:17
745754,IA.2012.REP,Republican nominee to win Iowa,1,34.0,Oct/28/2012 15:19:19
745754,IA.2012.REP,Republican nominee to win Iowa,1,35.0,Oct/28/2012 16:51:53
745754,IA.2012.REP,Republican nominee to win Iowa,1,39.8,Oct/28/2012 16:57:39
745754,IA.2012.REP,Republican nominee to win Iowa,2,39.8,Oct/28/2012 16:57:39
745754,IA.2012.REP,Republican nominee to win Iowa,1,35.1,Oct/28/2012 19:02:50
745754,IA.2012.REP,Republican nominee to win Iowa,1,39.8,Oct/28/2012 19:30:45
745754,IA.2012.REP,Republican nominee to win Iowa,1,35.0,Oct/28/2012 21:10:38
745754,IA.2012.REP,Republican nominee to win Iowa,9,39.8,Oct/28/2012 22:44:50
745754,IA.2012.REP,Republican nominee to win Iowa,5,39.8,Oct/28/2012 22:44:50
745754,IA.2012.REP,Republican nominee to win Iowa,1,40.8,Oct/28/2012 23:25:45
745754,IA.2012.REP,Republican nominee to win Iowa,5,40.8,Oct/28/2012 23:25:45
745754,IA.2012.REP,Republican nominee to win Iowa,2,38.0,Oct/28/2012 23:26:50
745754,IA.2012.REP,Republican nominee to win Iowa,1,39.9,Oct/28/2012 23:53:04
745754,IA.2012.REP,Republican nominee to win Iowa,1,39.9,Oct/29/2012 00:56:22
745754,IA.2012.REP,Republican nominee to win Iowa,4,39.9,Oct/29/2012 00:56:22
745754,IA.2012.REP,Republican nominee to win Iowa,5,38.0,Oct/29/2012 02:35:06
745754,IA.2012.REP,Republican nominee to win Iowa,1,38.0,Oct/29/2012 02:52:18
745754,IA.2012.REP,Republican nominee to win Iowa,1,38.0,Oct/29/2012 02:52:40
745754,IA.2012.REP,Republican nominee to win Iowa,1,38.0,Oct/29/2012 02:52:56
745754,IA.2012.REP,Republican nominee to win Iowa,1,38.0,Oct/29/2012 06:06:07
745754,IA.2012.REP,Republican nominee to win Iowa,4,38.0,Oct/29/2012 06:06:07
745754,IA.2012.REP,Republican nominee to win Iowa,5,36.0,Oct/29/2012 06:07:40
745754,IA.2012.REP,Republican nominee to win Iowa,1,36.0,Oct/29/2012 06:07:40
745754,IA.2012.REP,Republican nominee to win Iowa,1,36.0,Oct/29/2012 06:07:41
745754,IA.2012.REP,Republican nominee to win Iowa,1,36.0,Oct/29/2012 06:07:42
745754,IA.2012.REP,Republican nominee to win Iowa,1,36.0,Oct/29/2012 06:14:11
745754,IA.2012.REP,Republican nominee to win Iowa,1,36.0,Oct/29/2012 06:14:15
745754,IA.2012.REP,Republican nominee to win Iowa,1,36.0,Oct/29/2012 06:14:21
745754,IA.2012.REP,Republican nominee to win Iowa,1,36.0,Oct/29/2012 06:14:27
745754,IA.2012.REP,Republican nominee to win Iowa,1,36.0,Oct/29/2012 06:14:35
745754,IA.2012.REP,Republican nominee to win Iowa,1,36.0,Oct/29/2012 06:14:41
745754,IA.2012.REP,Republican nominee to win Iowa,1,36.0,Oct/29/2012 06:14:48
745754,IA.2012.REP,Republican nominee to win Iowa,8,35.0,Oct/29/2012 08:40:01
745754,IA.2012.REP,Republican nominee to win Iowa,1,35.0,Oct/29/2012 08:40:01
745754,IA.2012.REP,Republican nominee to win Iowa,3,39.8,Oct/29/2012 15:33:50
745754,IA.2012.REP,Republican nominee to win Iowa,2,35.1,Oct/29/2012 22:05:29
745754,IA.2012.REP,Republican nominee to win Iowa,1,35.1,Oct/29/2012 22:28:32
745754,IA.2012.REP,Republican nominee to win Iowa,1,35.1,Oct/29/2012 22:28:44
745754,IA.2012.REP,Republican nominee to win Iowa,1,35.1,Oct/29/2012 22:28:59
745754,IA.2012.REP,Republican nominee to win Iowa,1,35.0,Oct/29/2012 23:11:09
745754,IA.2012.REP,Republican nominee to win Iowa,1,35.0,Oct/29/2012 23:11:10
745754,IA.2012.REP,Republican nominee to win Iowa,1,35.0,Oct/30/2012 00:48:56
745754,IA.2012.REP,Republican nominee to win Iowa,5,35.0,Oct/30/2012 00:48:56
745754,IA.2012.REP,Republican nominee to win Iowa,1,38.3,Oct/30/2012 03:58:44
745754,IA.2012.REP,Republican nominee to win Iowa,1,36.6,Oct/30/2012 13:26:53
745754,IA.2012.REP,Republican nominee to win Iowa,5,36.6,Oct/30/2012 13:26:53
745754,IA.2012.REP,Republican nominee to win Iowa,5,36.6,Oct/30/2012 13:26:53
745754,IA.2012.REP,Republican nominee to win Iowa,1,36.6,Oct/30/2012 13:27:01
745754,IA.2012.REP,Republican nominee to win Iowa,5,36.6,Oct/30/2012 13:27:09
745754,IA.2012.REP,Republican nominee to win Iowa,1,36.6,Oct/30/2012 13:27:09
745754,IA.2012.REP,Republican nominee to win Iowa,1,36.6,Oct/30/2012 13:27:17
745754,IA.2012.REP,Republican nominee to win Iowa,5,36.6,Oct/30/2012 13:27:25
745754,IA.2012.REP,Republican nominee to win Iowa,1,36.6,Oct/30/2012 13:27:25
745754,IA.2012.REP,Republican nominee to win Iowa,27,38.4,Oct/30/2012 13:27:40
745754,IA.2012.REP,Republican nominee to win Iowa,1,36.6,Oct/30/2012 13:27:40
745754,IA.2012.REP,Republican nominee to win Iowa,5,36.6,Oct/30/2012 13:27:40
745754,IA.2012.REP,Republican nominee to win Iowa,1,36.6,Oct/30/2012 13:27:53
745754,IA.2012.REP,Republican nominee to win Iowa,1,37.5,Oct/30/2012 13:27:55
745754,IA.2012.REP,Republican nominee to win Iowa,3,37.5,Oct/30/2012 13:27:56
745754,IA.2012.REP,Republican nominee to win Iowa,6,38.4,Oct/30/2012 13:28:12
745754,IA.2012.REP,Republican nominee to win Iowa,1,38.4,Oct/30/2012 13:28:17
745754,IA.2012.REP,Republican nominee to win Iowa,1,38.4,Oct/30/2012 13:28:29
745754,IA.2012.REP,Republican nominee to win Iowa,4,38.5,Oct/30/2012 13:28:29
745754,IA.2012.REP,Republican nominee to win Iowa,2,38.5,Oct/30/2012 13:28:39
745754,IA.2012.REP,Republican nominee to win Iowa,3,38.5,Oct/30/2012 13:28:39
745754,IA.2012.REP,Republican nominee to win Iowa,2,38.5,Oct/30/2012 13:28:48
745754,IA.2012.REP,Republican nominee to win Iowa,2,38.5,Oct/30/2012 13:28:48
745754,IA.2012.REP,Republican nominee to win Iowa,2,38.5,Oct/30/2012 13:29:02
745754,IA.2012.REP,Republican nominee to win Iowa,1,38.5,Oct/30/2012 13:29:02
745754,IA.2012.REP,Republican nominee to win Iowa,1,38.5,Oct/30/2012 13:29:12
745754,IA.2012.REP,Republican nominee to win Iowa,4,38.5,Oct/30/2012 13:29:12
745754,IA.2012.REP,Republican nominee to win Iowa,1,38.5,Oct/30/2012 13:33:21
745754,IA.2012.REP,Republican nominee to win Iowa,5,38.5,Oct/30/2012 13:33:21
745754,IA.2012.REP,Republican nominee to win Iowa,39,38.5,Oct/30/2012 13:33:24
745754,IA.2012.REP,Republican nominee to win Iowa,5,38.5,Oct/30/2012 13:56:08
745754,IA.2012.REP,Republican nominee to win Iowa,1,35.0,Oct/30/2012 15:02:01
745754,IA.2012.REP,Republican nominee to win Iowa,2,35.0,Oct/30/2012 15:02:01
745754,IA.2012.REP,Republican nominee to win Iowa,8,35.0,Oct/30/2012 16:58:27
745754,IA.2012.REP,Republican nominee to win Iowa,5,35.0,Oct/30/2012 16:58:27
745754,IA.2012.REP,Republican nominee to win Iowa,10,35.0,Oct/30/2012 16:58:27
745754,IA.2012.REP,Republican nominee to win Iowa,1,36.1,Oct/30/2012 17:01:00
745754,IA.2012.REP,Republican nominee to win Iowa,1,36.1,Oct/30/2012 17:22:56
745754,IA.2012.REP,Republican nominee to win Iowa,4,36.1,Oct/30/2012 17:22:57
745754,IA.2012.REP,Republican nominee to win Iowa,1,36.1,Oct/30/2012 18:24:12
745754,IA.2012.REP,Republican nominee to win Iowa,5,36.1,Oct/30/2012 18:24:12
745754,IA.2012.REP,Republican nominee to win Iowa,15,38.7,Oct/30/2012 20:28:45
745754,IA.2012.REP,Republican nominee to win Iowa,5,38.7,Oct/30/2012 20:28:45
745754,IA.2012.REP,Republican nominee to win Iowa,1,36.1,Oct/30/2012 22:33:54
745754,IA.2012.REP,Republican nominee to win Iowa,5,36.1,Oct/30/2012 22:33:54
745754,IA.2012.REP,Republican nominee to win Iowa,1,36.1,Oct/30/2012 22:34:39
745754,IA.2012.REP,Republican nominee to win Iowa,5,36.1,Oct/30/2012 22:34:39
745754,IA.2012.REP,Republican nominee to win Iowa,1,36.1,Oct/30/2012 22:42:33
745754,IA.2012.REP,Republican nominee to win Iowa,1,36.1,Oct/30/2012 23:26:01
745754,IA.2012.REP,Republican nominee to win Iowa,5,36.1,Oct/30/2012 23:26:01
745754,IA.2012.REP,Republican nominee to win Iowa,5,36.1,Oct/30/2012 23:51:31
745754,IA.2012.REP,Republican nominee to win Iowa,5,36.1,Oct/30/2012 23:52:21
745754,IA.2012.REP,Republican nominee to win Iowa,1,36.2,Oct/31/2012 01:54:34
745754,IA.2012.REP,Republican nominee to win Iowa,5,36.1,Oct/31/2012 01:55:56
745754,IA.2012.REP,Republican nominee to win Iowa,1,36.1,Oct/31/2012 01:55:56
745754,IA.2012.REP,Republican nominee to win Iowa,1,36.1,Oct/31/2012 01:58:56
745754,IA.2012.REP,Republican nominee to win Iowa,1,36.1,Oct/31/2012 02:06:01
745754,IA.2012.REP,Republican nominee to win Iowa,1,36.1,Oct/31/2012 02:32:24
745754,IA.2012.REP,Republican nominee to win Iowa,1,36.1,Oct/31/2012 02:34:53
745754,IA.2012.REP,Republican nominee to win Iowa,1,35.1,Oct/31/2012 02:49:04
745754,IA.2012.REP,Republican nominee to win Iowa,4,35.1,Oct/31/2012 02:49:04
745754,IA.2012.REP,Republican nominee to win Iowa,5,36.6,Oct/31/2012 03:05:20
745754,IA.2012.REP,Republican nominee to win Iowa,1,36.2,Oct/31/2012 03:05:20
745754,IA.2012.REP,Republican nominee to win Iowa,5,36.6,Oct/31/2012 03:05:20
745754,IA.2012.REP,Republican nominee to win Iowa,1,36.6,Oct/31/2012 03:07:24
745754,IA.2012.REP,Republican nominee to win Iowa,5,36.6,Oct/31/2012 03:07:24
745754,IA.2012.REP,Republican nominee to win Iowa,4,36.6,Oct/31/2012 03:07:26
745754,IA.2012.REP,Republican nominee to win Iowa,1,36.6,Oct/31/2012 03:08:09
745754,IA.2012.REP,Republican nominee to win Iowa,3,36.6,Oct/31/2012 03:08:09
745754,IA.2012.REP,Republican nominee to win Iowa,1,35.1,Oct/31/2012 03:21:45
745754,IA.2012.REP,Republican nominee to win Iowa,5,35.1,Oct/31/2012 03:21:46
745754,IA.2012.REP,Republican nominee to win Iowa,1,36.6,Oct/31/2012 04:27:16
745754,IA.2012.REP,Republican nominee to win Iowa,5,36.6,Oct/31/2012 04:27:16
745754,IA.2012.REP,Republican nominee to win Iowa,1,36.6,Oct/31/2012 04:27:17
745754,IA.2012.REP,Republican nominee to win Iowa,3,36.6,Oct/31/2012 04:27:18
745754,IA.2012.REP,Republican nominee to win Iowa,1,35.1,Oct/31/2012 04:43:41
745754,IA.2012.REP,Republican nominee to win Iowa,3,35.1,Oct/31/2012 04:43:41
745754,IA.2012.REP,Republican nominee to win Iowa,2,35.1,Oct/31/2012 04:43:41
745754,IA.2012.REP,Republican nominee to win Iowa,2,35.1,Oct/31/2012 04:43:41
745754,IA.2012.REP,Republican nominee to win Iowa,1,35.1,Oct/31/2012 04:43:43
745754,IA.2012.REP,Republican nominee to win Iowa,1,35.1,Oct/31/2012 04:43:43
745754,IA.2012.REP,Republican nominee to win Iowa,1,35.1,Oct/31/2012 06:19:59
745754,IA.2012.REP,Republican nominee to win Iowa,8,35.1,Oct/31/2012 06:20:00
745754,IA.2012.REP,Republican nominee to win Iowa,1,34.1,Oct/31/2012 10:30:20
745754,IA.2012.REP,Republican nominee to win Iowa,5,34.1,Oct/31/2012 10:30:21
745754,IA.2012.REP,Republican nominee to win Iowa,1,34.0,Oct/31/2012 11:27:26
745754,IA.2012.REP,Republican nominee to win Iowa,5,36.6,Oct/31/2012 14:24:17
745754,IA.2012.REP,Republican nominee to win Iowa,1,36.5,Oct/31/2012 14:24:17
745754,IA.2012.REP,Republican nominee to win Iowa,4,36.6,Oct/31/2012 14:24:17
745754,IA.2012.REP,Republican nominee to win Iowa,1,33.5,Oct/31/2012 14:43:59
745754,IA.2012.REP,Republican nominee to win Iowa,5,33.5,Oct/31/2012 14:44:00
745754,IA.2012.REP,Republican nominee to win Iowa,4,33.5,Oct/31/2012 14:44:09
745754,IA.2012.REP,Republican nominee to win Iowa,1,33.5,Oct/31/2012 14:44:09
745754,IA.2012.REP,Republican nominee to win Iowa,1,33.5,Oct/31/2012 14:54:44
745754,IA.2012.REP,Republican nominee to win Iowa,1,33.5,Oct/31/2012 14:55:34
745754,IA.2012.REP,Republican nominee to win Iowa,2,33.5,Oct/31/2012 14:55:35
745754,IA.2012.REP,Republican nominee to win Iowa,7,33.1,Oct/31/2012 15:11:42
745754,IA.2012.REP,Republican nominee to win Iowa,2,33.2,Oct/31/2012 15:49:35
745754,IA.2012.REP,Republican nominee to win Iowa,5,33.2,Oct/31/2012 15:49:35
745754,IA.2012.REP,Republican nominee to win Iowa,5,32.1,Oct/31/2012 16:14:57
745754,IA.2012.REP,Republican nominee to win Iowa,1,32.1,Oct/31/2012 16:14:57
745754,IA.2012.REP,Republican nominee to win Iowa,3,36.5,Oct/31/2012 17:30:16
745754,IA.2012.REP,Republican nominee to win Iowa,1,36.5,Oct/31/2012 18:30:06
745754,IA.2012.REP,Republican nominee to win Iowa,3,35.9,Oct/31/2012 20:10:07
745754,IA.2012.REP,Republican nominee to win Iowa,1,35.0,Oct/31/2012 20:18:51
745754,IA.2012.REP,Republican nominee to win Iowa,1,35.9,Oct/31/2012 20:19:33
745754,IA.2012.REP,Republican nominee to win Iowa,3,34.0,Oct/31/2012 21:27:14
745754,IA.2012.REP,Republican nominee to win Iowa,5,34.0,Oct/31/2012 21:30:01
745754,IA.2012.REP,Republican nominee to win Iowa,5,34.0,Oct/31/2012 23:25:31
745754,IA.2012.REP,Republican nominee to win Iowa,1,34.0,Oct/31/2012 23:25:31
745754,IA.2012.REP,Republican nominee to win Iowa,1,34.0,Oct/31/2012 23:31:41
745754,IA.2012.REP,Republican nominee to win Iowa,14,35.0,Nov/01/2012 00:44:14
745754,IA.2012.REP,Republican nominee to win Iowa,5,35.0,Nov/01/2012 00:44:14
745754,IA.2012.REP,Republican nominee to win Iowa,5,35.0,Nov/01/2012 00:44:14
745754,IA.2012.REP,Republican nominee to win Iowa,4,35.0,Nov/01/2012 00:44:37
745754,IA.2012.REP,Republican nominee to win Iowa,5,34.0,Nov/01/2012 00:50:38
745754,IA.2012.REP,Republican nominee to win Iowa,5,34.0,Nov/01/2012 01:39:16
745754,IA.2012.REP,Republican nominee to win Iowa,88,33.0,Nov/01/2012 01:40:06
745754,IA.2012.REP,Republican nominee to win Iowa,21,32.2,Nov/01/2012 04:35:53
745754,IA.2012.REP,Republican nominee to win Iowa,1,36.5,Nov/01/2012 04:36:12
745754,IA.2012.REP,Republican nominee to win Iowa,2,32.2,Nov/01/2012 04:36:58
745754,IA.2012.REP,Republican nominee to win Iowa,5,32.2,Nov/01/2012 04:45:26
745754,IA.2012.REP,Republican nominee to win Iowa,3,32.2,Nov/01/2012 06:19:36
745754,IA.2012.REP,Republican nominee to win Iowa,5,33.1,Nov/01/2012 08:21:11
745754,IA.2012.REP,Republican nominee to win Iowa,4,32.2,Nov/01/2012 08:22:07
745754,IA.2012.REP,Republican nominee to win Iowa,6,32.2,Nov/01/2012 08:22:07
745754,IA.2012.REP,Republican nominee to win Iowa,10,32.1,Nov/01/2012 10:09:26
745754,IA.2012.REP,Republican nominee to win Iowa,5,31.1,Nov/01/2012 10:09:56
745754,IA.2012.REP,Republican nominee to win Iowa,19,31.0,Nov/01/2012 10:59:03
745754,IA.2012.REP,Republican nominee to win Iowa,2,31.1,Nov/01/2012 10:59:03
745754,IA.2012.REP,Republican nominee to win Iowa,3,31.5,Nov/01/2012 11:38:18
745754,IA.2012.REP,Republican nominee to win Iowa,2,34.5,Nov/01/2012 12:00:51
745754,IA.2012.REP,Republican nominee to win Iowa,1,34.3,Nov/01/2012 12:00:51
745754,IA.2012.REP,Republican nominee to win Iowa,1,34.4,Nov/01/2012 12:00:51
745754,IA.2012.REP,Republican nominee to win Iowa,50,34.0,Nov/01/2012 14:30:28
745754,IA.2012.REP,Republican nominee to win Iowa,3,34.0,Nov/01/2012 14:30:28
745754,IA.2012.REP,Republican nominee to win Iowa,1,33.9,Nov/01/2012 14:30:28
745754,IA.2012.REP,Republican nominee to win Iowa,4,33.1,Nov/01/2012 15:59:04
745754,IA.2012.REP,Republican nominee to win Iowa,1,33.1,Nov/01/2012 15:59:04
745754,IA.2012.REP,Republican nominee to win Iowa,3,33.1,Nov/01/2012 15:59:04
745754,IA.2012.REP,Republican nominee to win Iowa,69,31.0,Nov/01/2012 16:31:23
745754,IA.2012.REP,Republican nominee to win Iowa,5,31.0,Nov/01/2012 16:31:23
745754,IA.2012.REP,Republican nominee to win Iowa,1,31.1,Nov/01/2012 17:01:13
745754,IA.2012.REP,Republican nominee to win Iowa,1,31.1,Nov/01/2012 17:01:31
745754,IA.2012.REP,Republican nominee to win Iowa,4,30.0,Nov/01/2012 18:34:58
745754,IA.2012.REP,Republican nominee to win Iowa,20,29.9,Nov/01/2012 18:55:17
745754,IA.2012.REP,Republican nominee to win Iowa,2,29.6,Nov/01/2012 19:52:40
745754,IA.2012.REP,Republican nominee to win Iowa,5,29.8,Nov/01/2012 20:00:36
745754,IA.2012.REP,Republican nominee to win Iowa,1,29.8,Nov/01/2012 20:00:36
745754,IA.2012.REP,Republican nominee to win Iowa,4,29.8,Nov/01/2012 20:00:36
745754,IA.2012.REP,Republican nominee to win Iowa,5,29.8,Nov/01/2012 20:03:09
745754,IA.2012.REP,Republican nominee to win Iowa,1,29.8,Nov/01/2012 20:03:09
745754,IA.2012.REP,Republican nominee to win Iowa,4,29.8,Nov/01/2012 20:03:09
745754,IA.2012.REP,Republican nominee to win Iowa,8,29.6,Nov/01/2012 20:05:22
745754,IA.2012.REP,Republican nominee to win Iowa,5,29.6,Nov/01/2012 20:05:22
745754,IA.2012.REP,Republican nominee to win Iowa,20,29.6,Nov/01/2012 21:41:09
745754,IA.2012.REP,Republican nominee to win Iowa,5,29.6,Nov/01/2012 21:41:09
745754,IA.2012.REP,Republican nominee to win Iowa,1,30.1,Nov/01/2012 21:44:27
745754,IA.2012.REP,Republican nominee to win Iowa,4,33.1,Nov/01/2012 21:44:36
745754,IA.2012.REP,Republican nominee to win Iowa,1,30.1,Nov/01/2012 21:44:36
745754,IA.2012.REP,Republican nominee to win Iowa,1,27.0,Nov/01/2012 22:50:07
745754,IA.2012.REP,Republican nominee to win Iowa,5,27.0,Nov/01/2012 22:50:08
745754,IA.2012.REP,Republican nominee to win Iowa,14,27.0,Nov/01/2012 22:50:32
745754,IA.2012.REP,Republican nominee to win Iowa,5,27.0,Nov/01/2012 22:50:32
745754,IA.2012.REP,Republican nominee to win Iowa,15,22.0,Nov/02/2012 00:57:16
745754,IA.2012.REP,Republican nominee to win Iowa,15,26.5,Nov/02/2012 00:57:16
745754,IA.2012.REP,Republican nominee to win Iowa,4,26.5,Nov/02/2012 00:57:16
745754,IA.2012.REP,Republican nominee to win Iowa,1,24.6,Nov/02/2012 00:57:16
745754,IA.2012.REP,Republican nominee to win Iowa,3,34.9,Nov/02/2012 01:27:58
745754,IA.2012.REP,Republican nominee to win Iowa,1,34.8,Nov/02/2012 01:27:58
745754,IA.2012.REP,Republican nominee to win Iowa,1,30.1,Nov/02/2012 01:27:58
745754,IA.2012.REP,Republican nominee to win Iowa,1,22.1,Nov/02/2012 02:07:24
745754,IA.2012.REP,Republican nominee to win Iowa,1,30.0,Nov/02/2012 02:08:05
745754,IA.2012.REP,Republican nominee to win Iowa,1,29.9,Nov/02/2012 02:21:44
745754,IA.2012.REP,Republican nominee to win Iowa,3,30.0,Nov/02/2012 02:21:58
745754,IA.2012.REP,Republican nominee to win Iowa,1,30.0,Nov/02/2012 02:21:58
745754,IA.2012.REP,Republican nominee to win Iowa,1,30.0,Nov/02/2012 02:22:06
745754,IA.2012.REP,Republican nominee to win Iowa,1,30.0,Nov/02/2012 02:22:08
745754,IA.2012.REP,Republican nominee to win Iowa,1,32.8,Nov/02/2012 02:22:22
745754,IA.2012.REP,Republican nominee to win Iowa,1,32.0,Nov/02/2012 02:22:22
745754,IA.2012.REP,Republican nominee to win Iowa,2,30.0,Nov/02/2012 02:26:24
745754,IA.2012.REP,Republican nominee to win Iowa,1,22.1,Nov/02/2012 02:36:17
745754,IA.2012.REP,Republican nominee to win Iowa,1,22.1,Nov/02/2012 02:36:24
745754,IA.2012.REP,Republican nominee to win Iowa,5,22.0,Nov/02/2012 02:36:31
745754,IA.2012.REP,Republican nominee to win Iowa,1,23.0,Nov/02/2012 03:17:10
745754,IA.2012.REP,Republican nominee to win Iowa,4,32.0,Nov/02/2012 03:20:00
745754,IA.2012.REP,Republican nominee to win Iowa,11,32.0,Nov/02/2012 03:23:55
745754,IA.2012.REP,Republican nominee to win Iowa,1,32.0,Nov/02/2012 03:23:55
745754,IA.2012.REP,Republican nominee to win Iowa,1,31.0,Nov/02/2012 03:24:01
745754,IA.2012.REP,Republican nominee to win Iowa,4,32.0,Nov/02/2012 03:34:18
745754,IA.2012.REP,Republican nominee to win Iowa,36,32.0,Nov/02/2012 03:38:28
745754,IA.2012.REP,Republican nominee to win Iowa,1,25.0,Nov/02/2012 04:20:58
745754,IA.2012.REP,Republican nominee to win Iowa,1,32.1,Nov/02/2012 04:52:35
745754,IA.2012.REP,Republican nominee to win Iowa,1,32.5,Nov/02/2012 05:38:09
745754,IA.2012.REP,Republican nominee to win Iowa,1,32.1,Nov/02/2012 05:38:09
745754,IA.2012.REP,Republican nominee to win Iowa,1,30.0,Nov/02/2012 06:22:47
745754,IA.2012.REP,Republican nominee to win Iowa,1,32.0,Nov/02/2012 12:15:26
745754,IA.2012.REP,Republican nominee to win Iowa,9,32.5,Nov/02/2012 13:18:04
745754,IA.2012.REP,Republican nominee to win Iowa,1,32.0,Nov/02/2012 13:18:04
745754,IA.2012.REP,Republican nominee to win Iowa,1,30.0,Nov/02/2012 13:32:16
745754,IA.2012.REP,Republican nominee to win Iowa,1,30.0,Nov/02/2012 13:32:34
745754,IA.2012.REP,Republican nominee to win Iowa,1,30.0,Nov/02/2012 13:32:46
745754,IA.2012.REP,Republican nominee to win Iowa,1,30.0,Nov/02/2012 13:32:59
745754,IA.2012.REP,Republican nominee to win Iowa,1,30.0,Nov/02/2012 13:33:08
745754,IA.2012.REP,Republican nominee to win Iowa,1,30.0,Nov/02/2012 13:33:47
745754,IA.2012.REP,Republican nominee to win Iowa,1,30.0,Nov/02/2012 13:33:56
745754,IA.2012.REP,Republican nominee to win Iowa,1,30.0,Nov/02/2012 13:34:12
745754,IA.2012.REP,Republican nominee to win Iowa,1,30.0,Nov/02/2012 13:48:48
745754,IA.2012.REP,Republican nominee to win Iowa,1,29.0,Nov/02/2012 13:49:18
745754,IA.2012.REP,Republican nominee to win Iowa,5,29.0,Nov/02/2012 13:49:18
745754,IA.2012.REP,Republican nominee to win Iowa,1,29.0,Nov/02/2012 13:49:26
745754,IA.2012.REP,Republican nominee to win Iowa,1,29.0,Nov/02/2012 13:49:34
745754,IA.2012.REP,Republican nominee to win Iowa,1,29.0,Nov/02/2012 13:49:42
745754,IA.2012.REP,Republican nominee to win Iowa,1,29.0,Nov/02/2012 13:49:48
745754,IA.2012.REP,Republican nominee to win Iowa,18,31.6,Nov/02/2012 14:34:38
745754,IA.2012.REP,Republican nominee to win Iowa,9,31.6,Nov/02/2012 14:34:38
745754,IA.2012.REP,Republican nominee to win Iowa,45,31.7,Nov/02/2012 14:37:31
745754,IA.2012.REP,Republican nominee to win Iowa,10,31.6,Nov/02/2012 14:37:31
745754,IA.2012.REP,Republican nominee to win Iowa,1,31.4,Nov/02/2012 14:43:36
745754,IA.2012.REP,Republican nominee to win Iowa,1,31.4,Nov/02/2012 14:43:36
745754,IA.2012.REP,Republican nominee to win Iowa,3,31.4,Nov/02/2012 14:43:47
745754,IA.2012.REP,Republican nominee to win Iowa,1,31.1,Nov/02/2012 15:07:25
745754,IA.2012.REP,Republican nominee to win Iowa,10,31.7,Nov/02/2012 15:07:55
745754,IA.2012.REP,Republican nominee to win Iowa,5,31.7,Nov/02/2012 15:07:55
745754,IA.2012.REP,Republican nominee to win Iowa,1,32.4,Nov/02/2012 15:19:35
745754,IA.2012.REP,Republican nominee to win Iowa,2,32.4,Nov/02/2012 15:19:51
745754,IA.2012.REP,Republican nominee to win Iowa,3,32.4,Nov/02/2012 15:19:51
745754,IA.2012.REP,Republican nominee to win Iowa,1,32.4,Nov/02/2012 15:20:07
745754,IA.2012.REP,Republican nominee to win Iowa,3,32.4,Nov/02/2012 15:20:07
745754,IA.2012.REP,Republican nominee to win Iowa,1,32.4,Nov/02/2012 15:20:40
745754,IA.2012.REP,Republican nominee to win Iowa,5,32.4,Nov/02/2012 15:20:40
745754,IA.2012.REP,Republican nominee to win Iowa,1,32.4,Nov/02/2012 15:21:27
745754,IA.2012.REP,Republican nominee to win Iowa,5,32.4,Nov/02/2012 15:21:27
745754,IA.2012.REP,Republican nominee to win Iowa,1,32.3,Nov/02/2012 15:24:48
745754,IA.2012.REP,Republican nominee to win Iowa,5,32.3,Nov/02/2012 15:24:48
745754,IA.2012.REP,Republican nominee to win Iowa,4,28.0,Nov/02/2012 15:25:31
745754,IA.2012.REP,Republican nominee to win Iowa,1,28.0,Nov/02/2012 15:25:31
745754,IA.2012.REP,Republican nominee to win Iowa,1,28.0,Nov/02/2012 15:25:38
745754,IA.2012.REP,Republican nominee to win Iowa,1,28.0,Nov/02/2012 15:25:47
745754,IA.2012.REP,Republican nominee to win Iowa,3,28.0,Nov/02/2012 15:25:47
745754,IA.2012.REP,Republican nominee to win Iowa,4,27.5,Nov/02/2012 15:25:57
745754,IA.2012.REP,Republican nominee to win Iowa,1,28.0,Nov/02/2012 15:25:57
745754,IA.2012.REP,Republican nominee to win Iowa,5,32.0,Nov/02/2012 15:45:42
