market id,market symbol,market name,trade quantity,trade price,date/time [utc]
258941,SUPREME.GONZALES,Attorney General Alberto R Gonzales to be Nominated as US Supreme Court Justice,1,15.0,Jul/01/2005 22:52:15
258941,SUPREME.GONZALES,Attorney General Alberto R Gonzales to be Nominated as US Supreme Court Justice,5,15.0,Jul/02/2005 02:33:19
258941,SUPREME.GONZALES,Attorney General Alberto R Gonzales to be Nominated as US Supreme Court Justice,10,15.0,Jul/02/2005 02:57:15
258941,SUPREME.GONZALES,Attorney General Alberto R Gonzales to be Nominated as US Supreme Court Justice,5,15.0,Jul/02/2005 12:25:50
258941,SUPREME.GONZALES,Attorney General Alberto R Gonzales to be Nominated as US Supreme Court Justice,5,15.0,Jul/02/2005 14:59:25
258941,SUPREME.GONZALES,Attorney General Alberto R Gonzales to be Nominated as US Supreme Court Justice,1,10.0,Jul/02/2005 19:27:29
258941,SUPREME.GONZALES,Attorney General Alberto R Gonzales to be Nominated as US Supreme Court Justice,20,15.0,Jul/02/2005 20:14:29
258941,SUPREME.GONZALES,Attorney General Alberto R Gonzales to be Nominated as US Supreme Court Justice,20,15.0,Jul/02/2005 20:34:51
258941,SUPREME.GONZALES,Attorney General Alberto R Gonzales to be Nominated as US Supreme Court Justice,10,15.0,Jul/02/2005 20:35:22
258941,SUPREME.GONZALES,Attorney General Alberto R Gonzales to be Nominated as US Supreme Court Justice,4,12.5,Jul/02/2005 23:04:57
258941,SUPREME.GONZALES,Attorney General Alberto R Gonzales to be Nominated as US Supreme Court Justice,1,10.0,Jul/02/2005 23:07:04
258941,SUPREME.GONZALES,Attorney General Alberto R Gonzales to be Nominated as US Supreme Court Justice,4,14.5,Jul/03/2005 00:39:29
258941,SUPREME.GONZALES,Attorney General Alberto R Gonzales to be Nominated as US Supreme Court Justice,4,15.0,Jul/03/2005 00:39:29
258941,SUPREME.GONZALES,Attorney General Alberto R Gonzales to be Nominated as US Supreme Court Justice,24,15.0,Jul/03/2005 00:39:29
258941,SUPREME.GONZALES,Attorney General Alberto R Gonzales to be Nominated as US Supreme Court Justice,1,15.0,Jul/03/2005 01:10:42
258941,SUPREME.GONZALES,Attorney General Alberto R Gonzales to be Nominated as US Supreme Court Justice,2,11.2,Jul/03/2005 02:11:35
258941,SUPREME.GONZALES,Attorney General Alberto R Gonzales to be Nominated as US Supreme Court Justice,1,11.2,Jul/03/2005 02:12:14
258941,SUPREME.GONZALES,Attorney General Alberto R Gonzales to be Nominated as US Supreme Court Justice,2,11.2,Jul/03/2005 02:12:51
258941,SUPREME.GONZALES,Attorney General Alberto R Gonzales to be Nominated as US Supreme Court Justice,2,11.2,Jul/03/2005 02:14:14
258941,SUPREME.GONZALES,Attorney General Alberto R Gonzales to be Nominated as US Supreme Court Justice,1,11.2,Jul/03/2005 03:50:11
258941,SUPREME.GONZALES,Attorney General Alberto R Gonzales to be Nominated as US Supreme Court Justice,3,11.2,Jul/03/2005 03:50:11
258941,SUPREME.GONZALES,Attorney General Alberto R Gonzales to be Nominated as US Supreme Court Justice,6,11.2,Jul/03/2005 03:52:48
258941,SUPREME.GONZALES,Attorney General Alberto R Gonzales to be Nominated as US Supreme Court Justice,4,11.0,Jul/03/2005 03:54:59
258941,SUPREME.GONZALES,Attorney General Alberto R Gonzales to be Nominated as US Supreme Court Justice,2,15.0,Jul/03/2005 04:49:10
258941,SUPREME.GONZALES,Attorney General Alberto R Gonzales to be Nominated as US Supreme Court Justice,4,12.6,Jul/03/2005 05:29:36
258941,SUPREME.GONZALES,Attorney General Alberto R Gonzales to be Nominated as US Supreme Court Justice,5,16.0,Jul/03/2005 15:09:54
258941,SUPREME.GONZALES,Attorney General Alberto R Gonzales to be Nominated as US Supreme Court Justice,1,17.0,Jul/03/2005 17:31:41
258941,SUPREME.GONZALES,Attorney General Alberto R Gonzales to be Nominated as US Supreme Court Justice,20,17.4,Jul/03/2005 17:31:41
258941,SUPREME.GONZALES,Attorney General Alberto R Gonzales to be Nominated as US Supreme Court Justice,1,17.5,Jul/03/2005 17:31:41
258941,SUPREME.GONZALES,Attorney General Alberto R Gonzales to be Nominated as US Supreme Court Justice,1,18.0,Jul/03/2005 17:31:41
258941,SUPREME.GONZALES,Attorney General Alberto R Gonzales to be Nominated as US Supreme Court Justice,10,19.0,Jul/03/2005 19:19:12
258941,SUPREME.GONZALES,Attorney General Alberto R Gonzales to be Nominated as US Supreme Court Justice,1,18.5,Jul/03/2005 19:19:12
258941,SUPREME.GONZALES,Attorney General Alberto R Gonzales to be Nominated as US Supreme Court Justice,15,18.5,Jul/03/2005 19:19:12
258941,SUPREME.GONZALES,Attorney General Alberto R Gonzales to be Nominated as US Supreme Court Justice,99,20.0,Jul/03/2005 20:21:48
258941,SUPREME.GONZALES,Attorney General Alberto R Gonzales to be Nominated as US Supreme Court Justice,1,20.0,Jul/03/2005 22:54:08
258941,SUPREME.GONZALES,Attorney General Alberto R Gonzales to be Nominated as US Supreme Court Justice,2,27.9,Jul/03/2005 23:25:17
258941,SUPREME.GONZALES,Attorney General Alberto R Gonzales to be Nominated as US Supreme Court Justice,1,27.4,Jul/04/2005 01:20:59
258941,SUPREME.GONZALES,Attorney General Alberto R Gonzales to be Nominated as US Supreme Court Justice,2,27.4,Jul/04/2005 01:20:59
258941,SUPREME.GONZALES,Attorney General Alberto R Gonzales to be Nominated as US Supreme Court Justice,21,27.5,Jul/04/2005 01:20:59
258941,SUPREME.GONZALES,Attorney General Alberto R Gonzales to be Nominated as US Supreme Court Justice,9,30.0,Jul/04/2005 01:20:59
258941,SUPREME.GONZALES,Attorney General Alberto R Gonzales to be Nominated as US Supreme Court Justice,60,29.5,Jul/04/2005 01:25:38
258941,SUPREME.GONZALES,Attorney General Alberto R Gonzales to be Nominated as US Supreme Court Justice,2,25.0,Jul/04/2005 03:42:48
258941,SUPREME.GONZALES,Attorney General Alberto R Gonzales to be Nominated as US Supreme Court Justice,5,25.0,Jul/04/2005 03:42:48
258941,SUPREME.GONZALES,Attorney General Alberto R Gonzales to be Nominated as US Supreme Court Justice,12,25.4,Jul/04/2005 03:42:48
258941,SUPREME.GONZALES,Attorney General Alberto R Gonzales to be Nominated as US Supreme Court Justice,20,27.4,Jul/04/2005 04:26:02
258941,SUPREME.GONZALES,Attorney General Alberto R Gonzales to be Nominated as US Supreme Court Justice,9,27.3,Jul/04/2005 04:26:02
258941,SUPREME.GONZALES,Attorney General Alberto R Gonzales to be Nominated as US Supreme Court Justice,1,24.1,Jul/04/2005 06:58:09
258941,SUPREME.GONZALES,Attorney General Alberto R Gonzales to be Nominated as US Supreme Court Justice,1,24.1,Jul/04/2005 06:58:09
258941,SUPREME.GONZALES,Attorney General Alberto R Gonzales to be Nominated as US Supreme Court Justice,7,24.0,Jul/04/2005 06:58:09
258941,SUPREME.GONZALES,Attorney General Alberto R Gonzales to be Nominated as US Supreme Court Justice,4,23.6,Jul/04/2005 06:59:41
258941,SUPREME.GONZALES,Attorney General Alberto R Gonzales to be Nominated as US Supreme Court Justice,1,23.7,Jul/04/2005 06:59:41
258941,SUPREME.GONZALES,Attorney General Alberto R Gonzales to be Nominated as US Supreme Court Justice,3,27.5,Jul/04/2005 08:34:23
258941,SUPREME.GONZALES,Attorney General Alberto R Gonzales to be Nominated as US Supreme Court Justice,5,27.5,Jul/04/2005 08:39:09
258941,SUPREME.GONZALES,Attorney General Alberto R Gonzales to be Nominated as US Supreme Court Justice,20,27.6,Jul/04/2005 09:17:43
258941,SUPREME.GONZALES,Attorney General Alberto R Gonzales to be Nominated as US Supreme Court Justice,4,27.5,Jul/04/2005 09:17:43
258941,SUPREME.GONZALES,Attorney General Alberto R Gonzales to be Nominated as US Supreme Court Justice,10,25.0,Jul/04/2005 10:58:24
258941,SUPREME.GONZALES,Attorney General Alberto R Gonzales to be Nominated as US Supreme Court Justice,1,23.3,Jul/04/2005 13:41:52
258941,SUPREME.GONZALES,Attorney General Alberto R Gonzales to be Nominated as US Supreme Court Justice,1,23.4,Jul/04/2005 13:41:52
258941,SUPREME.GONZALES,Attorney General Alberto R Gonzales to be Nominated as US Supreme Court Justice,8,23.2,Jul/04/2005 13:41:52
258941,SUPREME.GONZALES,Attorney General Alberto R Gonzales to be Nominated as US Supreme Court Justice,7,23.0,Jul/04/2005 13:41:52
258941,SUPREME.GONZALES,Attorney General Alberto R Gonzales to be Nominated as US Supreme Court Justice,5,23.1,Jul/04/2005 13:41:52
258941,SUPREME.GONZALES,Attorney General Alberto R Gonzales to be Nominated as US Supreme Court Justice,1,23.4,Jul/04/2005 13:41:52
258941,SUPREME.GONZALES,Attorney General Alberto R Gonzales to be Nominated as US Supreme Court Justice,15,25.0,Jul/04/2005 14:17:58
258941,SUPREME.GONZALES,Attorney General Alberto R Gonzales to be Nominated as US Supreme Court Justice,10,24.9,Jul/04/2005 14:17:58
258941,SUPREME.GONZALES,Attorney General Alberto R Gonzales to be Nominated as US Supreme Court Justice,1,24.8,Jul/04/2005 14:17:58
258941,SUPREME.GONZALES,Attorney General Alberto R Gonzales to be Nominated as US Supreme Court Justice,3,22.4,Jul/04/2005 15:56:22
258941,SUPREME.GONZALES,Attorney General Alberto R Gonzales to be Nominated as US Supreme Court Justice,74,25.0,Jul/04/2005 17:28:42
258941,SUPREME.GONZALES,Attorney General Alberto R Gonzales to be Nominated as US Supreme Court Justice,20,24.9,Jul/04/2005 17:28:42
258941,SUPREME.GONZALES,Attorney General Alberto R Gonzales to be Nominated as US Supreme Court Justice,1,25.0,Jul/04/2005 19:11:28
258941,SUPREME.GONZALES,Attorney General Alberto R Gonzales to be Nominated as US Supreme Court Justice,1,24.9,Jul/04/2005 19:11:28
258941,SUPREME.GONZALES,Attorney General Alberto R Gonzales to be Nominated as US Supreme Court Justice,32,26.0,Jul/04/2005 19:13:59
258941,SUPREME.GONZALES,Attorney General Alberto R Gonzales to be Nominated as US Supreme Court Justice,12,26.5,Jul/04/2005 19:13:59
258941,SUPREME.GONZALES,Attorney General Alberto R Gonzales to be Nominated as US Supreme Court Justice,1,27.7,Jul/04/2005 19:18:36
258941,SUPREME.GONZALES,Attorney General Alberto R Gonzales to be Nominated as US Supreme Court Justice,4,28.0,Jul/04/2005 19:18:36
258941,SUPREME.GONZALES,Attorney General Alberto R Gonzales to be Nominated as US Supreme Court Justice,1,27.0,Jul/04/2005 21:33:55
258941,SUPREME.GONZALES,Attorney General Alberto R Gonzales to be Nominated as US Supreme Court Justice,4,27.0,Jul/04/2005 21:36:40
258941,SUPREME.GONZALES,Attorney General Alberto R Gonzales to be Nominated as US Supreme Court Justice,1,25.6,Jul/04/2005 22:11:42
258941,SUPREME.GONZALES,Attorney General Alberto R Gonzales to be Nominated as US Supreme Court Justice,1,25.4,Jul/04/2005 22:12:01
258941,SUPREME.GONZALES,Attorney General Alberto R Gonzales to be Nominated as US Supreme Court Justice,5,29.0,Jul/05/2005 00:10:43
258941,SUPREME.GONZALES,Attorney General Alberto R Gonzales to be Nominated as US Supreme Court Justice,6,26.8,Jul/05/2005 02:56:54
258941,SUPREME.GONZALES,Attorney General Alberto R Gonzales to be Nominated as US Supreme Court Justice,4,28.9,Jul/05/2005 03:04:05
258941,SUPREME.GONZALES,Attorney General Alberto R Gonzales to be Nominated as US Supreme Court Justice,1,32.0,Jul/05/2005 11:43:27
258941,SUPREME.GONZALES,Attorney General Alberto R Gonzales to be Nominated as US Supreme Court Justice,9,34.0,Jul/05/2005 11:43:27
258941,SUPREME.GONZALES,Attorney General Alberto R Gonzales to be Nominated as US Supreme Court Justice,10,31.0,Jul/05/2005 14:29:46
258941,SUPREME.GONZALES,Attorney General Alberto R Gonzales to be Nominated as US Supreme Court Justice,70,31.0,Jul/05/2005 15:23:16
258941,SUPREME.GONZALES,Attorney General Alberto R Gonzales to be Nominated as US Supreme Court Justice,5,30.0,Jul/05/2005 15:31:47
258941,SUPREME.GONZALES,Attorney General Alberto R Gonzales to be Nominated as US Supreme Court Justice,2,30.0,Jul/05/2005 15:31:47
258941,SUPREME.GONZALES,Attorney General Alberto R Gonzales to be Nominated as US Supreme Court Justice,1,32.0,Jul/05/2005 15:42:52
258941,SUPREME.GONZALES,Attorney General Alberto R Gonzales to be Nominated as US Supreme Court Justice,3,32.0,Jul/05/2005 15:43:26
258941,SUPREME.GONZALES,Attorney General Alberto R Gonzales to be Nominated as US Supreme Court Justice,1,32.0,Jul/05/2005 15:44:46
258941,SUPREME.GONZALES,Attorney General Alberto R Gonzales to be Nominated as US Supreme Court Justice,1,32.0,Jul/05/2005 15:44:46
258941,SUPREME.GONZALES,Attorney General Alberto R Gonzales to be Nominated as US Supreme Court Justice,1,32.9,Jul/05/2005 15:46:11
258941,SUPREME.GONZALES,Attorney General Alberto R Gonzales to be Nominated as US Supreme Court Justice,5,32.0,Jul/05/2005 16:00:43
258941,SUPREME.GONZALES,Attorney General Alberto R Gonzales to be Nominated as US Supreme Court Justice,2,32.0,Jul/05/2005 16:00:43
258941,SUPREME.GONZALES,Attorney General Alberto R Gonzales to be Nominated as US Supreme Court Justice,2,32.0,Jul/05/2005 16:00:52
258941,SUPREME.GONZALES,Attorney General Alberto R Gonzales to be Nominated as US Supreme Court Justice,1,30.1,Jul/05/2005 16:02:18
258941,SUPREME.GONZALES,Attorney General Alberto R Gonzales to be Nominated as US Supreme Court Justice,2,31.0,Jul/05/2005 16:54:04
258941,SUPREME.GONZALES,Attorney General Alberto R Gonzales to be Nominated as US Supreme Court Justice,2,29.6,Jul/05/2005 16:56:22
258941,SUPREME.GONZALES,Attorney General Alberto R Gonzales to be Nominated as US Supreme Court Justice,3,29.6,Jul/05/2005 16:56:56
258941,SUPREME.GONZALES,Attorney General Alberto R Gonzales to be Nominated as US Supreme Court Justice,1,31.0,Jul/05/2005 17:12:52
258941,SUPREME.GONZALES,Attorney General Alberto R Gonzales to be Nominated as US Supreme Court Justice,1,31.0,Jul/05/2005 17:12:52
258941,SUPREME.GONZALES,Attorney General Alberto R Gonzales to be Nominated as US Supreme Court Justice,2,29.8,Jul/05/2005 17:17:14
258941,SUPREME.GONZALES,Attorney General Alberto R Gonzales to be Nominated as US Supreme Court Justice,5,29.8,Jul/05/2005 17:17:14
258941,SUPREME.GONZALES,Attorney General Alberto R Gonzales to be Nominated as US Supreme Court Justice,2,29.7,Jul/05/2005 17:17:43
258941,SUPREME.GONZALES,Attorney General Alberto R Gonzales to be Nominated as US Supreme Court Justice,7,29.7,Jul/05/2005 17:17:43
258941,SUPREME.GONZALES,Attorney General Alberto R Gonzales to be Nominated as US Supreme Court Justice,10,29.7,Jul/05/2005 17:30:07
258941,SUPREME.GONZALES,Attorney General Alberto R Gonzales to be Nominated as US Supreme Court Justice,1,29.7,Jul/05/2005 18:07:31
258941,SUPREME.GONZALES,Attorney General Alberto R Gonzales to be Nominated as US Supreme Court Justice,1,30.0,Jul/05/2005 18:36:31
258941,SUPREME.GONZALES,Attorney General Alberto R Gonzales to be Nominated as US Supreme Court Justice,2,29.5,Jul/05/2005 18:37:00
258941,SUPREME.GONZALES,Attorney General Alberto R Gonzales to be Nominated as US Supreme Court Justice,3,29.5,Jul/05/2005 18:37:30
258941,SUPREME.GONZALES,Attorney General Alberto R Gonzales to be Nominated as US Supreme Court Justice,1,30.1,Jul/05/2005 18:38:56
258941,SUPREME.GONZALES,Attorney General Alberto R Gonzales to be Nominated as US Supreme Court Justice,1,29.4,Jul/05/2005 18:39:14
258941,SUPREME.GONZALES,Attorney General Alberto R Gonzales to be Nominated as US Supreme Court Justice,1,29.0,Jul/05/2005 18:39:29
258941,SUPREME.GONZALES,Attorney General Alberto R Gonzales to be Nominated as US Supreme Court Justice,1,28.4,Jul/05/2005 18:39:39
258941,SUPREME.GONZALES,Attorney General Alberto R Gonzales to be Nominated as US Supreme Court Justice,1,28.3,Jul/05/2005 18:40:04
258941,SUPREME.GONZALES,Attorney General Alberto R Gonzales to be Nominated as US Supreme Court Justice,4,28.2,Jul/05/2005 18:40:38
258941,SUPREME.GONZALES,Attorney General Alberto R Gonzales to be Nominated as US Supreme Court Justice,1,28.1,Jul/05/2005 18:41:22
258941,SUPREME.GONZALES,Attorney General Alberto R Gonzales to be Nominated as US Supreme Court Justice,3,28.1,Jul/05/2005 18:42:04
258941,SUPREME.GONZALES,Attorney General Alberto R Gonzales to be Nominated as US Supreme Court Justice,1,29.0,Jul/05/2005 20:14:43
258941,SUPREME.GONZALES,Attorney General Alberto R Gonzales to be Nominated as US Supreme Court Justice,1,29.4,Jul/05/2005 21:32:46
258941,SUPREME.GONZALES,Attorney General Alberto R Gonzales to be Nominated as US Supreme Court Justice,4,29.4,Jul/05/2005 21:32:55
258941,SUPREME.GONZALES,Attorney General Alberto R Gonzales to be Nominated as US Supreme Court Justice,3,29.4,Jul/05/2005 21:33:56
258941,SUPREME.GONZALES,Attorney General Alberto R Gonzales to be Nominated as US Supreme Court Justice,1,29.5,Jul/05/2005 21:45:53
258941,SUPREME.GONZALES,Attorney General Alberto R Gonzales to be Nominated as US Supreme Court Justice,2,29.0,Jul/05/2005 22:28:18
258941,SUPREME.GONZALES,Attorney General Alberto R Gonzales to be Nominated as US Supreme Court Justice,1,28.2,Jul/05/2005 22:45:04
258941,SUPREME.GONZALES,Attorney General Alberto R Gonzales to be Nominated as US Supreme Court Justice,4,28.1,Jul/05/2005 22:45:04
258941,SUPREME.GONZALES,Attorney General Alberto R Gonzales to be Nominated as US Supreme Court Justice,1,28.2,Jul/05/2005 22:45:04
258941,SUPREME.GONZALES,Attorney General Alberto R Gonzales to be Nominated as US Supreme Court Justice,3,28.0,Jul/05/2005 22:45:04
258941,SUPREME.GONZALES,Attorney General Alberto R Gonzales to be Nominated as US Supreme Court Justice,5,27.0,Jul/05/2005 23:17:39
258941,SUPREME.GONZALES,Attorney General Alberto R Gonzales to be Nominated as US Supreme Court Justice,2,27.0,Jul/05/2005 23:17:39
258941,SUPREME.GONZALES,Attorney General Alberto R Gonzales to be Nominated as US Supreme Court Justice,5,26.3,Jul/05/2005 23:19:27
258941,SUPREME.GONZALES,Attorney General Alberto R Gonzales to be Nominated as US Supreme Court Justice,1,26.4,Jul/06/2005 00:43:53
258941,SUPREME.GONZALES,Attorney General Alberto R Gonzales to be Nominated as US Supreme Court Justice,1,26.4,Jul/06/2005 00:43:53
258941,SUPREME.GONZALES,Attorney General Alberto R Gonzales to be Nominated as US Supreme Court Justice,2,28.7,Jul/06/2005 01:08:36
258941,SUPREME.GONZALES,Attorney General Alberto R Gonzales to be Nominated as US Supreme Court Justice,4,26.5,Jul/06/2005 04:10:45
258941,SUPREME.GONZALES,Attorney General Alberto R Gonzales to be Nominated as US Supreme Court Justice,1,26.5,Jul/06/2005 04:10:45
258941,SUPREME.GONZALES,Attorney General Alberto R Gonzales to be Nominated as US Supreme Court Justice,23,25.0,Jul/06/2005 04:48:08
258941,SUPREME.GONZALES,Attorney General Alberto R Gonzales to be Nominated as US Supreme Court Justice,2,25.1,Jul/06/2005 04:48:08
258941,SUPREME.GONZALES,Attorney General Alberto R Gonzales to be Nominated as US Supreme Court Justice,1,25.1,Jul/06/2005 09:48:41
258941,SUPREME.GONZALES,Attorney General Alberto R Gonzales to be Nominated as US Supreme Court Justice,1,26.2,Jul/06/2005 13:24:03
258941,SUPREME.GONZALES,Attorney General Alberto R Gonzales to be Nominated as US Supreme Court Justice,1,27.2,Jul/06/2005 13:55:00
258941,SUPREME.GONZALES,Attorney General Alberto R Gonzales to be Nominated as US Supreme Court Justice,2,27.0,Jul/06/2005 13:55:00
258941,SUPREME.GONZALES,Attorney General Alberto R Gonzales to be Nominated as US Supreme Court Justice,1,25.4,Jul/06/2005 14:16:06
258941,SUPREME.GONZALES,Attorney General Alberto R Gonzales to be Nominated as US Supreme Court Justice,31,25.0,Jul/06/2005 14:16:06
258941,SUPREME.GONZALES,Attorney General Alberto R Gonzales to be Nominated as US Supreme Court Justice,2,25.3,Jul/06/2005 14:16:06
258941,SUPREME.GONZALES,Attorney General Alberto R Gonzales to be Nominated as US Supreme Court Justice,1,25.4,Jul/06/2005 14:16:06
258941,SUPREME.GONZALES,Attorney General Alberto R Gonzales to be Nominated as US Supreme Court Justice,2,26.3,Jul/06/2005 16:01:41
258941,SUPREME.GONZALES,Attorney General Alberto R Gonzales to be Nominated as US Supreme Court Justice,1,26.3,Jul/06/2005 16:55:28
258941,SUPREME.GONZALES,Attorney General Alberto R Gonzales to be Nominated as US Supreme Court Justice,1,26.2,Jul/06/2005 16:55:57
258941,SUPREME.GONZALES,Attorney General Alberto R Gonzales to be Nominated as US Supreme Court Justice,1,26.1,Jul/06/2005 16:56:16
258941,SUPREME.GONZALES,Attorney General Alberto R Gonzales to be Nominated as US Supreme Court Justice,1,26.1,Jul/06/2005 16:56:16
258941,SUPREME.GONZALES,Attorney General Alberto R Gonzales to be Nominated as US Supreme Court Justice,2,27.0,Jul/06/2005 17:19:22
258941,SUPREME.GONZALES,Attorney General Alberto R Gonzales to be Nominated as US Supreme Court Justice,1,26.6,Jul/06/2005 18:03:34
258941,SUPREME.GONZALES,Attorney General Alberto R Gonzales to be Nominated as US Supreme Court Justice,3,27.0,Jul/06/2005 18:06:12
258941,SUPREME.GONZALES,Attorney General Alberto R Gonzales to be Nominated as US Supreme Court Justice,1,27.0,Jul/06/2005 18:06:12
258941,SUPREME.GONZALES,Attorney General Alberto R Gonzales to be Nominated as US Supreme Court Justice,1,26.4,Jul/06/2005 18:36:04
258941,SUPREME.GONZALES,Attorney General Alberto R Gonzales to be Nominated as US Supreme Court Justice,1,25.1,Jul/06/2005 18:56:19
258941,SUPREME.GONZALES,Attorney General Alberto R Gonzales to be Nominated as US Supreme Court Justice,1,25.0,Jul/06/2005 19:09:30
258941,SUPREME.GONZALES,Attorney General Alberto R Gonzales to be Nominated as US Supreme Court Justice,1,26.8,Jul/06/2005 20:07:47
258941,SUPREME.GONZALES,Attorney General Alberto R Gonzales to be Nominated as US Supreme Court Justice,4,27.0,Jul/06/2005 20:07:47
258941,SUPREME.GONZALES,Attorney General Alberto R Gonzales to be Nominated as US Supreme Court Justice,3,25.1,Jul/06/2005 20:33:07
258941,SUPREME.GONZALES,Attorney General Alberto R Gonzales to be Nominated as US Supreme Court Justice,7,25.0,Jul/06/2005 20:33:07
258941,SUPREME.GONZALES,Attorney General Alberto R Gonzales to be Nominated as US Supreme Court Justice,2,26.0,Jul/06/2005 20:53:15
258941,SUPREME.GONZALES,Attorney General Alberto R Gonzales to be Nominated as US Supreme Court Justice,2,26.0,Jul/06/2005 20:56:15
258941,SUPREME.GONZALES,Attorney General Alberto R Gonzales to be Nominated as US Supreme Court Justice,10,24.9,Jul/06/2005 21:39:00
258941,SUPREME.GONZALES,Attorney General Alberto R Gonzales to be Nominated as US Supreme Court Justice,4,24.9,Jul/06/2005 21:39:08
258941,SUPREME.GONZALES,Attorney General Alberto R Gonzales to be Nominated as US Supreme Court Justice,16,25.0,Jul/06/2005 21:39:45
258941,SUPREME.GONZALES,Attorney General Alberto R Gonzales to be Nominated as US Supreme Court Justice,4,24.9,Jul/06/2005 21:39:45
258941,SUPREME.GONZALES,Attorney General Alberto R Gonzales to be Nominated as US Supreme Court Justice,4,25.0,Jul/06/2005 21:40:07
258941,SUPREME.GONZALES,Attorney General Alberto R Gonzales to be Nominated as US Supreme Court Justice,6,26.0,Jul/06/2005 22:59:46
258941,SUPREME.GONZALES,Attorney General Alberto R Gonzales to be Nominated as US Supreme Court Justice,5,24.3,Jul/06/2005 23:32:58
258941,SUPREME.GONZALES,Attorney General Alberto R Gonzales to be Nominated as US Supreme Court Justice,2,24.3,Jul/06/2005 23:32:58
258941,SUPREME.GONZALES,Attorney General Alberto R Gonzales to be Nominated as US Supreme Court Justice,6,24.1,Jul/06/2005 23:32:58
258941,SUPREME.GONZALES,Attorney General Alberto R Gonzales to be Nominated as US Supreme Court Justice,10,26.9,Jul/07/2005 01:03:47
258941,SUPREME.GONZALES,Attorney General Alberto R Gonzales to be Nominated as US Supreme Court Justice,2,26.8,Jul/07/2005 01:03:47
258941,SUPREME.GONZALES,Attorney General Alberto R Gonzales to be Nominated as US Supreme Court Justice,16,28.9,Jul/07/2005 01:03:47
258941,SUPREME.GONZALES,Attorney General Alberto R Gonzales to be Nominated as US Supreme Court Justice,3,28.5,Jul/07/2005 01:37:29
258941,SUPREME.GONZALES,Attorney General Alberto R Gonzales to be Nominated as US Supreme Court Justice,4,28.5,Jul/07/2005 01:38:20
258941,SUPREME.GONZALES,Attorney General Alberto R Gonzales to be Nominated as US Supreme Court Justice,1,28.5,Jul/07/2005 01:40:19
258941,SUPREME.GONZALES,Attorney General Alberto R Gonzales to be Nominated as US Supreme Court Justice,2,28.8,Jul/07/2005 01:55:02
258941,SUPREME.GONZALES,Attorney General Alberto R Gonzales to be Nominated as US Supreme Court Justice,40,29.8,Jul/07/2005 02:13:27
258941,SUPREME.GONZALES,Attorney General Alberto R Gonzales to be Nominated as US Supreme Court Justice,39,29.5,Jul/07/2005 02:13:27
258941,SUPREME.GONZALES,Attorney General Alberto R Gonzales to be Nominated as US Supreme Court Justice,20,29.0,Jul/07/2005 02:13:27
258941,SUPREME.GONZALES,Attorney General Alberto R Gonzales to be Nominated as US Supreme Court Justice,5,28.9,Jul/07/2005 02:13:27
258941,SUPREME.GONZALES,Attorney General Alberto R Gonzales to be Nominated as US Supreme Court Justice,37,32.0,Jul/07/2005 02:14:35
258941,SUPREME.GONZALES,Attorney General Alberto R Gonzales to be Nominated as US Supreme Court Justice,1,31.5,Jul/07/2005 02:15:22
258941,SUPREME.GONZALES,Attorney General Alberto R Gonzales to be Nominated as US Supreme Court Justice,1,30.2,Jul/07/2005 08:15:31
258941,SUPREME.GONZALES,Attorney General Alberto R Gonzales to be Nominated as US Supreme Court Justice,1,30.2,Jul/07/2005 12:55:07
258941,SUPREME.GONZALES,Attorney General Alberto R Gonzales to be Nominated as US Supreme Court Justice,2,29.0,Jul/07/2005 13:20:49
258941,SUPREME.GONZALES,Attorney General Alberto R Gonzales to be Nominated as US Supreme Court Justice,2,30.2,Jul/07/2005 13:21:16
258941,SUPREME.GONZALES,Attorney General Alberto R Gonzales to be Nominated as US Supreme Court Justice,5,30.3,Jul/07/2005 13:21:16
258941,SUPREME.GONZALES,Attorney General Alberto R Gonzales to be Nominated as US Supreme Court Justice,1,29.0,Jul/07/2005 16:05:57
258941,SUPREME.GONZALES,Attorney General Alberto R Gonzales to be Nominated as US Supreme Court Justice,6,28.8,Jul/07/2005 16:08:05
258941,SUPREME.GONZALES,Attorney General Alberto R Gonzales to be Nominated as US Supreme Court Justice,4,29.0,Jul/07/2005 17:31:45
258941,SUPREME.GONZALES,Attorney General Alberto R Gonzales to be Nominated as US Supreme Court Justice,1,28.9,Jul/07/2005 17:31:45
258941,SUPREME.GONZALES,Attorney General Alberto R Gonzales to be Nominated as US Supreme Court Justice,7,29.0,Jul/07/2005 17:31:45
258941,SUPREME.GONZALES,Attorney General Alberto R Gonzales to be Nominated as US Supreme Court Justice,5,30.0,Jul/07/2005 17:34:38
258941,SUPREME.GONZALES,Attorney General Alberto R Gonzales to be Nominated as US Supreme Court Justice,1,29.2,Jul/07/2005 19:29:56
258941,SUPREME.GONZALES,Attorney General Alberto R Gonzales to be Nominated as US Supreme Court Justice,9,29.1,Jul/07/2005 19:29:56
258941,SUPREME.GONZALES,Attorney General Alberto R Gonzales to be Nominated as US Supreme Court Justice,7,29.4,Jul/07/2005 20:03:32
258941,SUPREME.GONZALES,Attorney General Alberto R Gonzales to be Nominated as US Supreme Court Justice,25,29.3,Jul/07/2005 20:04:15
258941,SUPREME.GONZALES,Attorney General Alberto R Gonzales to be Nominated as US Supreme Court Justice,7,29.4,Jul/07/2005 20:14:37
258941,SUPREME.GONZALES,Attorney General Alberto R Gonzales to be Nominated as US Supreme Court Justice,5,29.4,Jul/07/2005 20:22:36
258941,SUPREME.GONZALES,Attorney General Alberto R Gonzales to be Nominated as US Supreme Court Justice,9,27.5,Jul/07/2005 22:02:35
258941,SUPREME.GONZALES,Attorney General Alberto R Gonzales to be Nominated as US Supreme Court Justice,2,28.5,Jul/07/2005 22:02:35
258941,SUPREME.GONZALES,Attorney General Alberto R Gonzales to be Nominated as US Supreme Court Justice,5,28.0,Jul/07/2005 22:02:35
258941,SUPREME.GONZALES,Attorney General Alberto R Gonzales to be Nominated as US Supreme Court Justice,4,29.5,Jul/07/2005 22:02:35
258941,SUPREME.GONZALES,Attorney General Alberto R Gonzales to be Nominated as US Supreme Court Justice,4,27.6,Jul/07/2005 22:19:01
258941,SUPREME.GONZALES,Attorney General Alberto R Gonzales to be Nominated as US Supreme Court Justice,1,29.5,Jul/08/2005 00:20:11
258941,SUPREME.GONZALES,Attorney General Alberto R Gonzales to be Nominated as US Supreme Court Justice,4,29.5,Jul/08/2005 00:30:52
258941,SUPREME.GONZALES,Attorney General Alberto R Gonzales to be Nominated as US Supreme Court Justice,2,29.5,Jul/08/2005 00:30:52
258941,SUPREME.GONZALES,Attorney General Alberto R Gonzales to be Nominated as US Supreme Court Justice,2,29.5,Jul/08/2005 00:42:03
258941,SUPREME.GONZALES,Attorney General Alberto R Gonzales to be Nominated as US Supreme Court Justice,2,29.5,Jul/08/2005 01:35:53
258941,SUPREME.GONZALES,Attorney General Alberto R Gonzales to be Nominated as US Supreme Court Justice,1,30.0,Jul/08/2005 01:45:48
258941,SUPREME.GONZALES,Attorney General Alberto R Gonzales to be Nominated as US Supreme Court Justice,4,30.0,Jul/08/2005 01:45:48
258941,SUPREME.GONZALES,Attorney General Alberto R Gonzales to be Nominated as US Supreme Court Justice,1,30.5,Jul/08/2005 02:36:38
258941,SUPREME.GONZALES,Attorney General Alberto R Gonzales to be Nominated as US Supreme Court Justice,1,30.4,Jul/08/2005 02:48:24
258941,SUPREME.GONZALES,Attorney General Alberto R Gonzales to be Nominated as US Supreme Court Justice,1,30.4,Jul/08/2005 02:48:24
258941,SUPREME.GONZALES,Attorney General Alberto R Gonzales to be Nominated as US Supreme Court Justice,5,30.5,Jul/08/2005 02:48:38
258941,SUPREME.GONZALES,Attorney General Alberto R Gonzales to be Nominated as US Supreme Court Justice,2,30.5,Jul/08/2005 02:48:38
258941,SUPREME.GONZALES,Attorney General Alberto R Gonzales to be Nominated as US Supreme Court Justice,1,29.6,Jul/08/2005 03:01:26
258941,SUPREME.GONZALES,Attorney General Alberto R Gonzales to be Nominated as US Supreme Court Justice,10,29.5,Jul/08/2005 03:01:26
258941,SUPREME.GONZALES,Attorney General Alberto R Gonzales to be Nominated as US Supreme Court Justice,8,27.6,Jul/08/2005 03:06:20
258941,SUPREME.GONZALES,Attorney General Alberto R Gonzales to be Nominated as US Supreme Court Justice,16,27.5,Jul/08/2005 03:06:20
258941,SUPREME.GONZALES,Attorney General Alberto R Gonzales to be Nominated as US Supreme Court Justice,100,24.0,Jul/08/2005 03:10:03
258941,SUPREME.GONZALES,Attorney General Alberto R Gonzales to be Nominated as US Supreme Court Justice,28,24.1,Jul/08/2005 03:10:03
258941,SUPREME.GONZALES,Attorney General Alberto R Gonzales to be Nominated as US Supreme Court Justice,4,28.0,Jul/08/2005 03:10:26
258941,SUPREME.GONZALES,Attorney General Alberto R Gonzales to be Nominated as US Supreme Court Justice,1,20.2,Jul/08/2005 03:30:23
258941,SUPREME.GONZALES,Attorney General Alberto R Gonzales to be Nominated as US Supreme Court Justice,13,20.2,Jul/08/2005 03:36:15
258941,SUPREME.GONZALES,Attorney General Alberto R Gonzales to be Nominated as US Supreme Court Justice,50,20.1,Jul/08/2005 03:36:15
258941,SUPREME.GONZALES,Attorney General Alberto R Gonzales to be Nominated as US Supreme Court Justice,20,20.1,Jul/08/2005 03:43:35
258941,SUPREME.GONZALES,Attorney General Alberto R Gonzales to be Nominated as US Supreme Court Justice,7,20.2,Jul/08/2005 03:43:35
258941,SUPREME.GONZALES,Attorney General Alberto R Gonzales to be Nominated as US Supreme Court Justice,1,20.0,Jul/08/2005 04:22:07
258941,SUPREME.GONZALES,Attorney General Alberto R Gonzales to be Nominated as US Supreme Court Justice,1,12.5,Jul/08/2005 04:31:45
258941,SUPREME.GONZALES,Attorney General Alberto R Gonzales to be Nominated as US Supreme Court Justice,10,12.6,Jul/08/2005 06:48:23
258941,SUPREME.GONZALES,Attorney General Alberto R Gonzales to be Nominated as US Supreme Court Justice,1,7.0,Jul/08/2005 12:24:15
258941,SUPREME.GONZALES,Attorney General Alberto R Gonzales to be Nominated as US Supreme Court Justice,2,12.4,Jul/08/2005 12:59:53
258941,SUPREME.GONZALES,Attorney General Alberto R Gonzales to be Nominated as US Supreme Court Justice,1,12.3,Jul/08/2005 13:59:42
258941,SUPREME.GONZALES,Attorney General Alberto R Gonzales to be Nominated as US Supreme Court Justice,1,12.3,Jul/08/2005 14:02:29
258941,SUPREME.GONZALES,Attorney General Alberto R Gonzales to be Nominated as US Supreme Court Justice,2,12.3,Jul/08/2005 14:02:29
258941,SUPREME.GONZALES,Attorney General Alberto R Gonzales to be Nominated as US Supreme Court Justice,10,12.5,Jul/08/2005 14:02:29
258941,SUPREME.GONZALES,Attorney General Alberto R Gonzales to be Nominated as US Supreme Court Justice,1,24.2,Jul/08/2005 16:32:35
258941,SUPREME.GONZALES,Attorney General Alberto R Gonzales to be Nominated as US Supreme Court Justice,1,24.1,Jul/08/2005 16:32:35
258941,SUPREME.GONZALES,Attorney General Alberto R Gonzales to be Nominated as US Supreme Court Justice,17,25.0,Jul/08/2005 16:32:35
258941,SUPREME.GONZALES,Attorney General Alberto R Gonzales to be Nominated as US Supreme Court Justice,1,24.1,Jul/08/2005 16:32:35
258941,SUPREME.GONZALES,Attorney General Alberto R Gonzales to be Nominated as US Supreme Court Justice,6,19.0,Jul/08/2005 21:10:57
258941,SUPREME.GONZALES,Attorney General Alberto R Gonzales to be Nominated as US Supreme Court Justice,3,19.0,Jul/08/2005 21:10:57
258941,SUPREME.GONZALES,Attorney General Alberto R Gonzales to be Nominated as US Supreme Court Justice,11,20.9,Jul/08/2005 21:10:57
258941,SUPREME.GONZALES,Attorney General Alberto R Gonzales to be Nominated as US Supreme Court Justice,3,20.9,Jul/08/2005 21:30:22
258941,SUPREME.GONZALES,Attorney General Alberto R Gonzales to be Nominated as US Supreme Court Justice,10,22.0,Jul/08/2005 21:34:05
258941,SUPREME.GONZALES,Attorney General Alberto R Gonzales to be Nominated as US Supreme Court Justice,5,21.8,Jul/08/2005 21:34:05
258941,SUPREME.GONZALES,Attorney General Alberto R Gonzales to be Nominated as US Supreme Court Justice,1,21.7,Jul/08/2005 21:34:05
258941,SUPREME.GONZALES,Attorney General Alberto R Gonzales to be Nominated as US Supreme Court Justice,1,21.7,Jul/08/2005 21:34:05
258941,SUPREME.GONZALES,Attorney General Alberto R Gonzales to be Nominated as US Supreme Court Justice,10,24.8,Jul/08/2005 21:34:42
258941,SUPREME.GONZALES,Attorney General Alberto R Gonzales to be Nominated as US Supreme Court Justice,7,24.4,Jul/08/2005 21:34:42
258941,SUPREME.GONZALES,Attorney General Alberto R Gonzales to be Nominated as US Supreme Court Justice,5,18.9,Jul/08/2005 21:36:11
258941,SUPREME.GONZALES,Attorney General Alberto R Gonzales to be Nominated as US Supreme Court Justice,5,18.9,Jul/08/2005 21:40:06
258941,SUPREME.GONZALES,Attorney General Alberto R Gonzales to be Nominated as US Supreme Court Justice,5,18.0,Jul/08/2005 21:55:42
258941,SUPREME.GONZALES,Attorney General Alberto R Gonzales to be Nominated as US Supreme Court Justice,1,23.9,Jul/08/2005 21:57:59
258941,SUPREME.GONZALES,Attorney General Alberto R Gonzales to be Nominated as US Supreme Court Justice,1,23.7,Jul/08/2005 21:57:59
258941,SUPREME.GONZALES,Attorney General Alberto R Gonzales to be Nominated as US Supreme Court Justice,1,23.8,Jul/08/2005 21:57:59
258941,SUPREME.GONZALES,Attorney General Alberto R Gonzales to be Nominated as US Supreme Court Justice,5,17.9,Jul/09/2005 03:27:28
258941,SUPREME.GONZALES,Attorney General Alberto R Gonzales to be Nominated as US Supreme Court Justice,5,18.0,Jul/09/2005 04:06:12
258941,SUPREME.GONZALES,Attorney General Alberto R Gonzales to be Nominated as US Supreme Court Justice,1,20.0,Jul/09/2005 04:17:40
258941,SUPREME.GONZALES,Attorney General Alberto R Gonzales to be Nominated as US Supreme Court Justice,5,16.0,Jul/09/2005 04:51:37
258941,SUPREME.GONZALES,Attorney General Alberto R Gonzales to be Nominated as US Supreme Court Justice,1,15.1,Jul/09/2005 04:52:46
258941,SUPREME.GONZALES,Attorney General Alberto R Gonzales to be Nominated as US Supreme Court Justice,2,15.1,Jul/09/2005 04:52:46
258941,SUPREME.GONZALES,Attorney General Alberto R Gonzales to be Nominated as US Supreme Court Justice,2,21.8,Jul/09/2005 06:16:13
258941,SUPREME.GONZALES,Attorney General Alberto R Gonzales to be Nominated as US Supreme Court Justice,1,21.8,Jul/09/2005 06:16:13
258941,SUPREME.GONZALES,Attorney General Alberto R Gonzales to be Nominated as US Supreme Court Justice,1,12.0,Jul/09/2005 06:40:26
258941,SUPREME.GONZALES,Attorney General Alberto R Gonzales to be Nominated as US Supreme Court Justice,1,12.5,Jul/09/2005 06:40:26
258941,SUPREME.GONZALES,Attorney General Alberto R Gonzales to be Nominated as US Supreme Court Justice,16,10.1,Jul/09/2005 06:40:26
258941,SUPREME.GONZALES,Attorney General Alberto R Gonzales to be Nominated as US Supreme Court Justice,1,13.2,Jul/09/2005 06:40:26
258941,SUPREME.GONZALES,Attorney General Alberto R Gonzales to be Nominated as US Supreme Court Justice,1,13.2,Jul/09/2005 06:40:26
258941,SUPREME.GONZALES,Attorney General Alberto R Gonzales to be Nominated as US Supreme Court Justice,1,18.9,Jul/09/2005 14:25:36
258941,SUPREME.GONZALES,Attorney General Alberto R Gonzales to be Nominated as US Supreme Court Justice,1,18.9,Jul/09/2005 14:25:36
258941,SUPREME.GONZALES,Attorney General Alberto R Gonzales to be Nominated as US Supreme Court Justice,9,16.0,Jul/09/2005 14:46:51
258941,SUPREME.GONZALES,Attorney General Alberto R Gonzales to be Nominated as US Supreme Court Justice,5,16.1,Jul/09/2005 14:46:51
258941,SUPREME.GONZALES,Attorney General Alberto R Gonzales to be Nominated as US Supreme Court Justice,1,16.0,Jul/09/2005 14:47:19
258941,SUPREME.GONZALES,Attorney General Alberto R Gonzales to be Nominated as US Supreme Court Justice,5,15.1,Jul/09/2005 14:47:54
258941,SUPREME.GONZALES,Attorney General Alberto R Gonzales to be Nominated as US Supreme Court Justice,5,16.0,Jul/09/2005 14:54:55
258941,SUPREME.GONZALES,Attorney General Alberto R Gonzales to be Nominated as US Supreme Court Justice,1,15.0,Jul/09/2005 15:15:43
258941,SUPREME.GONZALES,Attorney General Alberto R Gonzales to be Nominated as US Supreme Court Justice,2,15.1,Jul/09/2005 17:24:01
258941,SUPREME.GONZALES,Attorney General Alberto R Gonzales to be Nominated as US Supreme Court Justice,1,15.1,Jul/09/2005 17:24:01
258941,SUPREME.GONZALES,Attorney General Alberto R Gonzales to be Nominated as US Supreme Court Justice,1,15.2,Jul/09/2005 19:27:07
258941,SUPREME.GONZALES,Attorney General Alberto R Gonzales to be Nominated as US Supreme Court Justice,1,15.6,Jul/09/2005 19:48:51
258941,SUPREME.GONZALES,Attorney General Alberto R Gonzales to be Nominated as US Supreme Court Justice,1,15.6,Jul/09/2005 19:48:59
258941,SUPREME.GONZALES,Attorney General Alberto R Gonzales to be Nominated as US Supreme Court Justice,6,15.1,Jul/09/2005 20:01:27
258941,SUPREME.GONZALES,Attorney General Alberto R Gonzales to be Nominated as US Supreme Court Justice,1,15.1,Jul/09/2005 20:49:56
258941,SUPREME.GONZALES,Attorney General Alberto R Gonzales to be Nominated as US Supreme Court Justice,4,16.4,Jul/09/2005 20:52:41
258941,SUPREME.GONZALES,Attorney General Alberto R Gonzales to be Nominated as US Supreme Court Justice,1,16.8,Jul/09/2005 21:04:24
258941,SUPREME.GONZALES,Attorney General Alberto R Gonzales to be Nominated as US Supreme Court Justice,1,15.1,Jul/09/2005 21:17:06
258941,SUPREME.GONZALES,Attorney General Alberto R Gonzales to be Nominated as US Supreme Court Justice,1,15.1,Jul/09/2005 21:30:16
258941,SUPREME.GONZALES,Attorney General Alberto R Gonzales to be Nominated as US Supreme Court Justice,1,16.4,Jul/09/2005 23:09:57
258941,SUPREME.GONZALES,Attorney General Alberto R Gonzales to be Nominated as US Supreme Court Justice,1,16.4,Jul/09/2005 23:09:57
258941,SUPREME.GONZALES,Attorney General Alberto R Gonzales to be Nominated as US Supreme Court Justice,1,16.5,Jul/09/2005 23:11:11
258941,SUPREME.GONZALES,Attorney General Alberto R Gonzales to be Nominated as US Supreme Court Justice,10,16.6,Jul/10/2005 03:04:06
258941,SUPREME.GONZALES,Attorney General Alberto R Gonzales to be Nominated as US Supreme Court Justice,1,16.2,Jul/10/2005 03:04:06
258941,SUPREME.GONZALES,Attorney General Alberto R Gonzales to be Nominated as US Supreme Court Justice,2,16.2,Jul/10/2005 03:04:06
258941,SUPREME.GONZALES,Attorney General Alberto R Gonzales to be Nominated as US Supreme Court Justice,9,16.9,Jul/10/2005 03:04:06
258941,SUPREME.GONZALES,Attorney General Alberto R Gonzales to be Nominated as US Supreme Court Justice,1,16.9,Jul/10/2005 03:06:56
258941,SUPREME.GONZALES,Attorney General Alberto R Gonzales to be Nominated as US Supreme Court Justice,6,17.9,Jul/10/2005 04:15:23
258941,SUPREME.GONZALES,Attorney General Alberto R Gonzales to be Nominated as US Supreme Court Justice,1,17.9,Jul/10/2005 04:15:23
258941,SUPREME.GONZALES,Attorney General Alberto R Gonzales to be Nominated as US Supreme Court Justice,2,18.0,Jul/10/2005 04:19:48
258941,SUPREME.GONZALES,Attorney General Alberto R Gonzales to be Nominated as US Supreme Court Justice,1,18.0,Jul/10/2005 04:29:14
258941,SUPREME.GONZALES,Attorney General Alberto R Gonzales to be Nominated as US Supreme Court Justice,1,18.0,Jul/10/2005 04:29:14
258941,SUPREME.GONZALES,Attorney General Alberto R Gonzales to be Nominated as US Supreme Court Justice,1,19.8,Jul/10/2005 06:55:11
258941,SUPREME.GONZALES,Attorney General Alberto R Gonzales to be Nominated as US Supreme Court Justice,1,19.8,Jul/10/2005 14:53:46
258941,SUPREME.GONZALES,Attorney General Alberto R Gonzales to be Nominated as US Supreme Court Justice,2,19.8,Jul/10/2005 14:53:46
258941,SUPREME.GONZALES,Attorney General Alberto R Gonzales to be Nominated as US Supreme Court Justice,17,21.9,Jul/10/2005 14:53:46
258941,SUPREME.GONZALES,Attorney General Alberto R Gonzales to be Nominated as US Supreme Court Justice,1,24.1,Jul/10/2005 14:53:46
258941,SUPREME.GONZALES,Attorney General Alberto R Gonzales to be Nominated as US Supreme Court Justice,1,25.0,Jul/10/2005 14:53:46
258941,SUPREME.GONZALES,Attorney General Alberto R Gonzales to be Nominated as US Supreme Court Justice,9,26.1,Jul/10/2005 16:24:30
258941,SUPREME.GONZALES,Attorney General Alberto R Gonzales to be Nominated as US Supreme Court Justice,7,27.9,Jul/10/2005 17:15:07
258941,SUPREME.GONZALES,Attorney General Alberto R Gonzales to be Nominated as US Supreme Court Justice,15,28.0,Jul/10/2005 17:15:07
258941,SUPREME.GONZALES,Attorney General Alberto R Gonzales to be Nominated as US Supreme Court Justice,3,30.0,Jul/10/2005 17:15:07
258941,SUPREME.GONZALES,Attorney General Alberto R Gonzales to be Nominated as US Supreme Court Justice,2,30.0,Jul/10/2005 17:16:52
258941,SUPREME.GONZALES,Attorney General Alberto R Gonzales to be Nominated as US Supreme Court Justice,7,30.0,Jul/10/2005 17:16:52
258941,SUPREME.GONZALES,Attorney General Alberto R Gonzales to be Nominated as US Supreme Court Justice,22,34.9,Jul/10/2005 17:17:02
258941,SUPREME.GONZALES,Attorney General Alberto R Gonzales to be Nominated as US Supreme Court Justice,2,25.0,Jul/10/2005 18:07:35
258941,SUPREME.GONZALES,Attorney General Alberto R Gonzales to be Nominated as US Supreme Court Justice,5,30.0,Jul/10/2005 19:30:12
258941,SUPREME.GONZALES,Attorney General Alberto R Gonzales to be Nominated as US Supreme Court Justice,76,25.0,Jul/10/2005 21:10:25
258941,SUPREME.GONZALES,Attorney General Alberto R Gonzales to be Nominated as US Supreme Court Justice,9,25.1,Jul/10/2005 21:10:25
258941,SUPREME.GONZALES,Attorney General Alberto R Gonzales to be Nominated as US Supreme Court Justice,8,25.0,Jul/10/2005 21:10:25
258941,SUPREME.GONZALES,Attorney General Alberto R Gonzales to be Nominated as US Supreme Court Justice,1,25.0,Jul/10/2005 21:12:14
258941,SUPREME.GONZALES,Attorney General Alberto R Gonzales to be Nominated as US Supreme Court Justice,1,25.0,Jul/10/2005 21:12:22
258941,SUPREME.GONZALES,Attorney General Alberto R Gonzales to be Nominated as US Supreme Court Justice,15,15.5,Jul/10/2005 21:16:06
258941,SUPREME.GONZALES,Attorney General Alberto R Gonzales to be Nominated as US Supreme Court Justice,2,18.1,Jul/10/2005 21:16:06
258941,SUPREME.GONZALES,Attorney General Alberto R Gonzales to be Nominated as US Supreme Court Justice,2,15.0,Jul/10/2005 21:16:06
258941,SUPREME.GONZALES,Attorney General Alberto R Gonzales to be Nominated as US Supreme Court Justice,10,18.0,Jul/10/2005 21:16:06
258941,SUPREME.GONZALES,Attorney General Alberto R Gonzales to be Nominated as US Supreme Court Justice,9,27.0,Jul/10/2005 21:21:02
258941,SUPREME.GONZALES,Attorney General Alberto R Gonzales to be Nominated as US Supreme Court Justice,1,27.0,Jul/10/2005 21:21:45
258941,SUPREME.GONZALES,Attorney General Alberto R Gonzales to be Nominated as US Supreme Court Justice,1,25.9,Jul/10/2005 22:04:02
258941,SUPREME.GONZALES,Attorney General Alberto R Gonzales to be Nominated as US Supreme Court Justice,1,25.9,Jul/10/2005 22:04:02
258941,SUPREME.GONZALES,Attorney General Alberto R Gonzales to be Nominated as US Supreme Court Justice,2,22.0,Jul/11/2005 00:15:43
258941,SUPREME.GONZALES,Attorney General Alberto R Gonzales to be Nominated as US Supreme Court Justice,1,20.0,Jul/11/2005 02:12:54
258941,SUPREME.GONZALES,Attorney General Alberto R Gonzales to be Nominated as US Supreme Court Justice,5,23.9,Jul/11/2005 03:47:01
258941,SUPREME.GONZALES,Attorney General Alberto R Gonzales to be Nominated as US Supreme Court Justice,1,19.1,Jul/11/2005 05:11:16
258941,SUPREME.GONZALES,Attorney General Alberto R Gonzales to be Nominated as US Supreme Court Justice,5,19.0,Jul/11/2005 05:11:53
258941,SUPREME.GONZALES,Attorney General Alberto R Gonzales to be Nominated as US Supreme Court Justice,2,19.0,Jul/11/2005 05:12:37
258941,SUPREME.GONZALES,Attorney General Alberto R Gonzales to be Nominated as US Supreme Court Justice,2,19.0,Jul/11/2005 05:13:15
258941,SUPREME.GONZALES,Attorney General Alberto R Gonzales to be Nominated as US Supreme Court Justice,150,19.1,Jul/11/2005 05:49:54
258941,SUPREME.GONZALES,Attorney General Alberto R Gonzales to be Nominated as US Supreme Court Justice,150,24.2,Jul/11/2005 05:50:35
258941,SUPREME.GONZALES,Attorney General Alberto R Gonzales to be Nominated as US Supreme Court Justice,2,20.1,Jul/11/2005 12:02:15
258941,SUPREME.GONZALES,Attorney General Alberto R Gonzales to be Nominated as US Supreme Court Justice,99,20.0,Jul/11/2005 12:02:15
258941,SUPREME.GONZALES,Attorney General Alberto R Gonzales to be Nominated as US Supreme Court Justice,5,18.0,Jul/11/2005 12:12:31
258941,SUPREME.GONZALES,Attorney General Alberto R Gonzales to be Nominated as US Supreme Court Justice,6,17.4,Jul/11/2005 12:23:39
258941,SUPREME.GONZALES,Attorney General Alberto R Gonzales to be Nominated as US Supreme Court Justice,3,15.5,Jul/11/2005 12:26:30
258941,SUPREME.GONZALES,Attorney General Alberto R Gonzales to be Nominated as US Supreme Court Justice,1,15.6,Jul/11/2005 12:26:30
258941,SUPREME.GONZALES,Attorney General Alberto R Gonzales to be Nominated as US Supreme Court Justice,1,15.0,Jul/11/2005 12:26:30
258941,SUPREME.GONZALES,Attorney General Alberto R Gonzales to be Nominated as US Supreme Court Justice,99,15.0,Jul/11/2005 12:26:30
258941,SUPREME.GONZALES,Attorney General Alberto R Gonzales to be Nominated as US Supreme Court Justice,1,18.7,Jul/11/2005 12:58:52
258941,SUPREME.GONZALES,Attorney General Alberto R Gonzales to be Nominated as US Supreme Court Justice,1,18.7,Jul/11/2005 12:58:52
258941,SUPREME.GONZALES,Attorney General Alberto R Gonzales to be Nominated as US Supreme Court Justice,1,12.1,Jul/11/2005 13:21:28
258941,SUPREME.GONZALES,Attorney General Alberto R Gonzales to be Nominated as US Supreme Court Justice,10,12.0,Jul/11/2005 13:21:28
258941,SUPREME.GONZALES,Attorney General Alberto R Gonzales to be Nominated as US Supreme Court Justice,98,10.0,Jul/11/2005 13:21:28
258941,SUPREME.GONZALES,Attorney General Alberto R Gonzales to be Nominated as US Supreme Court Justice,35,10.0,Jul/11/2005 13:21:28
258941,SUPREME.GONZALES,Attorney General Alberto R Gonzales to be Nominated as US Supreme Court Justice,1,12.1,Jul/11/2005 13:21:28
258941,SUPREME.GONZALES,Attorney General Alberto R Gonzales to be Nominated as US Supreme Court Justice,1,11.2,Jul/11/2005 13:57:02
258941,SUPREME.GONZALES,Attorney General Alberto R Gonzales to be Nominated as US Supreme Court Justice,1,11.2,Jul/11/2005 13:57:11
258941,SUPREME.GONZALES,Attorney General Alberto R Gonzales to be Nominated as US Supreme Court Justice,5,11.1,Jul/11/2005 13:59:38
258941,SUPREME.GONZALES,Attorney General Alberto R Gonzales to be Nominated as US Supreme Court Justice,4,11.1,Jul/11/2005 14:00:58
258941,SUPREME.GONZALES,Attorney General Alberto R Gonzales to be Nominated as US Supreme Court Justice,6,11.1,Jul/11/2005 14:01:20
258941,SUPREME.GONZALES,Attorney General Alberto R Gonzales to be Nominated as US Supreme Court Justice,3,11.1,Jul/11/2005 14:04:10
258941,SUPREME.GONZALES,Attorney General Alberto R Gonzales to be Nominated as US Supreme Court Justice,10,11.0,Jul/11/2005 14:09:42
258941,SUPREME.GONZALES,Attorney General Alberto R Gonzales to be Nominated as US Supreme Court Justice,48,12.0,Jul/11/2005 14:18:09
258941,SUPREME.GONZALES,Attorney General Alberto R Gonzales to be Nominated as US Supreme Court Justice,3,13.7,Jul/11/2005 15:00:34
258941,SUPREME.GONZALES,Attorney General Alberto R Gonzales to be Nominated as US Supreme Court Justice,2,13.6,Jul/11/2005 15:00:34
258941,SUPREME.GONZALES,Attorney General Alberto R Gonzales to be Nominated as US Supreme Court Justice,5,13.6,Jul/11/2005 15:00:34
258941,SUPREME.GONZALES,Attorney General Alberto R Gonzales to be Nominated as US Supreme Court Justice,2,13.1,Jul/11/2005 15:09:18
258941,SUPREME.GONZALES,Attorney General Alberto R Gonzales to be Nominated as US Supreme Court Justice,28,13.0,Jul/11/2005 15:09:18
258941,SUPREME.GONZALES,Attorney General Alberto R Gonzales to be Nominated as US Supreme Court Justice,7,13.7,Jul/11/2005 15:11:59
258941,SUPREME.GONZALES,Attorney General Alberto R Gonzales to be Nominated as US Supreme Court Justice,3,13.8,Jul/11/2005 15:11:59
258941,SUPREME.GONZALES,Attorney General Alberto R Gonzales to be Nominated as US Supreme Court Justice,2,13.0,Jul/11/2005 15:16:43
258941,SUPREME.GONZALES,Attorney General Alberto R Gonzales to be Nominated as US Supreme Court Justice,50,12.5,Jul/11/2005 15:19:24
258941,SUPREME.GONZALES,Attorney General Alberto R Gonzales to be Nominated as US Supreme Court Justice,1,12.0,Jul/11/2005 15:50:30
258941,SUPREME.GONZALES,Attorney General Alberto R Gonzales to be Nominated as US Supreme Court Justice,1,12.0,Jul/11/2005 15:50:49
258941,SUPREME.GONZALES,Attorney General Alberto R Gonzales to be Nominated as US Supreme Court Justice,1,12.0,Jul/11/2005 15:50:49
258941,SUPREME.GONZALES,Attorney General Alberto R Gonzales to be Nominated as US Supreme Court Justice,2,10.0,Jul/11/2005 15:51:16
258941,SUPREME.GONZALES,Attorney General Alberto R Gonzales to be Nominated as US Supreme Court Justice,3,10.0,Jul/11/2005 15:51:54
258941,SUPREME.GONZALES,Attorney General Alberto R Gonzales to be Nominated as US Supreme Court Justice,5,10.0,Jul/11/2005 16:21:35
258941,SUPREME.GONZALES,Attorney General Alberto R Gonzales to be Nominated as US Supreme Court Justice,3,10.0,Jul/11/2005 16:29:59
258941,SUPREME.GONZALES,Attorney General Alberto R Gonzales to be Nominated as US Supreme Court Justice,2,10.0,Jul/11/2005 16:30:15
258941,SUPREME.GONZALES,Attorney General Alberto R Gonzales to be Nominated as US Supreme Court Justice,1,11.7,Jul/11/2005 18:04:16
258941,SUPREME.GONZALES,Attorney General Alberto R Gonzales to be Nominated as US Supreme Court Justice,5,11.7,Jul/11/2005 18:04:16
258941,SUPREME.GONZALES,Attorney General Alberto R Gonzales to be Nominated as US Supreme Court Justice,1,11.7,Jul/11/2005 18:22:38
258941,SUPREME.GONZALES,Attorney General Alberto R Gonzales to be Nominated as US Supreme Court Justice,1,11.8,Jul/11/2005 18:23:05
258941,SUPREME.GONZALES,Attorney General Alberto R Gonzales to be Nominated as US Supreme Court Justice,5,11.8,Jul/11/2005 18:23:05
258941,SUPREME.GONZALES,Attorney General Alberto R Gonzales to be Nominated as US Supreme Court Justice,3,11.9,Jul/11/2005 18:23:59
258941,SUPREME.GONZALES,Attorney General Alberto R Gonzales to be Nominated as US Supreme Court Justice,1,11.6,Jul/11/2005 19:54:22
258941,SUPREME.GONZALES,Attorney General Alberto R Gonzales to be Nominated as US Supreme Court Justice,7,11.7,Jul/11/2005 19:54:53
258941,SUPREME.GONZALES,Attorney General Alberto R Gonzales to be Nominated as US Supreme Court Justice,5,10.9,Jul/11/2005 20:10:52
258941,SUPREME.GONZALES,Attorney General Alberto R Gonzales to be Nominated as US Supreme Court Justice,5,11.8,Jul/11/2005 20:16:38
258941,SUPREME.GONZALES,Attorney General Alberto R Gonzales to be Nominated as US Supreme Court Justice,3,11.9,Jul/11/2005 21:03:28
258941,SUPREME.GONZALES,Attorney General Alberto R Gonzales to be Nominated as US Supreme Court Justice,2,11.9,Jul/11/2005 21:05:30
258941,SUPREME.GONZALES,Attorney General Alberto R Gonzales to be Nominated as US Supreme Court Justice,2,11.7,Jul/11/2005 21:40:16
258941,SUPREME.GONZALES,Attorney General Alberto R Gonzales to be Nominated as US Supreme Court Justice,19,10.0,Jul/11/2005 22:10:00
258941,SUPREME.GONZALES,Attorney General Alberto R Gonzales to be Nominated as US Supreme Court Justice,5,10.2,Jul/11/2005 22:10:00
258941,SUPREME.GONZALES,Attorney General Alberto R Gonzales to be Nominated as US Supreme Court Justice,1,10.2,Jul/11/2005 22:10:00
258941,SUPREME.GONZALES,Attorney General Alberto R Gonzales to be Nominated as US Supreme Court Justice,5,10.1,Jul/11/2005 22:10:00
258941,SUPREME.GONZALES,Attorney General Alberto R Gonzales to be Nominated as US Supreme Court Justice,2,11.7,Jul/11/2005 23:01:33
258941,SUPREME.GONZALES,Attorney General Alberto R Gonzales to be Nominated as US Supreme Court Justice,1,10.9,Jul/11/2005 23:28:13
258941,SUPREME.GONZALES,Attorney General Alberto R Gonzales to be Nominated as US Supreme Court Justice,10,11.0,Jul/11/2005 23:28:13
258941,SUPREME.GONZALES,Attorney General Alberto R Gonzales to be Nominated as US Supreme Court Justice,1,11.1,Jul/12/2005 00:52:49
258941,SUPREME.GONZALES,Attorney General Alberto R Gonzales to be Nominated as US Supreme Court Justice,1,11.0,Jul/12/2005 00:53:07
258941,SUPREME.GONZALES,Attorney General Alberto R Gonzales to be Nominated as US Supreme Court Justice,5,11.0,Jul/12/2005 00:53:27
258941,SUPREME.GONZALES,Attorney General Alberto R Gonzales to be Nominated as US Supreme Court Justice,1,11.0,Jul/12/2005 00:53:46
258941,SUPREME.GONZALES,Attorney General Alberto R Gonzales to be Nominated as US Supreme Court Justice,2,11.0,Jul/12/2005 00:54:12
258941,SUPREME.GONZALES,Attorney General Alberto R Gonzales to be Nominated as US Supreme Court Justice,11,11.0,Jul/12/2005 01:36:29
258941,SUPREME.GONZALES,Attorney General Alberto R Gonzales to be Nominated as US Supreme Court Justice,2,10.3,Jul/12/2005 01:57:04
258941,SUPREME.GONZALES,Attorney General Alberto R Gonzales to be Nominated as US Supreme Court Justice,3,10.3,Jul/12/2005 01:57:45
258941,SUPREME.GONZALES,Attorney General Alberto R Gonzales to be Nominated as US Supreme Court Justice,8,11.2,Jul/12/2005 02:11:47
258941,SUPREME.GONZALES,Attorney General Alberto R Gonzales to be Nominated as US Supreme Court Justice,2,10.9,Jul/12/2005 03:09:58
258941,SUPREME.GONZALES,Attorney General Alberto R Gonzales to be Nominated as US Supreme Court Justice,4,10.9,Jul/12/2005 03:42:48
258941,SUPREME.GONZALES,Attorney General Alberto R Gonzales to be Nominated as US Supreme Court Justice,17,11.1,Jul/12/2005 03:42:48
258941,SUPREME.GONZALES,Attorney General Alberto R Gonzales to be Nominated as US Supreme Court Justice,9,10.9,Jul/12/2005 03:42:48
258941,SUPREME.GONZALES,Attorney General Alberto R Gonzales to be Nominated as US Supreme Court Justice,1,12.3,Jul/12/2005 04:05:41
258941,SUPREME.GONZALES,Attorney General Alberto R Gonzales to be Nominated as US Supreme Court Justice,1,12.3,Jul/12/2005 04:05:41
258941,SUPREME.GONZALES,Attorney General Alberto R Gonzales to be Nominated as US Supreme Court Justice,1,12.3,Jul/12/2005 04:05:41
258941,SUPREME.GONZALES,Attorney General Alberto R Gonzales to be Nominated as US Supreme Court Justice,1,11.2,Jul/12/2005 11:48:01
258941,SUPREME.GONZALES,Attorney General Alberto R Gonzales to be Nominated as US Supreme Court Justice,1,11.2,Jul/12/2005 11:48:01
258941,SUPREME.GONZALES,Attorney General Alberto R Gonzales to be Nominated as US Supreme Court Justice,4,12.6,Jul/12/2005 15:24:52
258941,SUPREME.GONZALES,Attorney General Alberto R Gonzales to be Nominated as US Supreme Court Justice,1,10.3,Jul/12/2005 17:28:09
258941,SUPREME.GONZALES,Attorney General Alberto R Gonzales to be Nominated as US Supreme Court Justice,4,10.0,Jul/12/2005 17:28:09
258941,SUPREME.GONZALES,Attorney General Alberto R Gonzales to be Nominated as US Supreme Court Justice,4,10.2,Jul/12/2005 17:28:09
258941,SUPREME.GONZALES,Attorney General Alberto R Gonzales to be Nominated as US Supreme Court Justice,1,10.3,Jul/12/2005 17:28:09
258941,SUPREME.GONZALES,Attorney General Alberto R Gonzales to be Nominated as US Supreme Court Justice,1,10.0,Jul/12/2005 18:19:37
258941,SUPREME.GONZALES,Attorney General Alberto R Gonzales to be Nominated as US Supreme Court Justice,1,10.0,Jul/12/2005 18:19:37
258941,SUPREME.GONZALES,Attorney General Alberto R Gonzales to be Nominated as US Supreme Court Justice,8,10.5,Jul/12/2005 21:09:53
258941,SUPREME.GONZALES,Attorney General Alberto R Gonzales to be Nominated as US Supreme Court Justice,11,10.5,Jul/12/2005 21:15:06
258941,SUPREME.GONZALES,Attorney General Alberto R Gonzales to be Nominated as US Supreme Court Justice,7,10.9,Jul/12/2005 22:10:21
258941,SUPREME.GONZALES,Attorney General Alberto R Gonzales to be Nominated as US Supreme Court Justice,1,10.7,Jul/12/2005 22:10:21
258941,SUPREME.GONZALES,Attorney General Alberto R Gonzales to be Nominated as US Supreme Court Justice,1,10.8,Jul/12/2005 22:10:21
258941,SUPREME.GONZALES,Attorney General Alberto R Gonzales to be Nominated as US Supreme Court Justice,1,10.7,Jul/12/2005 22:10:21
258941,SUPREME.GONZALES,Attorney General Alberto R Gonzales to be Nominated as US Supreme Court Justice,10,10.9,Jul/12/2005 22:45:59
258941,SUPREME.GONZALES,Attorney General Alberto R Gonzales to be Nominated as US Supreme Court Justice,2,10.9,Jul/12/2005 23:37:51
258941,SUPREME.GONZALES,Attorney General Alberto R Gonzales to be Nominated as US Supreme Court Justice,1,10.9,Jul/12/2005 23:37:51
258941,SUPREME.GONZALES,Attorney General Alberto R Gonzales to be Nominated as US Supreme Court Justice,2,11.0,Jul/12/2005 23:37:51
258941,SUPREME.GONZALES,Attorney General Alberto R Gonzales to be Nominated as US Supreme Court Justice,1,11.0,Jul/12/2005 23:42:07
258941,SUPREME.GONZALES,Attorney General Alberto R Gonzales to be Nominated as US Supreme Court Justice,15,11.0,Jul/13/2005 14:57:23
258941,SUPREME.GONZALES,Attorney General Alberto R Gonzales to be Nominated as US Supreme Court Justice,9,10.0,Jul/13/2005 17:05:20
258941,SUPREME.GONZALES,Attorney General Alberto R Gonzales to be Nominated as US Supreme Court Justice,1,9.2,Jul/13/2005 18:43:26
258941,SUPREME.GONZALES,Attorney General Alberto R Gonzales to be Nominated as US Supreme Court Justice,2,9.0,Jul/13/2005 18:43:58
258941,SUPREME.GONZALES,Attorney General Alberto R Gonzales to be Nominated as US Supreme Court Justice,5,10.0,Jul/13/2005 19:11:22
258941,SUPREME.GONZALES,Attorney General Alberto R Gonzales to be Nominated as US Supreme Court Justice,5,10.0,Jul/13/2005 19:11:50
258941,SUPREME.GONZALES,Attorney General Alberto R Gonzales to be Nominated as US Supreme Court Justice,2,13.9,Jul/14/2005 17:26:47
258941,SUPREME.GONZALES,Attorney General Alberto R Gonzales to be Nominated as US Supreme Court Justice,1,13.9,Jul/14/2005 17:26:47
258941,SUPREME.GONZALES,Attorney General Alberto R Gonzales to be Nominated as US Supreme Court Justice,1,11.2,Jul/14/2005 23:50:20
258941,SUPREME.GONZALES,Attorney General Alberto R Gonzales to be Nominated as US Supreme Court Justice,2,11.2,Jul/14/2005 23:50:20
258941,SUPREME.GONZALES,Attorney General Alberto R Gonzales to be Nominated as US Supreme Court Justice,1,11.0,Jul/14/2005 23:50:44
258941,SUPREME.GONZALES,Attorney General Alberto R Gonzales to be Nominated as US Supreme Court Justice,1,9.0,Jul/14/2005 23:54:59
258941,SUPREME.GONZALES,Attorney General Alberto R Gonzales to be Nominated as US Supreme Court Justice,3,9.0,Jul/14/2005 23:54:59
258941,SUPREME.GONZALES,Attorney General Alberto R Gonzales to be Nominated as US Supreme Court Justice,50,8.0,Jul/14/2005 23:54:59
258941,SUPREME.GONZALES,Attorney General Alberto R Gonzales to be Nominated as US Supreme Court Justice,5,8.5,Jul/14/2005 23:54:59
258941,SUPREME.GONZALES,Attorney General Alberto R Gonzales to be Nominated as US Supreme Court Justice,3,8.0,Jul/15/2005 00:46:11
258941,SUPREME.GONZALES,Attorney General Alberto R Gonzales to be Nominated as US Supreme Court Justice,14,8.0,Jul/15/2005 03:13:45
258941,SUPREME.GONZALES,Attorney General Alberto R Gonzales to be Nominated as US Supreme Court Justice,6,7.9,Jul/15/2005 03:13:45
258941,SUPREME.GONZALES,Attorney General Alberto R Gonzales to be Nominated as US Supreme Court Justice,1,12.5,Jul/15/2005 13:02:15
258941,SUPREME.GONZALES,Attorney General Alberto R Gonzales to be Nominated as US Supreme Court Justice,6,12.5,Jul/15/2005 13:02:15
258941,SUPREME.GONZALES,Attorney General Alberto R Gonzales to be Nominated as US Supreme Court Justice,4,13.0,Jul/15/2005 17:03:14
258941,SUPREME.GONZALES,Attorney General Alberto R Gonzales to be Nominated as US Supreme Court Justice,13,13.0,Jul/15/2005 18:00:24
258941,SUPREME.GONZALES,Attorney General Alberto R Gonzales to be Nominated as US Supreme Court Justice,15,13.0,Jul/15/2005 18:13:17
258941,SUPREME.GONZALES,Attorney General Alberto R Gonzales to be Nominated as US Supreme Court Justice,18,13.0,Jul/15/2005 18:16:44
258941,SUPREME.GONZALES,Attorney General Alberto R Gonzales to be Nominated as US Supreme Court Justice,100,15.0,Jul/16/2005 01:50:38
258941,SUPREME.GONZALES,Attorney General Alberto R Gonzales to be Nominated as US Supreme Court Justice,50,14.9,Jul/16/2005 01:50:38
258941,SUPREME.GONZALES,Attorney General Alberto R Gonzales to be Nominated as US Supreme Court Justice,10,13.1,Jul/16/2005 01:50:38
258941,SUPREME.GONZALES,Attorney General Alberto R Gonzales to be Nominated as US Supreme Court Justice,17,13.0,Jul/16/2005 01:50:38
258941,SUPREME.GONZALES,Attorney General Alberto R Gonzales to be Nominated as US Supreme Court Justice,1,20.0,Jul/16/2005 01:51:23
258941,SUPREME.GONZALES,Attorney General Alberto R Gonzales to be Nominated as US Supreme Court Justice,1,25.0,Jul/16/2005 01:51:34
258941,SUPREME.GONZALES,Attorney General Alberto R Gonzales to be Nominated as US Supreme Court Justice,7,17.0,Jul/16/2005 02:31:02
258941,SUPREME.GONZALES,Attorney General Alberto R Gonzales to be Nominated as US Supreme Court Justice,10,14.5,Jul/17/2005 17:43:54
258941,SUPREME.GONZALES,Attorney General Alberto R Gonzales to be Nominated as US Supreme Court Justice,7,14.0,Jul/17/2005 22:00:29
258941,SUPREME.GONZALES,Attorney General Alberto R Gonzales to be Nominated as US Supreme Court Justice,1,14.0,Jul/17/2005 22:00:29
258941,SUPREME.GONZALES,Attorney General Alberto R Gonzales to be Nominated as US Supreme Court Justice,9,14.0,Jul/17/2005 22:03:09
258941,SUPREME.GONZALES,Attorney General Alberto R Gonzales to be Nominated as US Supreme Court Justice,13,14.9,Jul/17/2005 22:27:22
258941,SUPREME.GONZALES,Attorney General Alberto R Gonzales to be Nominated as US Supreme Court Justice,4,14.0,Jul/17/2005 22:27:22
258941,SUPREME.GONZALES,Attorney General Alberto R Gonzales to be Nominated as US Supreme Court Justice,10,13.4,Jul/17/2005 23:33:22
258941,SUPREME.GONZALES,Attorney General Alberto R Gonzales to be Nominated as US Supreme Court Justice,4,13.5,Jul/17/2005 23:33:22
258941,SUPREME.GONZALES,Attorney General Alberto R Gonzales to be Nominated as US Supreme Court Justice,1,10.0,Jul/18/2005 01:10:41
258941,SUPREME.GONZALES,Attorney General Alberto R Gonzales to be Nominated as US Supreme Court Justice,1,10.0,Jul/18/2005 01:10:41
258941,SUPREME.GONZALES,Attorney General Alberto R Gonzales to be Nominated as US Supreme Court Justice,15,15.0,Jul/18/2005 01:33:36
258941,SUPREME.GONZALES,Attorney General Alberto R Gonzales to be Nominated as US Supreme Court Justice,2,14.0,Jul/18/2005 01:33:36
258941,SUPREME.GONZALES,Attorney General Alberto R Gonzales to be Nominated as US Supreme Court Justice,17,15.0,Jul/18/2005 01:36:25
258941,SUPREME.GONZALES,Attorney General Alberto R Gonzales to be Nominated as US Supreme Court Justice,5,15.0,Jul/18/2005 01:38:18
258941,SUPREME.GONZALES,Attorney General Alberto R Gonzales to be Nominated as US Supreme Court Justice,17,15.0,Jul/18/2005 01:46:24
258941,SUPREME.GONZALES,Attorney General Alberto R Gonzales to be Nominated as US Supreme Court Justice,17,15.0,Jul/18/2005 01:46:53
258941,SUPREME.GONZALES,Attorney General Alberto R Gonzales to be Nominated as US Supreme Court Justice,2,15.0,Jul/18/2005 03:17:01
258941,SUPREME.GONZALES,Attorney General Alberto R Gonzales to be Nominated as US Supreme Court Justice,27,15.0,Jul/18/2005 04:05:45
258941,SUPREME.GONZALES,Attorney General Alberto R Gonzales to be Nominated as US Supreme Court Justice,5,16.9,Jul/18/2005 04:53:20
258941,SUPREME.GONZALES,Attorney General Alberto R Gonzales to be Nominated as US Supreme Court Justice,1,17.0,Jul/18/2005 05:12:29
258941,SUPREME.GONZALES,Attorney General Alberto R Gonzales to be Nominated as US Supreme Court Justice,3,15.0,Jul/18/2005 05:29:27
258941,SUPREME.GONZALES,Attorney General Alberto R Gonzales to be Nominated as US Supreme Court Justice,1,17.0,Jul/18/2005 10:22:53
258941,SUPREME.GONZALES,Attorney General Alberto R Gonzales to be Nominated as US Supreme Court Justice,1,16.0,Jul/18/2005 14:56:13
258941,SUPREME.GONZALES,Attorney General Alberto R Gonzales to be Nominated as US Supreme Court Justice,3,16.0,Jul/18/2005 14:56:13
258941,SUPREME.GONZALES,Attorney General Alberto R Gonzales to be Nominated as US Supreme Court Justice,20,15.0,Jul/18/2005 15:41:52
258941,SUPREME.GONZALES,Attorney General Alberto R Gonzales to be Nominated as US Supreme Court Justice,17,15.0,Jul/18/2005 16:46:14
258941,SUPREME.GONZALES,Attorney General Alberto R Gonzales to be Nominated as US Supreme Court Justice,1,12.2,Jul/18/2005 19:53:36
258941,SUPREME.GONZALES,Attorney General Alberto R Gonzales to be Nominated as US Supreme Court Justice,1,12.2,Jul/18/2005 19:53:36
258941,SUPREME.GONZALES,Attorney General Alberto R Gonzales to be Nominated as US Supreme Court Justice,10,12.1,Jul/18/2005 19:58:41
258941,SUPREME.GONZALES,Attorney General Alberto R Gonzales to be Nominated as US Supreme Court Justice,15,12.2,Jul/19/2005 00:15:57
258941,SUPREME.GONZALES,Attorney General Alberto R Gonzales to be Nominated as US Supreme Court Justice,5,12.3,Jul/19/2005 00:15:57
258941,SUPREME.GONZALES,Attorney General Alberto R Gonzales to be Nominated as US Supreme Court Justice,11,12.1,Jul/19/2005 01:12:31
258941,SUPREME.GONZALES,Attorney General Alberto R Gonzales to be Nominated as US Supreme Court Justice,2,12.1,Jul/19/2005 02:38:13
258941,SUPREME.GONZALES,Attorney General Alberto R Gonzales to be Nominated as US Supreme Court Justice,1,12.1,Jul/19/2005 03:27:23
258941,SUPREME.GONZALES,Attorney General Alberto R Gonzales to be Nominated as US Supreme Court Justice,1,12.1,Jul/19/2005 03:39:49
258941,SUPREME.GONZALES,Attorney General Alberto R Gonzales to be Nominated as US Supreme Court Justice,10,12.0,Jul/19/2005 03:50:55
258941,SUPREME.GONZALES,Attorney General Alberto R Gonzales to be Nominated as US Supreme Court Justice,21,12.0,Jul/19/2005 03:51:13
258941,SUPREME.GONZALES,Attorney General Alberto R Gonzales to be Nominated as US Supreme Court Justice,14,12.0,Jul/19/2005 03:53:17
258941,SUPREME.GONZALES,Attorney General Alberto R Gonzales to be Nominated as US Supreme Court Justice,3,10.1,Jul/19/2005 04:17:07
258941,SUPREME.GONZALES,Attorney General Alberto R Gonzales to be Nominated as US Supreme Court Justice,3,10.1,Jul/19/2005 05:22:39
258941,SUPREME.GONZALES,Attorney General Alberto R Gonzales to be Nominated as US Supreme Court Justice,10,10.0,Jul/19/2005 09:24:15
258941,SUPREME.GONZALES,Attorney General Alberto R Gonzales to be Nominated as US Supreme Court Justice,90,10.0,Jul/19/2005 11:40:21
258941,SUPREME.GONZALES,Attorney General Alberto R Gonzales to be Nominated as US Supreme Court Justice,1,12.3,Jul/19/2005 11:56:52
258941,SUPREME.GONZALES,Attorney General Alberto R Gonzales to be Nominated as US Supreme Court Justice,2,12.3,Jul/19/2005 11:56:52
258941,SUPREME.GONZALES,Attorney General Alberto R Gonzales to be Nominated as US Supreme Court Justice,3,13.0,Jul/19/2005 12:23:36
258941,SUPREME.GONZALES,Attorney General Alberto R Gonzales to be Nominated as US Supreme Court Justice,1,13.0,Jul/19/2005 12:23:36
258941,SUPREME.GONZALES,Attorney General Alberto R Gonzales to be Nominated as US Supreme Court Justice,1,5.1,Jul/19/2005 13:57:18
258941,SUPREME.GONZALES,Attorney General Alberto R Gonzales to be Nominated as US Supreme Court Justice,1,5.0,Jul/19/2005 13:57:39
258941,SUPREME.GONZALES,Attorney General Alberto R Gonzales to be Nominated as US Supreme Court Justice,4,5.0,Jul/19/2005 14:52:32
258941,SUPREME.GONZALES,Attorney General Alberto R Gonzales to be Nominated as US Supreme Court Justice,5,5.0,Jul/19/2005 14:56:01
258941,SUPREME.GONZALES,Attorney General Alberto R Gonzales to be Nominated as US Supreme Court Justice,1,10.0,Jul/19/2005 15:03:26
258941,SUPREME.GONZALES,Attorney General Alberto R Gonzales to be Nominated as US Supreme Court Justice,1,10.0,Jul/19/2005 15:03:26
258941,SUPREME.GONZALES,Attorney General Alberto R Gonzales to be Nominated as US Supreme Court Justice,1,10.0,Jul/19/2005 15:21:17
258941,SUPREME.GONZALES,Attorney General Alberto R Gonzales to be Nominated as US Supreme Court Justice,1,10.0,Jul/19/2005 15:21:17
258941,SUPREME.GONZALES,Attorney General Alberto R Gonzales to be Nominated as US Supreme Court Justice,1,7.1,Jul/19/2005 15:54:26
258941,SUPREME.GONZALES,Attorney General Alberto R Gonzales to be Nominated as US Supreme Court Justice,2,10.7,Jul/19/2005 15:57:52
258941,SUPREME.GONZALES,Attorney General Alberto R Gonzales to be Nominated as US Supreme Court Justice,1,10.5,Jul/19/2005 15:57:52
258941,SUPREME.GONZALES,Attorney General Alberto R Gonzales to be Nominated as US Supreme Court Justice,7,12.0,Jul/19/2005 15:57:52
258941,SUPREME.GONZALES,Attorney General Alberto R Gonzales to be Nominated as US Supreme Court Justice,20,11.0,Jul/19/2005 15:57:52
258941,SUPREME.GONZALES,Attorney General Alberto R Gonzales to be Nominated as US Supreme Court Justice,5,10.8,Jul/19/2005 15:57:52
258941,SUPREME.GONZALES,Attorney General Alberto R Gonzales to be Nominated as US Supreme Court Justice,6,11.7,Jul/19/2005 16:21:31
258941,SUPREME.GONZALES,Attorney General Alberto R Gonzales to be Nominated as US Supreme Court Justice,4,7.1,Jul/19/2005 16:39:06
258941,SUPREME.GONZALES,Attorney General Alberto R Gonzales to be Nominated as US Supreme Court Justice,10,7.0,Jul/19/2005 16:39:06
258941,SUPREME.GONZALES,Attorney General Alberto R Gonzales to be Nominated as US Supreme Court Justice,2,3.6,Jul/19/2005 17:04:19
258941,SUPREME.GONZALES,Attorney General Alberto R Gonzales to be Nominated as US Supreme Court Justice,10,3.5,Jul/19/2005 17:04:19
258941,SUPREME.GONZALES,Attorney General Alberto R Gonzales to be Nominated as US Supreme Court Justice,1,3.1,Jul/19/2005 17:07:49
258941,SUPREME.GONZALES,Attorney General Alberto R Gonzales to be Nominated as US Supreme Court Justice,7,3.0,Jul/19/2005 17:07:49
258941,SUPREME.GONZALES,Attorney General Alberto R Gonzales to be Nominated as US Supreme Court Justice,8,3.0,Jul/19/2005 17:12:58
258941,SUPREME.GONZALES,Attorney General Alberto R Gonzales to be Nominated as US Supreme Court Justice,5,3.0,Jul/19/2005 17:25:36
258941,SUPREME.GONZALES,Attorney General Alberto R Gonzales to be Nominated as US Supreme Court Justice,5,3.0,Jul/19/2005 17:30:27
258941,SUPREME.GONZALES,Attorney General Alberto R Gonzales to be Nominated as US Supreme Court Justice,5,3.0,Jul/19/2005 17:35:53
258941,SUPREME.GONZALES,Attorney General Alberto R Gonzales to be Nominated as US Supreme Court Justice,1,1.9,Jul/19/2005 17:40:28
258941,SUPREME.GONZALES,Attorney General Alberto R Gonzales to be Nominated as US Supreme Court Justice,5,3.0,Jul/19/2005 18:02:44
258941,SUPREME.GONZALES,Attorney General Alberto R Gonzales to be Nominated as US Supreme Court Justice,1,3.0,Jul/19/2005 18:02:44
258941,SUPREME.GONZALES,Attorney General Alberto R Gonzales to be Nominated as US Supreme Court Justice,5,5.9,Jul/19/2005 18:04:25
258941,SUPREME.GONZALES,Attorney General Alberto R Gonzales to be Nominated as US Supreme Court Justice,10,2.0,Jul/19/2005 18:04:47
258941,SUPREME.GONZALES,Attorney General Alberto R Gonzales to be Nominated as US Supreme Court Justice,4,2.3,Jul/19/2005 18:08:15
258941,SUPREME.GONZALES,Attorney General Alberto R Gonzales to be Nominated as US Supreme Court Justice,1,2.6,Jul/19/2005 18:18:52
258941,SUPREME.GONZALES,Attorney General Alberto R Gonzales to be Nominated as US Supreme Court Justice,1,2.5,Jul/19/2005 18:25:59
258941,SUPREME.GONZALES,Attorney General Alberto R Gonzales to be Nominated as US Supreme Court Justice,1,2.6,Jul/19/2005 18:32:42
258941,SUPREME.GONZALES,Attorney General Alberto R Gonzales to be Nominated as US Supreme Court Justice,1,2.5,Jul/19/2005 18:35:14
258941,SUPREME.GONZALES,Attorney General Alberto R Gonzales to be Nominated as US Supreme Court Justice,22,2.2,Jul/19/2005 18:43:16
258941,SUPREME.GONZALES,Attorney General Alberto R Gonzales to be Nominated as US Supreme Court Justice,10,2.3,Jul/19/2005 18:43:16
258941,SUPREME.GONZALES,Attorney General Alberto R Gonzales to be Nominated as US Supreme Court Justice,18,2.5,Jul/19/2005 18:43:16
258941,SUPREME.GONZALES,Attorney General Alberto R Gonzales to be Nominated as US Supreme Court Justice,1,2.2,Jul/19/2005 18:43:45
258941,SUPREME.GONZALES,Attorney General Alberto R Gonzales to be Nominated as US Supreme Court Justice,1,2.0,Jul/19/2005 18:44:37
258941,SUPREME.GONZALES,Attorney General Alberto R Gonzales to be Nominated as US Supreme Court Justice,1,1.6,Jul/19/2005 18:59:03
258941,SUPREME.GONZALES,Attorney General Alberto R Gonzales to be Nominated as US Supreme Court Justice,1,1.7,Jul/19/2005 18:59:03
258941,SUPREME.GONZALES,Attorney General Alberto R Gonzales to be Nominated as US Supreme Court Justice,1,1.6,Jul/19/2005 19:00:59
258941,SUPREME.GONZALES,Attorney General Alberto R Gonzales to be Nominated as US Supreme Court Justice,3,1.6,Jul/19/2005 19:02:32
258941,SUPREME.GONZALES,Attorney General Alberto R Gonzales to be Nominated as US Supreme Court Justice,1,1.6,Jul/19/2005 19:02:53
258941,SUPREME.GONZALES,Attorney General Alberto R Gonzales to be Nominated as US Supreme Court Justice,1,1.6,Jul/19/2005 19:04:46
258941,SUPREME.GONZALES,Attorney General Alberto R Gonzales to be Nominated as US Supreme Court Justice,4,1.1,Jul/19/2005 19:06:29
258941,SUPREME.GONZALES,Attorney General Alberto R Gonzales to be Nominated as US Supreme Court Justice,2,1.1,Jul/19/2005 19:07:58
258941,SUPREME.GONZALES,Attorney General Alberto R Gonzales to be Nominated as US Supreme Court Justice,1,1.1,Jul/19/2005 19:08:33
258941,SUPREME.GONZALES,Attorney General Alberto R Gonzales to be Nominated as US Supreme Court Justice,1,1.1,Jul/19/2005 19:09:09
258941,SUPREME.GONZALES,Attorney General Alberto R Gonzales to be Nominated as US Supreme Court Justice,1,1.1,Jul/19/2005 19:09:36
258941,SUPREME.GONZALES,Attorney General Alberto R Gonzales to be Nominated as US Supreme Court Justice,1,1.1,Jul/19/2005 19:10:27
258941,SUPREME.GONZALES,Attorney General Alberto R Gonzales to be Nominated as US Supreme Court Justice,1,1.1,Jul/19/2005 19:10:37
258941,SUPREME.GONZALES,Attorney General Alberto R Gonzales to be Nominated as US Supreme Court Justice,3,1.1,Jul/19/2005 19:10:39
258941,SUPREME.GONZALES,Attorney General Alberto R Gonzales to be Nominated as US Supreme Court Justice,1,1.2,Jul/19/2005 19:11:12
258941,SUPREME.GONZALES,Attorney General Alberto R Gonzales to be Nominated as US Supreme Court Justice,9,5.0,Jul/19/2005 19:11:29
258941,SUPREME.GONZALES,Attorney General Alberto R Gonzales to be Nominated as US Supreme Court Justice,1,5.0,Jul/19/2005 19:11:29
258941,SUPREME.GONZALES,Attorney General Alberto R Gonzales to be Nominated as US Supreme Court Justice,1,1.2,Jul/19/2005 19:11:33
258941,SUPREME.GONZALES,Attorney General Alberto R Gonzales to be Nominated as US Supreme Court Justice,1,1.2,Jul/19/2005 19:12:20
258941,SUPREME.GONZALES,Attorney General Alberto R Gonzales to be Nominated as US Supreme Court Justice,2,1.2,Jul/19/2005 19:12:26
258941,SUPREME.GONZALES,Attorney General Alberto R Gonzales to be Nominated as US Supreme Court Justice,2,1.2,Jul/19/2005 19:12:49
258941,SUPREME.GONZALES,Attorney General Alberto R Gonzales to be Nominated as US Supreme Court Justice,2,1.5,Jul/19/2005 19:13:29
258941,SUPREME.GONZALES,Attorney General Alberto R Gonzales to be Nominated as US Supreme Court Justice,2,1.5,Jul/19/2005 19:14:23
258941,SUPREME.GONZALES,Attorney General Alberto R Gonzales to be Nominated as US Supreme Court Justice,1,1.5,Jul/19/2005 19:14:51
258941,SUPREME.GONZALES,Attorney General Alberto R Gonzales to be Nominated as US Supreme Court Justice,2,1.5,Jul/19/2005 19:15:06
258941,SUPREME.GONZALES,Attorney General Alberto R Gonzales to be Nominated as US Supreme Court Justice,2,2.0,Jul/19/2005 19:15:08
258941,SUPREME.GONZALES,Attorney General Alberto R Gonzales to be Nominated as US Supreme Court Justice,2,1.5,Jul/19/2005 19:15:32
258941,SUPREME.GONZALES,Attorney General Alberto R Gonzales to be Nominated as US Supreme Court Justice,2,1.5,Jul/19/2005 19:16:10
258941,SUPREME.GONZALES,Attorney General Alberto R Gonzales to be Nominated as US Supreme Court Justice,5,1.5,Jul/19/2005 19:16:21
258941,SUPREME.GONZALES,Attorney General Alberto R Gonzales to be Nominated as US Supreme Court Justice,2,1.5,Jul/19/2005 19:16:49
258941,SUPREME.GONZALES,Attorney General Alberto R Gonzales to be Nominated as US Supreme Court Justice,1,1.5,Jul/19/2005 19:17:16
258941,SUPREME.GONZALES,Attorney General Alberto R Gonzales to be Nominated as US Supreme Court Justice,1,1.5,Jul/19/2005 19:17:35
258941,SUPREME.GONZALES,Attorney General Alberto R Gonzales to be Nominated as US Supreme Court Justice,2,1.9,Jul/19/2005 19:17:46
258941,SUPREME.GONZALES,Attorney General Alberto R Gonzales to be Nominated as US Supreme Court Justice,1,4.9,Jul/19/2005 19:17:46
258941,SUPREME.GONZALES,Attorney General Alberto R Gonzales to be Nominated as US Supreme Court Justice,41,5.0,Jul/19/2005 19:17:46
258941,SUPREME.GONZALES,Attorney General Alberto R Gonzales to be Nominated as US Supreme Court Justice,2,1.5,Jul/19/2005 19:18:27
258941,SUPREME.GONZALES,Attorney General Alberto R Gonzales to be Nominated as US Supreme Court Justice,1,1.5,Jul/19/2005 19:20:42
258941,SUPREME.GONZALES,Attorney General Alberto R Gonzales to be Nominated as US Supreme Court Justice,7,1.5,Jul/19/2005 19:20:57
258941,SUPREME.GONZALES,Attorney General Alberto R Gonzales to be Nominated as US Supreme Court Justice,3,1.2,Jul/19/2005 19:23:38
258941,SUPREME.GONZALES,Attorney General Alberto R Gonzales to be Nominated as US Supreme Court Justice,31,1.9,Jul/19/2005 19:25:55
258941,SUPREME.GONZALES,Attorney General Alberto R Gonzales to be Nominated as US Supreme Court Justice,2,1.9,Jul/19/2005 19:25:55
258941,SUPREME.GONZALES,Attorney General Alberto R Gonzales to be Nominated as US Supreme Court Justice,20,1.5,Jul/19/2005 19:32:13
258941,SUPREME.GONZALES,Attorney General Alberto R Gonzales to be Nominated as US Supreme Court Justice,1,1.3,Jul/19/2005 19:32:52
258941,SUPREME.GONZALES,Attorney General Alberto R Gonzales to be Nominated as US Supreme Court Justice,4,1.2,Jul/19/2005 19:33:09
258941,SUPREME.GONZALES,Attorney General Alberto R Gonzales to be Nominated as US Supreme Court Justice,1,1.2,Jul/19/2005 19:58:59
258941,SUPREME.GONZALES,Attorney General Alberto R Gonzales to be Nominated as US Supreme Court Justice,5,2.5,Jul/19/2005 20:03:56
258941,SUPREME.GONZALES,Attorney General Alberto R Gonzales to be Nominated as US Supreme Court Justice,1,2.6,Jul/19/2005 20:16:16
258941,SUPREME.GONZALES,Attorney General Alberto R Gonzales to be Nominated as US Supreme Court Justice,1,2.5,Jul/19/2005 20:26:20
258941,SUPREME.GONZALES,Attorney General Alberto R Gonzales to be Nominated as US Supreme Court Justice,5,2.5,Jul/19/2005 20:28:06
258941,SUPREME.GONZALES,Attorney General Alberto R Gonzales to be Nominated as US Supreme Court Justice,1,2.5,Jul/19/2005 20:28:14
258941,SUPREME.GONZALES,Attorney General Alberto R Gonzales to be Nominated as US Supreme Court Justice,1,2.5,Jul/19/2005 20:30:07
258941,SUPREME.GONZALES,Attorney General Alberto R Gonzales to be Nominated as US Supreme Court Justice,1,2.5,Jul/19/2005 20:32:01
258941,SUPREME.GONZALES,Attorney General Alberto R Gonzales to be Nominated as US Supreme Court Justice,2,4.3,Jul/19/2005 20:34:00
258941,SUPREME.GONZALES,Attorney General Alberto R Gonzales to be Nominated as US Supreme Court Justice,1,2.5,Jul/19/2005 20:37:02
258941,SUPREME.GONZALES,Attorney General Alberto R Gonzales to be Nominated as US Supreme Court Justice,1,2.5,Jul/19/2005 20:38:56
258941,SUPREME.GONZALES,Attorney General Alberto R Gonzales to be Nominated as US Supreme Court Justice,5,2.5,Jul/19/2005 20:39:52
258941,SUPREME.GONZALES,Attorney General Alberto R Gonzales to be Nominated as US Supreme Court Justice,1,1.2,Jul/19/2005 20:42:41
258941,SUPREME.GONZALES,Attorney General Alberto R Gonzales to be Nominated as US Supreme Court Justice,1,1.2,Jul/19/2005 20:55:31
258941,SUPREME.GONZALES,Attorney General Alberto R Gonzales to be Nominated as US Supreme Court Justice,4,1.1,Jul/19/2005 20:57:08
258941,SUPREME.GONZALES,Attorney General Alberto R Gonzales to be Nominated as US Supreme Court Justice,4,1.1,Jul/19/2005 20:58:32
258941,SUPREME.GONZALES,Attorney General Alberto R Gonzales to be Nominated as US Supreme Court Justice,1,2.5,Jul/19/2005 21:02:48
258941,SUPREME.GONZALES,Attorney General Alberto R Gonzales to be Nominated as US Supreme Court Justice,1,2.5,Jul/19/2005 21:10:21
258941,SUPREME.GONZALES,Attorney General Alberto R Gonzales to be Nominated as US Supreme Court Justice,1,2.5,Jul/19/2005 21:10:21
258941,SUPREME.GONZALES,Attorney General Alberto R Gonzales to be Nominated as US Supreme Court Justice,2,2.5,Jul/19/2005 21:10:34
258941,SUPREME.GONZALES,Attorney General Alberto R Gonzales to be Nominated as US Supreme Court Justice,25,4.0,Jul/19/2005 21:10:53
258941,SUPREME.GONZALES,Attorney General Alberto R Gonzales to be Nominated as US Supreme Court Justice,3,4.1,Jul/19/2005 21:11:51
258941,SUPREME.GONZALES,Attorney General Alberto R Gonzales to be Nominated as US Supreme Court Justice,10,4.2,Jul/19/2005 21:15:20
258941,SUPREME.GONZALES,Attorney General Alberto R Gonzales to be Nominated as US Supreme Court Justice,19,4.2,Jul/19/2005 21:17:25
258941,SUPREME.GONZALES,Attorney General Alberto R Gonzales to be Nominated as US Supreme Court Justice,6,4.3,Jul/19/2005 21:17:47
258941,SUPREME.GONZALES,Attorney General Alberto R Gonzales to be Nominated as US Supreme Court Justice,1,4.0,Jul/19/2005 21:19:14
258941,SUPREME.GONZALES,Attorney General Alberto R Gonzales to be Nominated as US Supreme Court Justice,1,3.6,Jul/19/2005 21:31:24
258941,SUPREME.GONZALES,Attorney General Alberto R Gonzales to be Nominated as US Supreme Court Justice,1,4.3,Jul/19/2005 21:35:44
258941,SUPREME.GONZALES,Attorney General Alberto R Gonzales to be Nominated as US Supreme Court Justice,3,4.3,Jul/19/2005 21:35:44
258941,SUPREME.GONZALES,Attorney General Alberto R Gonzales to be Nominated as US Supreme Court Justice,8,4.4,Jul/19/2005 21:35:44
258941,SUPREME.GONZALES,Attorney General Alberto R Gonzales to be Nominated as US Supreme Court Justice,2,5.5,Jul/19/2005 21:39:14
258941,SUPREME.GONZALES,Attorney General Alberto R Gonzales to be Nominated as US Supreme Court Justice,1,5.0,Jul/19/2005 21:39:24
258941,SUPREME.GONZALES,Attorney General Alberto R Gonzales to be Nominated as US Supreme Court Justice,20,5.0,Jul/19/2005 21:40:31
258941,SUPREME.GONZALES,Attorney General Alberto R Gonzales to be Nominated as US Supreme Court Justice,10,5.0,Jul/19/2005 21:41:07
258941,SUPREME.GONZALES,Attorney General Alberto R Gonzales to be Nominated as US Supreme Court Justice,1,5.0,Jul/19/2005 21:41:28
258941,SUPREME.GONZALES,Attorney General Alberto R Gonzales to be Nominated as US Supreme Court Justice,5,5.0,Jul/19/2005 21:42:45
258941,SUPREME.GONZALES,Attorney General Alberto R Gonzales to be Nominated as US Supreme Court Justice,40,4.1,Jul/19/2005 21:43:26
258941,SUPREME.GONZALES,Attorney General Alberto R Gonzales to be Nominated as US Supreme Court Justice,6,4.3,Jul/19/2005 21:58:20
258941,SUPREME.GONZALES,Attorney General Alberto R Gonzales to be Nominated as US Supreme Court Justice,4,4.2,Jul/19/2005 21:58:39
258941,SUPREME.GONZALES,Attorney General Alberto R Gonzales to be Nominated as US Supreme Court Justice,1,6.5,Jul/19/2005 22:11:41
258941,SUPREME.GONZALES,Attorney General Alberto R Gonzales to be Nominated as US Supreme Court Justice,2,6.5,Jul/19/2005 22:11:41
258941,SUPREME.GONZALES,Attorney General Alberto R Gonzales to be Nominated as US Supreme Court Justice,2,6.0,Jul/19/2005 22:26:33
258941,SUPREME.GONZALES,Attorney General Alberto R Gonzales to be Nominated as US Supreme Court Justice,1,6.0,Jul/19/2005 22:31:45
258941,SUPREME.GONZALES,Attorney General Alberto R Gonzales to be Nominated as US Supreme Court Justice,1,5.8,Jul/19/2005 22:31:45
258941,SUPREME.GONZALES,Attorney General Alberto R Gonzales to be Nominated as US Supreme Court Justice,1,5.8,Jul/19/2005 22:31:45
258941,SUPREME.GONZALES,Attorney General Alberto R Gonzales to be Nominated as US Supreme Court Justice,5,6.0,Jul/19/2005 22:34:26
258941,SUPREME.GONZALES,Attorney General Alberto R Gonzales to be Nominated as US Supreme Court Justice,2,7.0,Jul/19/2005 22:39:13
258941,SUPREME.GONZALES,Attorney General Alberto R Gonzales to be Nominated as US Supreme Court Justice,7,7.0,Jul/19/2005 22:39:13
258941,SUPREME.GONZALES,Attorney General Alberto R Gonzales to be Nominated as US Supreme Court Justice,2,8.0,Jul/19/2005 22:41:56
258941,SUPREME.GONZALES,Attorney General Alberto R Gonzales to be Nominated as US Supreme Court Justice,1,8.0,Jul/19/2005 22:41:56
258941,SUPREME.GONZALES,Attorney General Alberto R Gonzales to be Nominated as US Supreme Court Justice,1,7.0,Jul/19/2005 23:01:30
258941,SUPREME.GONZALES,Attorney General Alberto R Gonzales to be Nominated as US Supreme Court Justice,10,7.0,Jul/19/2005 23:02:37
258941,SUPREME.GONZALES,Attorney General Alberto R Gonzales to be Nominated as US Supreme Court Justice,1,7.5,Jul/19/2005 23:08:43
258941,SUPREME.GONZALES,Attorney General Alberto R Gonzales to be Nominated as US Supreme Court Justice,3,8.0,Jul/19/2005 23:08:43
258941,SUPREME.GONZALES,Attorney General Alberto R Gonzales to be Nominated as US Supreme Court Justice,1,7.1,Jul/19/2005 23:09:27
258941,SUPREME.GONZALES,Attorney General Alberto R Gonzales to be Nominated as US Supreme Court Justice,9,8.0,Jul/19/2005 23:09:27
258941,SUPREME.GONZALES,Attorney General Alberto R Gonzales to be Nominated as US Supreme Court Justice,2,9.0,Jul/19/2005 23:10:18
258941,SUPREME.GONZALES,Attorney General Alberto R Gonzales to be Nominated as US Supreme Court Justice,7,8.0,Jul/19/2005 23:10:18
258941,SUPREME.GONZALES,Attorney General Alberto R Gonzales to be Nominated as US Supreme Court Justice,6,12.0,Jul/19/2005 23:10:18
258941,SUPREME.GONZALES,Attorney General Alberto R Gonzales to be Nominated as US Supreme Court Justice,1,7.0,Jul/19/2005 23:11:31
258941,SUPREME.GONZALES,Attorney General Alberto R Gonzales to be Nominated as US Supreme Court Justice,3,7.0,Jul/19/2005 23:11:45
258941,SUPREME.GONZALES,Attorney General Alberto R Gonzales to be Nominated as US Supreme Court Justice,3,7.0,Jul/19/2005 23:12:22
258941,SUPREME.GONZALES,Attorney General Alberto R Gonzales to be Nominated as US Supreme Court Justice,3,8.0,Jul/19/2005 23:12:58
258941,SUPREME.GONZALES,Attorney General Alberto R Gonzales to be Nominated as US Supreme Court Justice,2,7.0,Jul/19/2005 23:15:09
258941,SUPREME.GONZALES,Attorney General Alberto R Gonzales to be Nominated as US Supreme Court Justice,1,6.8,Jul/19/2005 23:44:28
258941,SUPREME.GONZALES,Attorney General Alberto R Gonzales to be Nominated as US Supreme Court Justice,1,6.5,Jul/19/2005 23:44:41
258941,SUPREME.GONZALES,Attorney General Alberto R Gonzales to be Nominated as US Supreme Court Justice,1,6.5,Jul/19/2005 23:44:55
258941,SUPREME.GONZALES,Attorney General Alberto R Gonzales to be Nominated as US Supreme Court Justice,1,6.5,Jul/19/2005 23:45:08
258941,SUPREME.GONZALES,Attorney General Alberto R Gonzales to be Nominated as US Supreme Court Justice,1,6.5,Jul/19/2005 23:45:22
258941,SUPREME.GONZALES,Attorney General Alberto R Gonzales to be Nominated as US Supreme Court Justice,6,6.5,Jul/19/2005 23:45:30
258941,SUPREME.GONZALES,Attorney General Alberto R Gonzales to be Nominated as US Supreme Court Justice,1,5.0,Jul/19/2005 23:45:49
258941,SUPREME.GONZALES,Attorney General Alberto R Gonzales to be Nominated as US Supreme Court Justice,20,5.0,Jul/19/2005 23:46:03
258941,SUPREME.GONZALES,Attorney General Alberto R Gonzales to be Nominated as US Supreme Court Justice,1,5.0,Jul/19/2005 23:46:17
258941,SUPREME.GONZALES,Attorney General Alberto R Gonzales to be Nominated as US Supreme Court Justice,5,5.0,Jul/19/2005 23:46:34
258941,SUPREME.GONZALES,Attorney General Alberto R Gonzales to be Nominated as US Supreme Court Justice,1,5.0,Jul/19/2005 23:46:42
258941,SUPREME.GONZALES,Attorney General Alberto R Gonzales to be Nominated as US Supreme Court Justice,1,5.0,Jul/19/2005 23:46:56
258941,SUPREME.GONZALES,Attorney General Alberto R Gonzales to be Nominated as US Supreme Court Justice,21,5.0,Jul/19/2005 23:47:24
258941,SUPREME.GONZALES,Attorney General Alberto R Gonzales to be Nominated as US Supreme Court Justice,10,5.0,Jul/19/2005 23:47:24
258941,SUPREME.GONZALES,Attorney General Alberto R Gonzales to be Nominated as US Supreme Court Justice,1,2.5,Jul/19/2005 23:47:33
258941,SUPREME.GONZALES,Attorney General Alberto R Gonzales to be Nominated as US Supreme Court Justice,1,2.5,Jul/19/2005 23:47:39
258941,SUPREME.GONZALES,Attorney General Alberto R Gonzales to be Nominated as US Supreme Court Justice,14,2.5,Jul/19/2005 23:48:40
258941,SUPREME.GONZALES,Attorney General Alberto R Gonzales to be Nominated as US Supreme Court Justice,5,1.6,Jul/19/2005 23:49:10
258941,SUPREME.GONZALES,Attorney General Alberto R Gonzales to be Nominated as US Supreme Court Justice,5,1.6,Jul/19/2005 23:49:28
258941,SUPREME.GONZALES,Attorney General Alberto R Gonzales to be Nominated as US Supreme Court Justice,30,1.6,Jul/19/2005 23:49:56
258941,SUPREME.GONZALES,Attorney General Alberto R Gonzales to be Nominated as US Supreme Court Justice,1,1.4,Jul/19/2005 23:50:25
258941,SUPREME.GONZALES,Attorney General Alberto R Gonzales to be Nominated as US Supreme Court Justice,3,0.1,Jul/19/2005 23:50:42
258941,SUPREME.GONZALES,Attorney General Alberto R Gonzales to be Nominated as US Supreme Court Justice,3,0.1,Jul/19/2005 23:53:21
258941,SUPREME.GONZALES,Attorney General Alberto R Gonzales to be Nominated as US Supreme Court Justice,16,0.2,Jul/20/2005 00:00:14
258941,SUPREME.GONZALES,Attorney General Alberto R Gonzales to be Nominated as US Supreme Court Justice,7,0.1,Jul/20/2005 00:02:33
258941,SUPREME.GONZALES,Attorney General Alberto R Gonzales to be Nominated as US Supreme Court Justice,4,0.1,Jul/20/2005 00:02:33
258941,SUPREME.GONZALES,Attorney General Alberto R Gonzales to be Nominated as US Supreme Court Justice,1,0.1,Jul/20/2005 00:24:07
258941,SUPREME.GONZALES,Attorney General Alberto R Gonzales to be Nominated as US Supreme Court Justice,34,0.2,Jul/20/2005 00:37:53
258941,SUPREME.GONZALES,Attorney General Alberto R Gonzales to be Nominated as US Supreme Court Justice,3,0.3,Jul/20/2005 00:38:54
258941,SUPREME.GONZALES,Attorney General Alberto R Gonzales to be Nominated as US Supreme Court Justice,25,0.3,Jul/20/2005 00:38:56
258941,SUPREME.GONZALES,Attorney General Alberto R Gonzales to be Nominated as US Supreme Court Justice,39,0.3,Jul/20/2005 00:54:46
