market id,market symbol,market name,trade quantity,trade price,date/time [utc]
745848,VA.2012.OTHER,Any other candidate to win Virginia,1,0.1,Oct/01/2012 20:47:07
745848,VA.2012.OTHER,Any other candidate to win Virginia,1,0.1,Oct/01/2012 20:47:07
745848,VA.2012.OTHER,Any other candidate to win Virginia,1,0.1,Oct/02/2012 10:52:12
745848,VA.2012.OTHER,Any other candidate to win Virginia,5,0.1,Oct/03/2012 17:09:06
745848,VA.2012.OTHER,Any other candidate to win Virginia,5,0.1,Oct/03/2012 18:58:15
745848,VA.2012.OTHER,Any other candidate to win Virginia,1,0.1,Oct/03/2012 18:58:27
745848,VA.2012.OTHER,Any other candidate to win Virginia,1,0.1,Oct/03/2012 19:01:35
745848,VA.2012.OTHER,Any other candidate to win Virginia,5,0.1,Oct/03/2012 19:01:35
745848,VA.2012.OTHER,Any other candidate to win Virginia,1,0.1,Oct/04/2012 01:32:37
745848,VA.2012.OTHER,Any other candidate to win Virginia,5,0.1,Oct/04/2012 02:52:33
745848,VA.2012.OTHER,Any other candidate to win Virginia,1,0.1,Oct/05/2012 13:56:41
745848,VA.2012.OTHER,Any other candidate to win Virginia,1,0.1,Oct/05/2012 13:57:02
745848,VA.2012.OTHER,Any other candidate to win Virginia,5,0.1,Oct/05/2012 13:57:03
745848,VA.2012.OTHER,Any other candidate to win Virginia,1,0.1,Oct/05/2012 13:57:16
745848,VA.2012.OTHER,Any other candidate to win Virginia,4,0.1,Oct/05/2012 13:57:16
745848,VA.2012.OTHER,Any other candidate to win Virginia,1,0.1,Oct/05/2012 13:57:29
745848,VA.2012.OTHER,Any other candidate to win Virginia,5,0.1,Oct/05/2012 13:57:39
745848,VA.2012.OTHER,Any other candidate to win Virginia,1,0.1,Oct/05/2012 13:57:53
745848,VA.2012.OTHER,Any other candidate to win Virginia,5,0.1,Oct/05/2012 13:58:05
745848,VA.2012.OTHER,Any other candidate to win Virginia,5,0.1,Oct/05/2012 13:58:18
745848,VA.2012.OTHER,Any other candidate to win Virginia,4,0.1,Oct/05/2012 13:58:29
745848,VA.2012.OTHER,Any other candidate to win Virginia,1,0.1,Oct/05/2012 13:58:29
745848,VA.2012.OTHER,Any other candidate to win Virginia,1,0.1,Oct/05/2012 13:58:40
745848,VA.2012.OTHER,Any other candidate to win Virginia,1,0.1,Oct/05/2012 13:58:41
745848,VA.2012.OTHER,Any other candidate to win Virginia,1,0.1,Oct/05/2012 13:58:42
745848,VA.2012.OTHER,Any other candidate to win Virginia,1,0.1,Oct/05/2012 13:58:43
745848,VA.2012.OTHER,Any other candidate to win Virginia,1,0.1,Oct/05/2012 13:58:44
745848,VA.2012.OTHER,Any other candidate to win Virginia,1,0.1,Oct/05/2012 13:58:45
745848,VA.2012.OTHER,Any other candidate to win Virginia,1,0.1,Oct/05/2012 13:59:11
745848,VA.2012.OTHER,Any other candidate to win Virginia,1,0.1,Oct/05/2012 13:59:21
745848,VA.2012.OTHER,Any other candidate to win Virginia,5,0.1,Oct/05/2012 13:59:21
745848,VA.2012.OTHER,Any other candidate to win Virginia,1,0.1,Oct/05/2012 13:59:27
745848,VA.2012.OTHER,Any other candidate to win Virginia,5,0.1,Oct/05/2012 13:59:38
745848,VA.2012.OTHER,Any other candidate to win Virginia,1,0.1,Oct/05/2012 13:59:49
745848,VA.2012.OTHER,Any other candidate to win Virginia,1,0.1,Oct/05/2012 13:59:56
745848,VA.2012.OTHER,Any other candidate to win Virginia,1,0.1,Oct/05/2012 14:00:11
745848,VA.2012.OTHER,Any other candidate to win Virginia,1,0.1,Oct/05/2012 14:00:26
745848,VA.2012.OTHER,Any other candidate to win Virginia,1,0.1,Oct/05/2012 14:00:32
745848,VA.2012.OTHER,Any other candidate to win Virginia,1,0.1,Oct/05/2012 14:00:41
745848,VA.2012.OTHER,Any other candidate to win Virginia,1,0.1,Oct/05/2012 14:00:58
745848,VA.2012.OTHER,Any other candidate to win Virginia,4,0.1,Oct/05/2012 14:00:58
745848,VA.2012.OTHER,Any other candidate to win Virginia,5,0.1,Oct/05/2012 14:01:21
745848,VA.2012.OTHER,Any other candidate to win Virginia,1,0.1,Oct/05/2012 14:01:21
745848,VA.2012.OTHER,Any other candidate to win Virginia,1,0.1,Oct/05/2012 14:01:58
745848,VA.2012.OTHER,Any other candidate to win Virginia,5,0.1,Oct/05/2012 14:01:59
745848,VA.2012.OTHER,Any other candidate to win Virginia,1,0.1,Oct/05/2012 14:02:00
745848,VA.2012.OTHER,Any other candidate to win Virginia,1,0.1,Oct/05/2012 14:02:01
745848,VA.2012.OTHER,Any other candidate to win Virginia,1,0.1,Oct/05/2012 14:02:15
745848,VA.2012.OTHER,Any other candidate to win Virginia,1,0.1,Oct/05/2012 14:02:22
745848,VA.2012.OTHER,Any other candidate to win Virginia,1,0.1,Oct/05/2012 14:02:48
745848,VA.2012.OTHER,Any other candidate to win Virginia,1,0.1,Oct/05/2012 14:03:07
745848,VA.2012.OTHER,Any other candidate to win Virginia,1,0.1,Oct/05/2012 14:29:51
745848,VA.2012.OTHER,Any other candidate to win Virginia,1,0.1,Oct/05/2012 14:29:59
745848,VA.2012.OTHER,Any other candidate to win Virginia,1,0.1,Oct/05/2012 15:19:45
745848,VA.2012.OTHER,Any other candidate to win Virginia,5,0.1,Oct/05/2012 15:19:45
745848,VA.2012.OTHER,Any other candidate to win Virginia,1,0.1,Oct/05/2012 15:19:46
745848,VA.2012.OTHER,Any other candidate to win Virginia,2,0.1,Oct/05/2012 15:19:48
745848,VA.2012.OTHER,Any other candidate to win Virginia,2,0.1,Oct/05/2012 15:28:32
745848,VA.2012.OTHER,Any other candidate to win Virginia,5,0.1,Oct/05/2012 15:36:16
745848,VA.2012.OTHER,Any other candidate to win Virginia,1,0.1,Oct/05/2012 15:36:22
745848,VA.2012.OTHER,Any other candidate to win Virginia,1,0.1,Oct/05/2012 15:36:30
745848,VA.2012.OTHER,Any other candidate to win Virginia,5,0.1,Oct/05/2012 16:27:58
745848,VA.2012.OTHER,Any other candidate to win Virginia,1,0.1,Oct/05/2012 16:27:59
745848,VA.2012.OTHER,Any other candidate to win Virginia,98,0.1,Oct/05/2012 16:28:00
745848,VA.2012.OTHER,Any other candidate to win Virginia,1,0.1,Oct/05/2012 16:28:00
745848,VA.2012.OTHER,Any other candidate to win Virginia,1,0.1,Oct/05/2012 21:25:15
745848,VA.2012.OTHER,Any other candidate to win Virginia,5,0.1,Oct/05/2012 21:25:15
745848,VA.2012.OTHER,Any other candidate to win Virginia,1,0.1,Oct/05/2012 21:25:24
745848,VA.2012.OTHER,Any other candidate to win Virginia,4,0.1,Oct/05/2012 21:25:25
745848,VA.2012.OTHER,Any other candidate to win Virginia,1,0.1,Oct/05/2012 21:25:35
745848,VA.2012.OTHER,Any other candidate to win Virginia,5,0.1,Oct/05/2012 21:25:35
745848,VA.2012.OTHER,Any other candidate to win Virginia,1,0.1,Oct/05/2012 21:25:40
745848,VA.2012.OTHER,Any other candidate to win Virginia,1,0.1,Oct/05/2012 21:25:47
745848,VA.2012.OTHER,Any other candidate to win Virginia,5,0.1,Oct/05/2012 21:25:47
745848,VA.2012.OTHER,Any other candidate to win Virginia,1,0.1,Oct/05/2012 21:26:11
745848,VA.2012.OTHER,Any other candidate to win Virginia,5,0.1,Oct/05/2012 21:26:11
745848,VA.2012.OTHER,Any other candidate to win Virginia,1,0.1,Oct/05/2012 21:26:40
745848,VA.2012.OTHER,Any other candidate to win Virginia,5,0.1,Oct/05/2012 21:26:40
745848,VA.2012.OTHER,Any other candidate to win Virginia,1,0.1,Oct/05/2012 21:27:03
745848,VA.2012.OTHER,Any other candidate to win Virginia,5,0.1,Oct/05/2012 21:27:03
745848,VA.2012.OTHER,Any other candidate to win Virginia,5,0.1,Oct/05/2012 21:27:17
745848,VA.2012.OTHER,Any other candidate to win Virginia,1,0.1,Oct/05/2012 21:27:17
745848,VA.2012.OTHER,Any other candidate to win Virginia,1,0.1,Oct/05/2012 21:27:25
745848,VA.2012.OTHER,Any other candidate to win Virginia,1,0.1,Oct/05/2012 21:27:41
745848,VA.2012.OTHER,Any other candidate to win Virginia,5,0.1,Oct/05/2012 21:28:37
745848,VA.2012.OTHER,Any other candidate to win Virginia,1,0.1,Oct/05/2012 21:28:51
745848,VA.2012.OTHER,Any other candidate to win Virginia,4,0.1,Oct/05/2012 21:29:08
745848,VA.2012.OTHER,Any other candidate to win Virginia,1,0.1,Oct/05/2012 21:29:08
745848,VA.2012.OTHER,Any other candidate to win Virginia,1,0.1,Oct/05/2012 21:29:16
745848,VA.2012.OTHER,Any other candidate to win Virginia,4,0.1,Oct/05/2012 21:29:22
745848,VA.2012.OTHER,Any other candidate to win Virginia,5,0.1,Oct/05/2012 21:29:31
745848,VA.2012.OTHER,Any other candidate to win Virginia,1,0.1,Oct/05/2012 21:29:40
745848,VA.2012.OTHER,Any other candidate to win Virginia,5,0.1,Oct/05/2012 21:29:40
745848,VA.2012.OTHER,Any other candidate to win Virginia,1,0.1,Oct/05/2012 21:29:53
745848,VA.2012.OTHER,Any other candidate to win Virginia,1,0.1,Oct/05/2012 21:56:53
745848,VA.2012.OTHER,Any other candidate to win Virginia,1,0.1,Oct/05/2012 21:56:55
745848,VA.2012.OTHER,Any other candidate to win Virginia,1,0.1,Oct/05/2012 21:56:56
745848,VA.2012.OTHER,Any other candidate to win Virginia,4,0.1,Oct/05/2012 21:56:56
745848,VA.2012.OTHER,Any other candidate to win Virginia,1,0.1,Oct/05/2012 21:56:56
745848,VA.2012.OTHER,Any other candidate to win Virginia,1,0.1,Oct/05/2012 21:58:53
745848,VA.2012.OTHER,Any other candidate to win Virginia,1,0.1,Oct/05/2012 21:58:54
745848,VA.2012.OTHER,Any other candidate to win Virginia,1,0.1,Oct/05/2012 21:58:55
745848,VA.2012.OTHER,Any other candidate to win Virginia,1,0.1,Oct/05/2012 21:58:56
745848,VA.2012.OTHER,Any other candidate to win Virginia,1,0.1,Oct/05/2012 21:58:57
745848,VA.2012.OTHER,Any other candidate to win Virginia,13,0.1,Oct/05/2012 21:58:58
745848,VA.2012.OTHER,Any other candidate to win Virginia,1,0.1,Oct/05/2012 21:58:59
745848,VA.2012.OTHER,Any other candidate to win Virginia,1,0.1,Oct/06/2012 05:41:15
745848,VA.2012.OTHER,Any other candidate to win Virginia,1,0.1,Oct/06/2012 15:18:59
745848,VA.2012.OTHER,Any other candidate to win Virginia,5,0.1,Oct/06/2012 15:18:59
745848,VA.2012.OTHER,Any other candidate to win Virginia,1,0.1,Oct/06/2012 15:19:27
745848,VA.2012.OTHER,Any other candidate to win Virginia,4,0.1,Oct/06/2012 15:19:38
745848,VA.2012.OTHER,Any other candidate to win Virginia,5,0.1,Oct/06/2012 15:20:16
745848,VA.2012.OTHER,Any other candidate to win Virginia,5,0.1,Oct/06/2012 15:20:36
745848,VA.2012.OTHER,Any other candidate to win Virginia,1,0.1,Oct/06/2012 15:20:36
745848,VA.2012.OTHER,Any other candidate to win Virginia,5,0.1,Oct/06/2012 17:11:06
745848,VA.2012.OTHER,Any other candidate to win Virginia,3,0.1,Oct/07/2012 04:19:31
745848,VA.2012.OTHER,Any other candidate to win Virginia,1,0.1,Oct/08/2012 13:53:52
745848,VA.2012.OTHER,Any other candidate to win Virginia,1,0.1,Oct/08/2012 13:54:02
745848,VA.2012.OTHER,Any other candidate to win Virginia,1,0.1,Oct/08/2012 13:54:19
745848,VA.2012.OTHER,Any other candidate to win Virginia,1,0.1,Oct/08/2012 13:54:20
745848,VA.2012.OTHER,Any other candidate to win Virginia,1,0.1,Oct/08/2012 13:54:21
745848,VA.2012.OTHER,Any other candidate to win Virginia,1,0.1,Oct/09/2012 14:14:55
745848,VA.2012.OTHER,Any other candidate to win Virginia,5,0.1,Oct/09/2012 14:14:55
745848,VA.2012.OTHER,Any other candidate to win Virginia,5,0.1,Oct/09/2012 14:15:12
745848,VA.2012.OTHER,Any other candidate to win Virginia,5,0.1,Oct/09/2012 14:24:32
745848,VA.2012.OTHER,Any other candidate to win Virginia,5,0.1,Oct/09/2012 14:28:22
745848,VA.2012.OTHER,Any other candidate to win Virginia,5,0.1,Oct/09/2012 14:28:42
745848,VA.2012.OTHER,Any other candidate to win Virginia,1,0.1,Oct/09/2012 14:28:42
745848,VA.2012.OTHER,Any other candidate to win Virginia,4,0.1,Oct/09/2012 14:28:57
745848,VA.2012.OTHER,Any other candidate to win Virginia,1,0.1,Oct/09/2012 14:29:10
745848,VA.2012.OTHER,Any other candidate to win Virginia,5,0.1,Oct/09/2012 14:29:10
745848,VA.2012.OTHER,Any other candidate to win Virginia,1,0.1,Oct/09/2012 14:29:25
745848,VA.2012.OTHER,Any other candidate to win Virginia,2,0.1,Oct/09/2012 14:29:25
745848,VA.2012.OTHER,Any other candidate to win Virginia,1,0.1,Oct/09/2012 14:32:59
745848,VA.2012.OTHER,Any other candidate to win Virginia,5,0.1,Oct/09/2012 14:32:59
745848,VA.2012.OTHER,Any other candidate to win Virginia,1,0.1,Oct/09/2012 14:35:22
745848,VA.2012.OTHER,Any other candidate to win Virginia,1,0.1,Oct/09/2012 14:35:34
745848,VA.2012.OTHER,Any other candidate to win Virginia,1,0.1,Oct/09/2012 15:20:51
745848,VA.2012.OTHER,Any other candidate to win Virginia,1,0.1,Oct/09/2012 15:20:52
745848,VA.2012.OTHER,Any other candidate to win Virginia,1,0.1,Oct/09/2012 15:20:53
745848,VA.2012.OTHER,Any other candidate to win Virginia,1,0.1,Oct/09/2012 15:20:54
745848,VA.2012.OTHER,Any other candidate to win Virginia,5,0.1,Oct/10/2012 02:22:39
745848,VA.2012.OTHER,Any other candidate to win Virginia,5,0.1,Oct/10/2012 14:13:25
745848,VA.2012.OTHER,Any other candidate to win Virginia,1,0.1,Oct/10/2012 14:13:25
745848,VA.2012.OTHER,Any other candidate to win Virginia,5,0.1,Oct/10/2012 14:24:14
745848,VA.2012.OTHER,Any other candidate to win Virginia,5,0.1,Oct/10/2012 14:24:43
745848,VA.2012.OTHER,Any other candidate to win Virginia,5,0.2,Oct/10/2012 14:30:46
745848,VA.2012.OTHER,Any other candidate to win Virginia,5,0.2,Oct/10/2012 14:31:32
745848,VA.2012.OTHER,Any other candidate to win Virginia,5,0.1,Oct/10/2012 14:32:57
745848,VA.2012.OTHER,Any other candidate to win Virginia,5,0.1,Oct/10/2012 14:33:09
745848,VA.2012.OTHER,Any other candidate to win Virginia,1,0.2,Oct/10/2012 15:45:49
745848,VA.2012.OTHER,Any other candidate to win Virginia,1,0.2,Oct/10/2012 15:48:13
745848,VA.2012.OTHER,Any other candidate to win Virginia,5,0.2,Oct/10/2012 15:48:21
745848,VA.2012.OTHER,Any other candidate to win Virginia,1,0.2,Oct/10/2012 15:48:29
745848,VA.2012.OTHER,Any other candidate to win Virginia,2,0.2,Oct/10/2012 15:48:39
745848,VA.2012.OTHER,Any other candidate to win Virginia,3,0.2,Oct/10/2012 15:48:39
745848,VA.2012.OTHER,Any other candidate to win Virginia,1,0.2,Oct/10/2012 15:48:43
745848,VA.2012.OTHER,Any other candidate to win Virginia,1,0.2,Oct/10/2012 15:48:55
745848,VA.2012.OTHER,Any other candidate to win Virginia,5,0.2,Oct/10/2012 15:48:55
745848,VA.2012.OTHER,Any other candidate to win Virginia,1,0.2,Oct/10/2012 15:49:06
745848,VA.2012.OTHER,Any other candidate to win Virginia,1,0.2,Oct/10/2012 15:49:15
745848,VA.2012.OTHER,Any other candidate to win Virginia,5,0.2,Oct/10/2012 15:49:15
745848,VA.2012.OTHER,Any other candidate to win Virginia,1,0.2,Oct/10/2012 15:49:22
745848,VA.2012.OTHER,Any other candidate to win Virginia,1,0.2,Oct/10/2012 15:49:22
745848,VA.2012.OTHER,Any other candidate to win Virginia,1,0.2,Oct/10/2012 15:49:28
745848,VA.2012.OTHER,Any other candidate to win Virginia,5,0.3,Oct/10/2012 15:49:28
745848,VA.2012.OTHER,Any other candidate to win Virginia,1,0.3,Oct/10/2012 15:49:40
745848,VA.2012.OTHER,Any other candidate to win Virginia,2,0.4,Oct/10/2012 15:49:46
745848,VA.2012.OTHER,Any other candidate to win Virginia,3,0.4,Oct/10/2012 15:49:46
745848,VA.2012.OTHER,Any other candidate to win Virginia,1,0.4,Oct/10/2012 15:49:54
745848,VA.2012.OTHER,Any other candidate to win Virginia,1,0.5,Oct/10/2012 15:50:05
745848,VA.2012.OTHER,Any other candidate to win Virginia,1,0.1,Oct/10/2012 16:16:34
745848,VA.2012.OTHER,Any other candidate to win Virginia,1,0.1,Oct/10/2012 16:16:57
745848,VA.2012.OTHER,Any other candidate to win Virginia,1,0.1,Oct/10/2012 16:16:58
745848,VA.2012.OTHER,Any other candidate to win Virginia,1,0.1,Oct/10/2012 16:16:59
745848,VA.2012.OTHER,Any other candidate to win Virginia,1,0.1,Oct/10/2012 16:17:00
745848,VA.2012.OTHER,Any other candidate to win Virginia,5,0.1,Oct/10/2012 17:03:26
745848,VA.2012.OTHER,Any other candidate to win Virginia,1,0.5,Oct/10/2012 18:01:40
745848,VA.2012.OTHER,Any other candidate to win Virginia,1,0.5,Oct/10/2012 18:04:33
745848,VA.2012.OTHER,Any other candidate to win Virginia,5,0.1,Oct/10/2012 18:07:30
745848,VA.2012.OTHER,Any other candidate to win Virginia,1,0.5,Oct/10/2012 18:07:59
745848,VA.2012.OTHER,Any other candidate to win Virginia,1,0.5,Oct/10/2012 18:08:17
745848,VA.2012.OTHER,Any other candidate to win Virginia,5,0.5,Oct/10/2012 18:08:18
745848,VA.2012.OTHER,Any other candidate to win Virginia,1,0.1,Oct/10/2012 18:09:13
745848,VA.2012.OTHER,Any other candidate to win Virginia,1,0.5,Oct/10/2012 18:09:28
745848,VA.2012.OTHER,Any other candidate to win Virginia,1,0.5,Oct/10/2012 18:11:11
745848,VA.2012.OTHER,Any other candidate to win Virginia,1,0.1,Oct/10/2012 18:12:17
745848,VA.2012.OTHER,Any other candidate to win Virginia,1,0.1,Oct/10/2012 18:13:59
745848,VA.2012.OTHER,Any other candidate to win Virginia,1,0.1,Oct/10/2012 18:14:01
745848,VA.2012.OTHER,Any other candidate to win Virginia,1,0.1,Oct/10/2012 18:14:02
745848,VA.2012.OTHER,Any other candidate to win Virginia,1,0.1,Oct/10/2012 18:14:03
745848,VA.2012.OTHER,Any other candidate to win Virginia,1,0.1,Oct/10/2012 18:15:51
745848,VA.2012.OTHER,Any other candidate to win Virginia,1,0.1,Oct/10/2012 18:15:51
745848,VA.2012.OTHER,Any other candidate to win Virginia,1,0.1,Oct/10/2012 18:20:08
745848,VA.2012.OTHER,Any other candidate to win Virginia,1,0.1,Oct/10/2012 18:20:09
745848,VA.2012.OTHER,Any other candidate to win Virginia,1,0.2,Oct/10/2012 19:34:46
745848,VA.2012.OTHER,Any other candidate to win Virginia,5,0.1,Oct/10/2012 20:41:36
745848,VA.2012.OTHER,Any other candidate to win Virginia,5,0.1,Oct/10/2012 20:59:33
745848,VA.2012.OTHER,Any other candidate to win Virginia,1,0.1,Oct/10/2012 20:59:33
745848,VA.2012.OTHER,Any other candidate to win Virginia,1,0.1,Oct/10/2012 21:29:04
745848,VA.2012.OTHER,Any other candidate to win Virginia,2,0.1,Oct/10/2012 21:29:04
745848,VA.2012.OTHER,Any other candidate to win Virginia,1,0.2,Oct/11/2012 06:29:48
745848,VA.2012.OTHER,Any other candidate to win Virginia,5,0.1,Oct/11/2012 11:08:39
745848,VA.2012.OTHER,Any other candidate to win Virginia,1,0.1,Oct/11/2012 11:08:46
745848,VA.2012.OTHER,Any other candidate to win Virginia,5,0.1,Oct/11/2012 11:08:46
745848,VA.2012.OTHER,Any other candidate to win Virginia,5,0.1,Oct/11/2012 13:18:57
745848,VA.2012.OTHER,Any other candidate to win Virginia,1,0.1,Oct/11/2012 13:19:02
745848,VA.2012.OTHER,Any other candidate to win Virginia,1,0.1,Oct/11/2012 13:19:03
745848,VA.2012.OTHER,Any other candidate to win Virginia,1,0.1,Oct/11/2012 13:19:04
745848,VA.2012.OTHER,Any other candidate to win Virginia,1,0.1,Oct/11/2012 13:19:05
745848,VA.2012.OTHER,Any other candidate to win Virginia,1,0.1,Oct/11/2012 13:49:39
745848,VA.2012.OTHER,Any other candidate to win Virginia,1,0.1,Oct/11/2012 13:49:51
745848,VA.2012.OTHER,Any other candidate to win Virginia,3,0.1,Oct/11/2012 13:49:51
745848,VA.2012.OTHER,Any other candidate to win Virginia,5,0.1,Oct/11/2012 16:06:01
745848,VA.2012.OTHER,Any other candidate to win Virginia,1,0.1,Oct/11/2012 16:06:03
745848,VA.2012.OTHER,Any other candidate to win Virginia,1,0.1,Oct/11/2012 16:26:12
745848,VA.2012.OTHER,Any other candidate to win Virginia,5,0.1,Oct/11/2012 16:26:12
745848,VA.2012.OTHER,Any other candidate to win Virginia,5,0.1,Oct/11/2012 16:29:16
745848,VA.2012.OTHER,Any other candidate to win Virginia,1,0.1,Oct/11/2012 16:29:16
745848,VA.2012.OTHER,Any other candidate to win Virginia,1,0.1,Oct/11/2012 16:29:54
745848,VA.2012.OTHER,Any other candidate to win Virginia,5,0.1,Oct/11/2012 16:29:54
745848,VA.2012.OTHER,Any other candidate to win Virginia,1,0.1,Oct/11/2012 16:32:04
745848,VA.2012.OTHER,Any other candidate to win Virginia,5,0.1,Oct/11/2012 16:32:04
745848,VA.2012.OTHER,Any other candidate to win Virginia,1,0.1,Oct/11/2012 16:32:20
745848,VA.2012.OTHER,Any other candidate to win Virginia,5,0.1,Oct/11/2012 16:32:40
745848,VA.2012.OTHER,Any other candidate to win Virginia,1,0.1,Oct/11/2012 16:32:40
745848,VA.2012.OTHER,Any other candidate to win Virginia,4,0.1,Oct/12/2012 14:03:10
745848,VA.2012.OTHER,Any other candidate to win Virginia,1,0.1,Oct/12/2012 14:03:22
745848,VA.2012.OTHER,Any other candidate to win Virginia,5,0.1,Oct/12/2012 14:03:54
745848,VA.2012.OTHER,Any other candidate to win Virginia,1,0.1,Oct/12/2012 14:04:12
745848,VA.2012.OTHER,Any other candidate to win Virginia,5,0.1,Oct/12/2012 14:04:12
745848,VA.2012.OTHER,Any other candidate to win Virginia,1,0.1,Oct/12/2012 14:04:17
745848,VA.2012.OTHER,Any other candidate to win Virginia,1,0.1,Oct/12/2012 14:04:24
745848,VA.2012.OTHER,Any other candidate to win Virginia,5,0.1,Oct/12/2012 14:04:24
745848,VA.2012.OTHER,Any other candidate to win Virginia,1,0.1,Oct/12/2012 14:04:34
745848,VA.2012.OTHER,Any other candidate to win Virginia,4,0.1,Oct/12/2012 14:04:35
745848,VA.2012.OTHER,Any other candidate to win Virginia,1,0.1,Oct/12/2012 14:04:52
745848,VA.2012.OTHER,Any other candidate to win Virginia,5,0.1,Oct/12/2012 14:04:52
745848,VA.2012.OTHER,Any other candidate to win Virginia,1,0.1,Oct/12/2012 14:05:05
745848,VA.2012.OTHER,Any other candidate to win Virginia,5,0.1,Oct/12/2012 14:05:05
745848,VA.2012.OTHER,Any other candidate to win Virginia,1,0.1,Oct/12/2012 14:05:15
745848,VA.2012.OTHER,Any other candidate to win Virginia,1,0.1,Oct/12/2012 14:05:20
745848,VA.2012.OTHER,Any other candidate to win Virginia,1,0.1,Oct/12/2012 14:05:33
745848,VA.2012.OTHER,Any other candidate to win Virginia,1,0.1,Oct/12/2012 14:05:39
745848,VA.2012.OTHER,Any other candidate to win Virginia,1,0.1,Oct/12/2012 14:05:52
745848,VA.2012.OTHER,Any other candidate to win Virginia,1,0.1,Oct/12/2012 14:05:53
745848,VA.2012.OTHER,Any other candidate to win Virginia,1,0.1,Oct/12/2012 14:06:12
745848,VA.2012.OTHER,Any other candidate to win Virginia,1,0.1,Oct/12/2012 14:06:22
745848,VA.2012.OTHER,Any other candidate to win Virginia,1,0.1,Oct/12/2012 14:06:30
745848,VA.2012.OTHER,Any other candidate to win Virginia,1,0.1,Oct/12/2012 14:06:40
745848,VA.2012.OTHER,Any other candidate to win Virginia,1,0.1,Oct/12/2012 14:06:54
745848,VA.2012.OTHER,Any other candidate to win Virginia,1,0.1,Oct/12/2012 14:06:55
745848,VA.2012.OTHER,Any other candidate to win Virginia,4,0.1,Oct/12/2012 14:06:56
745848,VA.2012.OTHER,Any other candidate to win Virginia,1,0.1,Oct/12/2012 14:06:56
745848,VA.2012.OTHER,Any other candidate to win Virginia,1,0.1,Oct/12/2012 14:07:14
745848,VA.2012.OTHER,Any other candidate to win Virginia,1,0.1,Oct/12/2012 14:07:21
745848,VA.2012.OTHER,Any other candidate to win Virginia,1,0.1,Oct/12/2012 14:07:27
745848,VA.2012.OTHER,Any other candidate to win Virginia,1,0.1,Oct/12/2012 14:07:39
745848,VA.2012.OTHER,Any other candidate to win Virginia,1,0.1,Oct/12/2012 14:07:59
745848,VA.2012.OTHER,Any other candidate to win Virginia,1,0.1,Oct/12/2012 14:08:11
745848,VA.2012.OTHER,Any other candidate to win Virginia,1,0.1,Oct/12/2012 14:08:28
745848,VA.2012.OTHER,Any other candidate to win Virginia,5,0.1,Oct/12/2012 14:08:28
745848,VA.2012.OTHER,Any other candidate to win Virginia,5,0.1,Oct/12/2012 14:09:14
745848,VA.2012.OTHER,Any other candidate to win Virginia,1,0.1,Oct/12/2012 14:09:15
745848,VA.2012.OTHER,Any other candidate to win Virginia,5,0.1,Oct/12/2012 14:09:23
745848,VA.2012.OTHER,Any other candidate to win Virginia,1,0.1,Oct/12/2012 14:09:23
745848,VA.2012.OTHER,Any other candidate to win Virginia,1,0.1,Oct/12/2012 14:09:35
745848,VA.2012.OTHER,Any other candidate to win Virginia,5,0.1,Oct/12/2012 14:09:36
745848,VA.2012.OTHER,Any other candidate to win Virginia,5,0.1,Oct/16/2012 20:42:30
745848,VA.2012.OTHER,Any other candidate to win Virginia,4,0.1,Oct/16/2012 20:43:16
745848,VA.2012.OTHER,Any other candidate to win Virginia,2,0.1,Oct/16/2012 20:43:29
745848,VA.2012.OTHER,Any other candidate to win Virginia,4,0.1,Oct/16/2012 20:43:44
745848,VA.2012.OTHER,Any other candidate to win Virginia,4,0.1,Oct/16/2012 20:44:08
745848,VA.2012.OTHER,Any other candidate to win Virginia,2,0.1,Oct/16/2012 20:44:19
745848,VA.2012.OTHER,Any other candidate to win Virginia,5,0.1,Oct/19/2012 03:39:18
745848,VA.2012.OTHER,Any other candidate to win Virginia,4,0.1,Oct/20/2012 00:10:31
745848,VA.2012.OTHER,Any other candidate to win Virginia,4,0.1,Oct/20/2012 23:12:39
745848,VA.2012.OTHER,Any other candidate to win Virginia,1,0.1,Oct/20/2012 23:12:39
745848,VA.2012.OTHER,Any other candidate to win Virginia,4,0.1,Oct/21/2012 00:14:47
745848,VA.2012.OTHER,Any other candidate to win Virginia,5,0.1,Oct/21/2012 13:18:40
745848,VA.2012.OTHER,Any other candidate to win Virginia,5,0.1,Oct/23/2012 02:10:14
745848,VA.2012.OTHER,Any other candidate to win Virginia,5,0.1,Oct/23/2012 13:04:19
745848,VA.2012.OTHER,Any other candidate to win Virginia,9,0.1,Oct/23/2012 13:04:22
745848,VA.2012.OTHER,Any other candidate to win Virginia,5,0.1,Oct/23/2012 14:08:10
745848,VA.2012.OTHER,Any other candidate to win Virginia,5,0.1,Oct/23/2012 14:08:34
745848,VA.2012.OTHER,Any other candidate to win Virginia,1,0.1,Oct/23/2012 22:41:42
745848,VA.2012.OTHER,Any other candidate to win Virginia,5,0.1,Oct/24/2012 18:39:14
745848,VA.2012.OTHER,Any other candidate to win Virginia,14,0.1,Oct/24/2012 18:39:14
745848,VA.2012.OTHER,Any other candidate to win Virginia,1,0.1,Oct/24/2012 21:04:06
745848,VA.2012.OTHER,Any other candidate to win Virginia,5,0.1,Oct/26/2012 18:58:47
745848,VA.2012.OTHER,Any other candidate to win Virginia,1,0.1,Oct/30/2012 11:29:29
745848,VA.2012.OTHER,Any other candidate to win Virginia,4,0.1,Nov/01/2012 00:15:37
745848,VA.2012.OTHER,Any other candidate to win Virginia,2,0.1,Nov/01/2012 03:28:31
745848,VA.2012.OTHER,Any other candidate to win Virginia,5,0.1,Nov/01/2012 03:35:55
745848,VA.2012.OTHER,Any other candidate to win Virginia,1,0.1,Nov/02/2012 11:52:52
745848,VA.2012.OTHER,Any other candidate to win Virginia,2,0.1,Nov/02/2012 14:48:08
745848,VA.2012.OTHER,Any other candidate to win Virginia,2,0.1,Nov/02/2012 14:48:21
745848,VA.2012.OTHER,Any other candidate to win Virginia,2,0.1,Nov/02/2012 14:48:52
745848,VA.2012.OTHER,Any other candidate to win Virginia,2,0.1,Nov/02/2012 14:49:01
745848,VA.2012.OTHER,Any other candidate to win Virginia,2,0.1,Nov/02/2012 14:49:27
745848,VA.2012.OTHER,Any other candidate to win Virginia,3,0.1,Nov/02/2012 14:49:41
745848,VA.2012.OTHER,Any other candidate to win Virginia,3,0.1,Nov/02/2012 14:49:53
745848,VA.2012.OTHER,Any other candidate to win Virginia,3,0.1,Nov/02/2012 14:50:12
745848,VA.2012.OTHER,Any other candidate to win Virginia,3,0.1,Nov/02/2012 14:50:25
745848,VA.2012.OTHER,Any other candidate to win Virginia,3,0.1,Nov/02/2012 14:50:32
745848,VA.2012.OTHER,Any other candidate to win Virginia,3,0.1,Nov/02/2012 14:50:53
745848,VA.2012.OTHER,Any other candidate to win Virginia,3,0.1,Nov/02/2012 14:51:05
745848,VA.2012.OTHER,Any other candidate to win Virginia,1,0.1,Nov/02/2012 14:51:11
745848,VA.2012.OTHER,Any other candidate to win Virginia,3,0.1,Nov/02/2012 14:51:17
745848,VA.2012.OTHER,Any other candidate to win Virginia,1,0.1,Nov/02/2012 14:51:26
745848,VA.2012.OTHER,Any other candidate to win Virginia,1,0.1,Nov/02/2012 14:51:35
745848,VA.2012.OTHER,Any other candidate to win Virginia,5,0.1,Nov/02/2012 20:53:54
745848,VA.2012.OTHER,Any other candidate to win Virginia,5,0.1,Nov/02/2012 20:54:17
745848,VA.2012.OTHER,Any other candidate to win Virginia,5,0.1,Nov/02/2012 21:34:19
745848,VA.2012.OTHER,Any other candidate to win Virginia,5,0.1,Nov/04/2012 15:44:42
745848,VA.2012.OTHER,Any other candidate to win Virginia,34,0.1,Nov/04/2012 15:44:44
745848,VA.2012.OTHER,Any other candidate to win Virginia,4,0.1,Nov/05/2012 01:25:16
745848,VA.2012.OTHER,Any other candidate to win Virginia,5,0.1,Nov/05/2012 01:50:19
745848,VA.2012.OTHER,Any other candidate to win Virginia,1,0.1,Nov/05/2012 01:50:59
745848,VA.2012.OTHER,Any other candidate to win Virginia,1,0.1,Nov/05/2012 01:50:59
745848,VA.2012.OTHER,Any other candidate to win Virginia,5,0.1,Nov/05/2012 01:51:48
745848,VA.2012.OTHER,Any other candidate to win Virginia,5,0.1,Nov/05/2012 02:02:16
745848,VA.2012.OTHER,Any other candidate to win Virginia,3,0.1,Nov/05/2012 02:19:52
745848,VA.2012.OTHER,Any other candidate to win Virginia,1,0.1,Nov/05/2012 03:25:00
745848,VA.2012.OTHER,Any other candidate to win Virginia,3,0.1,Nov/06/2012 12:31:42
745848,VA.2012.OTHER,Any other candidate to win Virginia,2,0.1,Nov/06/2012 12:31:42
745848,VA.2012.OTHER,Any other candidate to win Virginia,5,0.1,Nov/06/2012 13:54:12
745848,VA.2012.OTHER,Any other candidate to win Virginia,3,0.1,Nov/06/2012 13:54:42
745848,VA.2012.OTHER,Any other candidate to win Virginia,5,0.1,Nov/06/2012 13:56:05
745848,VA.2012.OTHER,Any other candidate to win Virginia,5,0.1,Nov/06/2012 13:57:44
745848,VA.2012.OTHER,Any other candidate to win Virginia,5,0.1,Nov/06/2012 15:33:31
745848,VA.2012.OTHER,Any other candidate to win Virginia,5,0.1,Nov/06/2012 22:45:14
745848,VA.2012.OTHER,Any other candidate to win Virginia,5,0.1,Nov/06/2012 22:45:40
745848,VA.2012.OTHER,Any other candidate to win Virginia,1,0.1,Nov/07/2012 00:47:25
745848,VA.2012.OTHER,Any other candidate to win Virginia,5,0.1,Nov/07/2012 01:02:37
745848,VA.2012.OTHER,Any other candidate to win Virginia,5,0.1,Nov/07/2012 01:05:23
745848,VA.2012.OTHER,Any other candidate to win Virginia,4,0.1,Nov/07/2012 01:05:53
745848,VA.2012.OTHER,Any other candidate to win Virginia,9,0.1,Nov/07/2012 01:10:18
745848,VA.2012.OTHER,Any other candidate to win Virginia,4,0.1,Nov/07/2012 01:10:37
745848,VA.2012.OTHER,Any other candidate to win Virginia,2,0.1,Nov/07/2012 01:13:03
745848,VA.2012.OTHER,Any other candidate to win Virginia,3,0.1,Nov/07/2012 01:14:47
745848,VA.2012.OTHER,Any other candidate to win Virginia,5,0.1,Nov/07/2012 01:15:37
745848,VA.2012.OTHER,Any other candidate to win Virginia,5,0.1,Nov/07/2012 01:29:50
745848,VA.2012.OTHER,Any other candidate to win Virginia,5,0.1,Nov/07/2012 02:07:38
745848,VA.2012.OTHER,Any other candidate to win Virginia,5,0.1,Nov/07/2012 02:13:38
745848,VA.2012.OTHER,Any other candidate to win Virginia,1,0.1,Nov/07/2012 02:13:39
745848,VA.2012.OTHER,Any other candidate to win Virginia,5,0.1,Nov/07/2012 02:13:44
745848,VA.2012.OTHER,Any other candidate to win Virginia,5,0.1,Nov/07/2012 02:32:51
745848,VA.2012.OTHER,Any other candidate to win Virginia,2,0.1,Nov/07/2012 02:35:48
745848,VA.2012.OTHER,Any other candidate to win Virginia,1,0.1,Nov/07/2012 02:37:21
745848,VA.2012.OTHER,Any other candidate to win Virginia,5,0.1,Nov/07/2012 02:39:01
745848,VA.2012.OTHER,Any other candidate to win Virginia,5,0.1,Nov/07/2012 02:39:04
745848,VA.2012.OTHER,Any other candidate to win Virginia,1,0.1,Nov/07/2012 02:44:15
745848,VA.2012.OTHER,Any other candidate to win Virginia,4,0.1,Nov/07/2012 02:50:00
745848,VA.2012.OTHER,Any other candidate to win Virginia,5,0.1,Nov/07/2012 03:00:46
745848,VA.2012.OTHER,Any other candidate to win Virginia,5,0.1,Nov/07/2012 03:03:29
745848,VA.2012.OTHER,Any other candidate to win Virginia,15,0.1,Nov/07/2012 03:03:30
745848,VA.2012.OTHER,Any other candidate to win Virginia,5,0.1,Nov/07/2012 03:10:12
745848,VA.2012.OTHER,Any other candidate to win Virginia,5,0.1,Nov/07/2012 03:11:20
745848,VA.2012.OTHER,Any other candidate to win Virginia,5,0.1,Nov/07/2012 03:11:29
745848,VA.2012.OTHER,Any other candidate to win Virginia,5,0.1,Nov/07/2012 03:11:32
745848,VA.2012.OTHER,Any other candidate to win Virginia,5,0.1,Nov/07/2012 03:13:01
745848,VA.2012.OTHER,Any other candidate to win Virginia,9,0.1,Nov/07/2012 03:13:04
745848,VA.2012.OTHER,Any other candidate to win Virginia,4,0.1,Nov/07/2012 03:13:20
745848,VA.2012.OTHER,Any other candidate to win Virginia,1,0.1,Nov/07/2012 03:13:20
745848,VA.2012.OTHER,Any other candidate to win Virginia,9,0.1,Nov/07/2012 03:13:52
745848,VA.2012.OTHER,Any other candidate to win Virginia,1,0.1,Nov/07/2012 03:13:52
745848,VA.2012.OTHER,Any other candidate to win Virginia,5,0.1,Nov/07/2012 03:15:01
745848,VA.2012.OTHER,Any other candidate to win Virginia,1,0.1,Nov/07/2012 03:15:20
745848,VA.2012.OTHER,Any other candidate to win Virginia,4,0.1,Nov/07/2012 03:15:20
745848,VA.2012.OTHER,Any other candidate to win Virginia,3,0.1,Nov/07/2012 03:15:54
745848,VA.2012.OTHER,Any other candidate to win Virginia,1,0.1,Nov/07/2012 03:22:37
745848,VA.2012.OTHER,Any other candidate to win Virginia,5,0.1,Nov/07/2012 03:22:37
745848,VA.2012.OTHER,Any other candidate to win Virginia,1,0.1,Nov/07/2012 04:23:29
745848,VA.2012.OTHER,Any other candidate to win Virginia,49,0.1,Nov/07/2012 04:23:49
