market id,market symbol,market name,trade quantity,trade price,date/time [utc]
754183,BEST.PIC:LOUD&CLOSE,Extremely Loud & Incredibly Close to win the Academy Award for Best Picture,5,10.0,Nov/24/2011 00:23:09
754183,BEST.PIC:LOUD&CLOSE,Extremely Loud & Incredibly Close to win the Academy Award for Best Picture,10,7.0,Nov/26/2011 00:10:11
754183,BEST.PIC:LOUD&CLOSE,Extremely Loud & Incredibly Close to win the Academy Award for Best Picture,1,7.0,Nov/26/2011 00:10:11
754183,BEST.PIC:LOUD&CLOSE,Extremely Loud & Incredibly Close to win the Academy Award for Best Picture,1,4.5,Nov/27/2011 05:01:23
754183,BEST.PIC:LOUD&CLOSE,Extremely Loud & Incredibly Close to win the Academy Award for Best Picture,19,4.9,Nov/27/2011 07:58:20
754183,BEST.PIC:LOUD&CLOSE,Extremely Loud & Incredibly Close to win the Academy Award for Best Picture,1,4.9,Nov/27/2011 07:58:20
754183,BEST.PIC:LOUD&CLOSE,Extremely Loud & Incredibly Close to win the Academy Award for Best Picture,10,5.0,Nov/27/2011 07:58:35
754183,BEST.PIC:LOUD&CLOSE,Extremely Loud & Incredibly Close to win the Academy Award for Best Picture,8,6.4,Nov/27/2011 08:10:59
754183,BEST.PIC:LOUD&CLOSE,Extremely Loud & Incredibly Close to win the Academy Award for Best Picture,20,6.4,Nov/27/2011 08:10:59
754183,BEST.PIC:LOUD&CLOSE,Extremely Loud & Incredibly Close to win the Academy Award for Best Picture,10,6.5,Nov/27/2011 09:27:20
754183,BEST.PIC:LOUD&CLOSE,Extremely Loud & Incredibly Close to win the Academy Award for Best Picture,1,6.5,Nov/27/2011 09:27:20
754183,BEST.PIC:LOUD&CLOSE,Extremely Loud & Incredibly Close to win the Academy Award for Best Picture,10,7.5,Nov/27/2011 09:27:37
754183,BEST.PIC:LOUD&CLOSE,Extremely Loud & Incredibly Close to win the Academy Award for Best Picture,5,7.5,Nov/27/2011 09:27:37
754183,BEST.PIC:LOUD&CLOSE,Extremely Loud & Incredibly Close to win the Academy Award for Best Picture,10,9.0,Nov/27/2011 10:24:14
754183,BEST.PIC:LOUD&CLOSE,Extremely Loud & Incredibly Close to win the Academy Award for Best Picture,8,9.0,Nov/27/2011 10:24:14
754183,BEST.PIC:LOUD&CLOSE,Extremely Loud & Incredibly Close to win the Academy Award for Best Picture,6,10.0,Nov/27/2011 10:24:38
754183,BEST.PIC:LOUD&CLOSE,Extremely Loud & Incredibly Close to win the Academy Award for Best Picture,30,10.0,Nov/27/2011 10:24:38
754183,BEST.PIC:LOUD&CLOSE,Extremely Loud & Incredibly Close to win the Academy Award for Best Picture,10,10.0,Nov/27/2011 10:24:38
754183,BEST.PIC:LOUD&CLOSE,Extremely Loud & Incredibly Close to win the Academy Award for Best Picture,10,7.0,Nov/28/2011 05:38:26
754183,BEST.PIC:LOUD&CLOSE,Extremely Loud & Incredibly Close to win the Academy Award for Best Picture,20,6.9,Nov/28/2011 05:38:26
754183,BEST.PIC:LOUD&CLOSE,Extremely Loud & Incredibly Close to win the Academy Award for Best Picture,10,8.0,Nov/28/2011 05:51:06
754183,BEST.PIC:LOUD&CLOSE,Extremely Loud & Incredibly Close to win the Academy Award for Best Picture,20,7.9,Nov/28/2011 05:51:06
754183,BEST.PIC:LOUD&CLOSE,Extremely Loud & Incredibly Close to win the Academy Award for Best Picture,10,7.5,Nov/29/2011 05:36:56
754183,BEST.PIC:LOUD&CLOSE,Extremely Loud & Incredibly Close to win the Academy Award for Best Picture,1,8.0,Nov/29/2011 09:41:17
754183,BEST.PIC:LOUD&CLOSE,Extremely Loud & Incredibly Close to win the Academy Award for Best Picture,9,8.0,Nov/29/2011 10:51:56
754183,BEST.PIC:LOUD&CLOSE,Extremely Loud & Incredibly Close to win the Academy Award for Best Picture,20,9.0,Nov/29/2011 16:33:56
754183,BEST.PIC:LOUD&CLOSE,Extremely Loud & Incredibly Close to win the Academy Award for Best Picture,1,9.9,Nov/29/2011 16:52:31
754183,BEST.PIC:LOUD&CLOSE,Extremely Loud & Incredibly Close to win the Academy Award for Best Picture,19,7.2,Nov/29/2011 17:07:23
754183,BEST.PIC:LOUD&CLOSE,Extremely Loud & Incredibly Close to win the Academy Award for Best Picture,10,8.0,Nov/29/2011 19:59:12
754183,BEST.PIC:LOUD&CLOSE,Extremely Loud & Incredibly Close to win the Academy Award for Best Picture,5,8.4,Nov/29/2011 19:59:12
754183,BEST.PIC:LOUD&CLOSE,Extremely Loud & Incredibly Close to win the Academy Award for Best Picture,5,8.0,Nov/29/2011 19:59:12
754183,BEST.PIC:LOUD&CLOSE,Extremely Loud & Incredibly Close to win the Academy Award for Best Picture,10,8.2,Nov/29/2011 19:59:12
754183,BEST.PIC:LOUD&CLOSE,Extremely Loud & Incredibly Close to win the Academy Award for Best Picture,40,7.0,Nov/30/2011 05:45:39
754183,BEST.PIC:LOUD&CLOSE,Extremely Loud & Incredibly Close to win the Academy Award for Best Picture,50,7.1,Nov/30/2011 05:45:39
754183,BEST.PIC:LOUD&CLOSE,Extremely Loud & Incredibly Close to win the Academy Award for Best Picture,10,7.4,Nov/30/2011 11:37:55
754183,BEST.PIC:LOUD&CLOSE,Extremely Loud & Incredibly Close to win the Academy Award for Best Picture,10,7.5,Nov/30/2011 11:38:07
754183,BEST.PIC:LOUD&CLOSE,Extremely Loud & Incredibly Close to win the Academy Award for Best Picture,5,6.5,Dec/01/2011 19:19:48
754183,BEST.PIC:LOUD&CLOSE,Extremely Loud & Incredibly Close to win the Academy Award for Best Picture,2,6.5,Dec/01/2011 19:21:13
754183,BEST.PIC:LOUD&CLOSE,Extremely Loud & Incredibly Close to win the Academy Award for Best Picture,1,6.2,Dec/01/2011 19:23:21
754183,BEST.PIC:LOUD&CLOSE,Extremely Loud & Incredibly Close to win the Academy Award for Best Picture,1,6.3,Dec/01/2011 19:23:21
754183,BEST.PIC:LOUD&CLOSE,Extremely Loud & Incredibly Close to win the Academy Award for Best Picture,1,6.4,Dec/01/2011 19:23:28
754183,BEST.PIC:LOUD&CLOSE,Extremely Loud & Incredibly Close to win the Academy Award for Best Picture,3,6.1,Dec/01/2011 19:26:06
754183,BEST.PIC:LOUD&CLOSE,Extremely Loud & Incredibly Close to win the Academy Award for Best Picture,1,6.3,Dec/01/2011 19:33:55
754183,BEST.PIC:LOUD&CLOSE,Extremely Loud & Incredibly Close to win the Academy Award for Best Picture,3,6.2,Dec/01/2011 19:33:55
754183,BEST.PIC:LOUD&CLOSE,Extremely Loud & Incredibly Close to win the Academy Award for Best Picture,3,6.3,Dec/01/2011 19:33:55
754183,BEST.PIC:LOUD&CLOSE,Extremely Loud & Incredibly Close to win the Academy Award for Best Picture,1,6.5,Dec/01/2011 19:33:55
754183,BEST.PIC:LOUD&CLOSE,Extremely Loud & Incredibly Close to win the Academy Award for Best Picture,1,6.4,Dec/01/2011 19:39:51
754183,BEST.PIC:LOUD&CLOSE,Extremely Loud & Incredibly Close to win the Academy Award for Best Picture,1,6.3,Dec/01/2011 19:39:51
754183,BEST.PIC:LOUD&CLOSE,Extremely Loud & Incredibly Close to win the Academy Award for Best Picture,1,6.2,Dec/01/2011 19:39:51
754183,BEST.PIC:LOUD&CLOSE,Extremely Loud & Incredibly Close to win the Academy Award for Best Picture,1,6.2,Dec/01/2011 19:40:50
754183,BEST.PIC:LOUD&CLOSE,Extremely Loud & Incredibly Close to win the Academy Award for Best Picture,2,6.3,Dec/01/2011 19:40:50
754183,BEST.PIC:LOUD&CLOSE,Extremely Loud & Incredibly Close to win the Academy Award for Best Picture,2,6.2,Dec/01/2011 20:44:53
754183,BEST.PIC:LOUD&CLOSE,Extremely Loud & Incredibly Close to win the Academy Award for Best Picture,3,6.2,Dec/01/2011 23:02:48
754183,BEST.PIC:LOUD&CLOSE,Extremely Loud & Incredibly Close to win the Academy Award for Best Picture,5,6.3,Dec/01/2011 23:03:01
754183,BEST.PIC:LOUD&CLOSE,Extremely Loud & Incredibly Close to win the Academy Award for Best Picture,8,6.1,Dec/02/2011 04:56:55
754183,BEST.PIC:LOUD&CLOSE,Extremely Loud & Incredibly Close to win the Academy Award for Best Picture,1,6.4,Dec/02/2011 14:45:01
754183,BEST.PIC:LOUD&CLOSE,Extremely Loud & Incredibly Close to win the Academy Award for Best Picture,8,6.3,Dec/02/2011 21:14:07
754183,BEST.PIC:LOUD&CLOSE,Extremely Loud & Incredibly Close to win the Academy Award for Best Picture,2,6.1,Dec/04/2011 16:03:55
754183,BEST.PIC:LOUD&CLOSE,Extremely Loud & Incredibly Close to win the Academy Award for Best Picture,2,6.3,Dec/04/2011 19:52:37
754183,BEST.PIC:LOUD&CLOSE,Extremely Loud & Incredibly Close to win the Academy Award for Best Picture,8,6.1,Dec/04/2011 19:52:37
754183,BEST.PIC:LOUD&CLOSE,Extremely Loud & Incredibly Close to win the Academy Award for Best Picture,1,6.5,Dec/04/2011 23:14:53
754183,BEST.PIC:LOUD&CLOSE,Extremely Loud & Incredibly Close to win the Academy Award for Best Picture,1,6.4,Dec/04/2011 23:14:53
754183,BEST.PIC:LOUD&CLOSE,Extremely Loud & Incredibly Close to win the Academy Award for Best Picture,8,6.3,Dec/04/2011 23:14:53
754183,BEST.PIC:LOUD&CLOSE,Extremely Loud & Incredibly Close to win the Academy Award for Best Picture,10,6.4,Dec/05/2011 21:20:56
754183,BEST.PIC:LOUD&CLOSE,Extremely Loud & Incredibly Close to win the Academy Award for Best Picture,20,6.1,Dec/07/2011 00:07:45
754183,BEST.PIC:LOUD&CLOSE,Extremely Loud & Incredibly Close to win the Academy Award for Best Picture,30,6.1,Dec/07/2011 05:36:52
754183,BEST.PIC:LOUD&CLOSE,Extremely Loud & Incredibly Close to win the Academy Award for Best Picture,92,6.1,Dec/07/2011 20:15:02
754183,BEST.PIC:LOUD&CLOSE,Extremely Loud & Incredibly Close to win the Academy Award for Best Picture,1,6.5,Dec/08/2011 03:59:46
754183,BEST.PIC:LOUD&CLOSE,Extremely Loud & Incredibly Close to win the Academy Award for Best Picture,10,6.5,Dec/08/2011 03:59:46
754183,BEST.PIC:LOUD&CLOSE,Extremely Loud & Incredibly Close to win the Academy Award for Best Picture,5,6.5,Dec/08/2011 03:59:46
754183,BEST.PIC:LOUD&CLOSE,Extremely Loud & Incredibly Close to win the Academy Award for Best Picture,5,6.7,Dec/08/2011 19:21:31
754183,BEST.PIC:LOUD&CLOSE,Extremely Loud & Incredibly Close to win the Academy Award for Best Picture,5,6.8,Dec/08/2011 19:21:31
754183,BEST.PIC:LOUD&CLOSE,Extremely Loud & Incredibly Close to win the Academy Award for Best Picture,2,6.9,Dec/08/2011 19:21:31
754183,BEST.PIC:LOUD&CLOSE,Extremely Loud & Incredibly Close to win the Academy Award for Best Picture,2,6.7,Dec/08/2011 19:21:31
754183,BEST.PIC:LOUD&CLOSE,Extremely Loud & Incredibly Close to win the Academy Award for Best Picture,10,6.9,Dec/10/2011 18:24:20
754183,BEST.PIC:LOUD&CLOSE,Extremely Loud & Incredibly Close to win the Academy Award for Best Picture,3,7.0,Dec/10/2011 18:44:00
754183,BEST.PIC:LOUD&CLOSE,Extremely Loud & Incredibly Close to win the Academy Award for Best Picture,1,7.0,Dec/10/2011 18:44:00
754183,BEST.PIC:LOUD&CLOSE,Extremely Loud & Incredibly Close to win the Academy Award for Best Picture,10,5.5,Dec/12/2011 17:50:21
754183,BEST.PIC:LOUD&CLOSE,Extremely Loud & Incredibly Close to win the Academy Award for Best Picture,1,5.5,Dec/12/2011 17:50:21
754183,BEST.PIC:LOUD&CLOSE,Extremely Loud & Incredibly Close to win the Academy Award for Best Picture,12,5.5,Dec/12/2011 17:50:21
754183,BEST.PIC:LOUD&CLOSE,Extremely Loud & Incredibly Close to win the Academy Award for Best Picture,10,5.8,Dec/12/2011 17:50:33
754183,BEST.PIC:LOUD&CLOSE,Extremely Loud & Incredibly Close to win the Academy Award for Best Picture,1,5.8,Dec/12/2011 17:50:33
754183,BEST.PIC:LOUD&CLOSE,Extremely Loud & Incredibly Close to win the Academy Award for Best Picture,10,5.0,Dec/12/2011 19:36:47
754183,BEST.PIC:LOUD&CLOSE,Extremely Loud & Incredibly Close to win the Academy Award for Best Picture,10,5.0,Dec/13/2011 05:52:01
754183,BEST.PIC:LOUD&CLOSE,Extremely Loud & Incredibly Close to win the Academy Award for Best Picture,1,5.0,Dec/13/2011 05:52:01
754183,BEST.PIC:LOUD&CLOSE,Extremely Loud & Incredibly Close to win the Academy Award for Best Picture,5,5.1,Dec/13/2011 05:52:18
754183,BEST.PIC:LOUD&CLOSE,Extremely Loud & Incredibly Close to win the Academy Award for Best Picture,5,5.2,Dec/13/2011 05:52:30
754183,BEST.PIC:LOUD&CLOSE,Extremely Loud & Incredibly Close to win the Academy Award for Best Picture,5,5.3,Dec/13/2011 05:53:01
754183,BEST.PIC:LOUD&CLOSE,Extremely Loud & Incredibly Close to win the Academy Award for Best Picture,5,5.4,Dec/14/2011 01:29:13
754183,BEST.PIC:LOUD&CLOSE,Extremely Loud & Incredibly Close to win the Academy Award for Best Picture,5,5.4,Dec/14/2011 03:14:56
754183,BEST.PIC:LOUD&CLOSE,Extremely Loud & Incredibly Close to win the Academy Award for Best Picture,1,5.4,Dec/14/2011 03:14:56
754183,BEST.PIC:LOUD&CLOSE,Extremely Loud & Incredibly Close to win the Academy Award for Best Picture,10,5.0,Dec/14/2011 15:34:53
754183,BEST.PIC:LOUD&CLOSE,Extremely Loud & Incredibly Close to win the Academy Award for Best Picture,15,5.0,Dec/14/2011 15:42:06
754183,BEST.PIC:LOUD&CLOSE,Extremely Loud & Incredibly Close to win the Academy Award for Best Picture,14,5.0,Dec/14/2011 19:52:08
754183,BEST.PIC:LOUD&CLOSE,Extremely Loud & Incredibly Close to win the Academy Award for Best Picture,5,5.4,Dec/15/2011 00:56:46
754183,BEST.PIC:LOUD&CLOSE,Extremely Loud & Incredibly Close to win the Academy Award for Best Picture,15,5.1,Dec/15/2011 13:47:49
754183,BEST.PIC:LOUD&CLOSE,Extremely Loud & Incredibly Close to win the Academy Award for Best Picture,36,5.0,Dec/15/2011 13:48:08
754183,BEST.PIC:LOUD&CLOSE,Extremely Loud & Incredibly Close to win the Academy Award for Best Picture,10,4.0,Dec/15/2011 19:39:51
754183,BEST.PIC:LOUD&CLOSE,Extremely Loud & Incredibly Close to win the Academy Award for Best Picture,23,4.4,Dec/16/2011 03:30:36
754183,BEST.PIC:LOUD&CLOSE,Extremely Loud & Incredibly Close to win the Academy Award for Best Picture,1,4.4,Dec/16/2011 03:30:36
754183,BEST.PIC:LOUD&CLOSE,Extremely Loud & Incredibly Close to win the Academy Award for Best Picture,10,4.6,Dec/16/2011 03:32:38
754183,BEST.PIC:LOUD&CLOSE,Extremely Loud & Incredibly Close to win the Academy Award for Best Picture,1,4.6,Dec/16/2011 03:32:38
754183,BEST.PIC:LOUD&CLOSE,Extremely Loud & Incredibly Close to win the Academy Award for Best Picture,10,4.5,Dec/16/2011 03:32:38
754183,BEST.PIC:LOUD&CLOSE,Extremely Loud & Incredibly Close to win the Academy Award for Best Picture,9,4.8,Dec/16/2011 03:32:38
754183,BEST.PIC:LOUD&CLOSE,Extremely Loud & Incredibly Close to win the Academy Award for Best Picture,10,4.7,Dec/16/2011 03:32:38
754183,BEST.PIC:LOUD&CLOSE,Extremely Loud & Incredibly Close to win the Academy Award for Best Picture,1,4.8,Dec/16/2011 03:36:42
754183,BEST.PIC:LOUD&CLOSE,Extremely Loud & Incredibly Close to win the Academy Award for Best Picture,8,5.0,Dec/16/2011 03:36:42
754183,BEST.PIC:LOUD&CLOSE,Extremely Loud & Incredibly Close to win the Academy Award for Best Picture,1,4.8,Dec/16/2011 03:36:42
754183,BEST.PIC:LOUD&CLOSE,Extremely Loud & Incredibly Close to win the Academy Award for Best Picture,2,5.0,Dec/16/2011 19:15:45
754183,BEST.PIC:LOUD&CLOSE,Extremely Loud & Incredibly Close to win the Academy Award for Best Picture,2,5.0,Dec/16/2011 19:15:45
754183,BEST.PIC:LOUD&CLOSE,Extremely Loud & Incredibly Close to win the Academy Award for Best Picture,10,5.0,Dec/16/2011 19:15:45
754183,BEST.PIC:LOUD&CLOSE,Extremely Loud & Incredibly Close to win the Academy Award for Best Picture,1,5.0,Dec/16/2011 19:15:45
754183,BEST.PIC:LOUD&CLOSE,Extremely Loud & Incredibly Close to win the Academy Award for Best Picture,20,4.1,Dec/17/2011 16:53:12
754183,BEST.PIC:LOUD&CLOSE,Extremely Loud & Incredibly Close to win the Academy Award for Best Picture,20,4.5,Dec/17/2011 19:03:46
754183,BEST.PIC:LOUD&CLOSE,Extremely Loud & Incredibly Close to win the Academy Award for Best Picture,16,4.9,Dec/19/2011 02:25:10
754183,BEST.PIC:LOUD&CLOSE,Extremely Loud & Incredibly Close to win the Academy Award for Best Picture,35,4.1,Dec/19/2011 16:31:35
754183,BEST.PIC:LOUD&CLOSE,Extremely Loud & Incredibly Close to win the Academy Award for Best Picture,26,4.0,Dec/19/2011 17:54:53
754183,BEST.PIC:LOUD&CLOSE,Extremely Loud & Incredibly Close to win the Academy Award for Best Picture,50,3.5,Dec/19/2011 18:01:40
754183,BEST.PIC:LOUD&CLOSE,Extremely Loud & Incredibly Close to win the Academy Award for Best Picture,5,3.6,Dec/19/2011 18:44:23
754183,BEST.PIC:LOUD&CLOSE,Extremely Loud & Incredibly Close to win the Academy Award for Best Picture,1,3.6,Dec/19/2011 23:05:35
754183,BEST.PIC:LOUD&CLOSE,Extremely Loud & Incredibly Close to win the Academy Award for Best Picture,9,3.6,Dec/19/2011 23:05:35
754183,BEST.PIC:LOUD&CLOSE,Extremely Loud & Incredibly Close to win the Academy Award for Best Picture,20,3.9,Dec/20/2011 04:33:08
754183,BEST.PIC:LOUD&CLOSE,Extremely Loud & Incredibly Close to win the Academy Award for Best Picture,1,3.9,Dec/20/2011 04:33:08
754183,BEST.PIC:LOUD&CLOSE,Extremely Loud & Incredibly Close to win the Academy Award for Best Picture,50,4.0,Dec/20/2011 04:33:33
754183,BEST.PIC:LOUD&CLOSE,Extremely Loud & Incredibly Close to win the Academy Award for Best Picture,15,4.1,Dec/20/2011 05:05:44
754183,BEST.PIC:LOUD&CLOSE,Extremely Loud & Incredibly Close to win the Academy Award for Best Picture,1,4.1,Dec/20/2011 05:05:44
754183,BEST.PIC:LOUD&CLOSE,Extremely Loud & Incredibly Close to win the Academy Award for Best Picture,10,4.2,Dec/20/2011 05:05:54
754183,BEST.PIC:LOUD&CLOSE,Extremely Loud & Incredibly Close to win the Academy Award for Best Picture,10,4.5,Dec/20/2011 05:06:10
754183,BEST.PIC:LOUD&CLOSE,Extremely Loud & Incredibly Close to win the Academy Award for Best Picture,2,4.5,Dec/20/2011 05:06:10
754183,BEST.PIC:LOUD&CLOSE,Extremely Loud & Incredibly Close to win the Academy Award for Best Picture,10,4.6,Dec/20/2011 05:06:21
754183,BEST.PIC:LOUD&CLOSE,Extremely Loud & Incredibly Close to win the Academy Award for Best Picture,10,4.8,Dec/20/2011 05:06:37
754183,BEST.PIC:LOUD&CLOSE,Extremely Loud & Incredibly Close to win the Academy Award for Best Picture,1,4.8,Dec/20/2011 05:06:37
754183,BEST.PIC:LOUD&CLOSE,Extremely Loud & Incredibly Close to win the Academy Award for Best Picture,1,5.0,Dec/20/2011 05:06:56
754183,BEST.PIC:LOUD&CLOSE,Extremely Loud & Incredibly Close to win the Academy Award for Best Picture,10,5.0,Dec/20/2011 05:06:56
754183,BEST.PIC:LOUD&CLOSE,Extremely Loud & Incredibly Close to win the Academy Award for Best Picture,1,5.8,Dec/20/2011 10:43:47
754183,BEST.PIC:LOUD&CLOSE,Extremely Loud & Incredibly Close to win the Academy Award for Best Picture,1,5.5,Dec/20/2011 10:43:47
754183,BEST.PIC:LOUD&CLOSE,Extremely Loud & Incredibly Close to win the Academy Award for Best Picture,10,5.5,Dec/20/2011 10:43:47
754183,BEST.PIC:LOUD&CLOSE,Extremely Loud & Incredibly Close to win the Academy Award for Best Picture,10,5.5,Dec/20/2011 10:43:47
754183,BEST.PIC:LOUD&CLOSE,Extremely Loud & Incredibly Close to win the Academy Award for Best Picture,10,5.8,Dec/20/2011 10:43:47
754183,BEST.PIC:LOUD&CLOSE,Extremely Loud & Incredibly Close to win the Academy Award for Best Picture,26,5.9,Dec/20/2011 16:14:58
754183,BEST.PIC:LOUD&CLOSE,Extremely Loud & Incredibly Close to win the Academy Award for Best Picture,1,5.9,Dec/20/2011 16:14:58
754183,BEST.PIC:LOUD&CLOSE,Extremely Loud & Incredibly Close to win the Academy Award for Best Picture,3,6.0,Dec/20/2011 16:14:58
754183,BEST.PIC:LOUD&CLOSE,Extremely Loud & Incredibly Close to win the Academy Award for Best Picture,10,6.0,Dec/20/2011 16:14:58
754183,BEST.PIC:LOUD&CLOSE,Extremely Loud & Incredibly Close to win the Academy Award for Best Picture,10,6.0,Dec/20/2011 16:14:58
754183,BEST.PIC:LOUD&CLOSE,Extremely Loud & Incredibly Close to win the Academy Award for Best Picture,5,5.0,Dec/21/2011 16:40:39
754183,BEST.PIC:LOUD&CLOSE,Extremely Loud & Incredibly Close to win the Academy Award for Best Picture,5,5.0,Dec/22/2011 00:23:16
754183,BEST.PIC:LOUD&CLOSE,Extremely Loud & Incredibly Close to win the Academy Award for Best Picture,20,5.0,Dec/22/2011 08:32:52
754183,BEST.PIC:LOUD&CLOSE,Extremely Loud & Incredibly Close to win the Academy Award for Best Picture,1,5.0,Dec/22/2011 08:32:52
754183,BEST.PIC:LOUD&CLOSE,Extremely Loud & Incredibly Close to win the Academy Award for Best Picture,20,5.5,Dec/22/2011 22:30:40
754183,BEST.PIC:LOUD&CLOSE,Extremely Loud & Incredibly Close to win the Academy Award for Best Picture,10,5.5,Dec/22/2011 22:30:40
754183,BEST.PIC:LOUD&CLOSE,Extremely Loud & Incredibly Close to win the Academy Award for Best Picture,14,5.0,Dec/24/2011 18:00:05
754183,BEST.PIC:LOUD&CLOSE,Extremely Loud & Incredibly Close to win the Academy Award for Best Picture,1,3.5,Dec/24/2011 21:26:04
754183,BEST.PIC:LOUD&CLOSE,Extremely Loud & Incredibly Close to win the Academy Award for Best Picture,3,3.6,Dec/25/2011 23:48:22
754183,BEST.PIC:LOUD&CLOSE,Extremely Loud & Incredibly Close to win the Academy Award for Best Picture,49,3.5,Dec/26/2011 09:18:28
754183,BEST.PIC:LOUD&CLOSE,Extremely Loud & Incredibly Close to win the Academy Award for Best Picture,52,3.6,Dec/26/2011 09:18:28
754183,BEST.PIC:LOUD&CLOSE,Extremely Loud & Incredibly Close to win the Academy Award for Best Picture,2,5.0,Dec/27/2011 12:45:36
754183,BEST.PIC:LOUD&CLOSE,Extremely Loud & Incredibly Close to win the Academy Award for Best Picture,3,4.0,Dec/29/2011 05:31:20
754183,BEST.PIC:LOUD&CLOSE,Extremely Loud & Incredibly Close to win the Academy Award for Best Picture,1,4.0,Dec/30/2011 00:39:34
754183,BEST.PIC:LOUD&CLOSE,Extremely Loud & Incredibly Close to win the Academy Award for Best Picture,47,4.0,Dec/30/2011 00:39:34
754183,BEST.PIC:LOUD&CLOSE,Extremely Loud & Incredibly Close to win the Academy Award for Best Picture,8,5.0,Dec/30/2011 00:39:57
754183,BEST.PIC:LOUD&CLOSE,Extremely Loud & Incredibly Close to win the Academy Award for Best Picture,5,5.0,Dec/30/2011 00:39:57
754183,BEST.PIC:LOUD&CLOSE,Extremely Loud & Incredibly Close to win the Academy Award for Best Picture,10,2.3,Dec/30/2011 11:43:13
754183,BEST.PIC:LOUD&CLOSE,Extremely Loud & Incredibly Close to win the Academy Award for Best Picture,10,4.0,Dec/30/2011 15:13:32
754183,BEST.PIC:LOUD&CLOSE,Extremely Loud & Incredibly Close to win the Academy Award for Best Picture,40,4.0,Dec/30/2011 15:13:32
754183,BEST.PIC:LOUD&CLOSE,Extremely Loud & Incredibly Close to win the Academy Award for Best Picture,4,4.5,Dec/30/2011 16:21:40
754183,BEST.PIC:LOUD&CLOSE,Extremely Loud & Incredibly Close to win the Academy Award for Best Picture,6,4.5,Dec/30/2011 16:42:40
754183,BEST.PIC:LOUD&CLOSE,Extremely Loud & Incredibly Close to win the Academy Award for Best Picture,15,4.5,Dec/30/2011 19:00:24
754183,BEST.PIC:LOUD&CLOSE,Extremely Loud & Incredibly Close to win the Academy Award for Best Picture,1,3.2,Dec/30/2011 22:44:52
754183,BEST.PIC:LOUD&CLOSE,Extremely Loud & Incredibly Close to win the Academy Award for Best Picture,1,3.1,Dec/30/2011 22:44:52
754183,BEST.PIC:LOUD&CLOSE,Extremely Loud & Incredibly Close to win the Academy Award for Best Picture,1,3.3,Dec/30/2011 22:44:52
754183,BEST.PIC:LOUD&CLOSE,Extremely Loud & Incredibly Close to win the Academy Award for Best Picture,1,3.4,Dec/30/2011 22:44:52
754183,BEST.PIC:LOUD&CLOSE,Extremely Loud & Incredibly Close to win the Academy Award for Best Picture,80,3.2,Jan/01/2012 01:16:52
754183,BEST.PIC:LOUD&CLOSE,Extremely Loud & Incredibly Close to win the Academy Award for Best Picture,5,2.3,Jan/01/2012 01:17:47
754183,BEST.PIC:LOUD&CLOSE,Extremely Loud & Incredibly Close to win the Academy Award for Best Picture,7,2.4,Jan/01/2012 01:17:47
754183,BEST.PIC:LOUD&CLOSE,Extremely Loud & Incredibly Close to win the Academy Award for Best Picture,1,2.5,Jan/01/2012 01:17:47
754183,BEST.PIC:LOUD&CLOSE,Extremely Loud & Incredibly Close to win the Academy Award for Best Picture,3,2.6,Jan/01/2012 01:17:47
754183,BEST.PIC:LOUD&CLOSE,Extremely Loud & Incredibly Close to win the Academy Award for Best Picture,4,2.8,Jan/01/2012 01:17:47
754183,BEST.PIC:LOUD&CLOSE,Extremely Loud & Incredibly Close to win the Academy Award for Best Picture,2,3.0,Jan/01/2012 01:17:47
754183,BEST.PIC:LOUD&CLOSE,Extremely Loud & Incredibly Close to win the Academy Award for Best Picture,1,2.0,Jan/01/2012 01:17:47
754183,BEST.PIC:LOUD&CLOSE,Extremely Loud & Incredibly Close to win the Academy Award for Best Picture,3,4.5,Jan/01/2012 01:19:14
754183,BEST.PIC:LOUD&CLOSE,Extremely Loud & Incredibly Close to win the Academy Award for Best Picture,35,3.5,Jan/02/2012 04:23:57
754183,BEST.PIC:LOUD&CLOSE,Extremely Loud & Incredibly Close to win the Academy Award for Best Picture,1,2.0,Jan/03/2012 00:51:00
754183,BEST.PIC:LOUD&CLOSE,Extremely Loud & Incredibly Close to win the Academy Award for Best Picture,5,3.7,Jan/03/2012 06:25:33
754183,BEST.PIC:LOUD&CLOSE,Extremely Loud & Incredibly Close to win the Academy Award for Best Picture,7,2.0,Jan/03/2012 17:28:36
754183,BEST.PIC:LOUD&CLOSE,Extremely Loud & Incredibly Close to win the Academy Award for Best Picture,93,2.0,Jan/03/2012 17:30:14
754183,BEST.PIC:LOUD&CLOSE,Extremely Loud & Incredibly Close to win the Academy Award for Best Picture,4,1.5,Jan/03/2012 17:56:34
754183,BEST.PIC:LOUD&CLOSE,Extremely Loud & Incredibly Close to win the Academy Award for Best Picture,4,1.5,Jan/03/2012 18:21:18
754183,BEST.PIC:LOUD&CLOSE,Extremely Loud & Incredibly Close to win the Academy Award for Best Picture,1,1.0,Jan/03/2012 18:21:33
754183,BEST.PIC:LOUD&CLOSE,Extremely Loud & Incredibly Close to win the Academy Award for Best Picture,3,1.1,Jan/04/2012 07:15:42
754183,BEST.PIC:LOUD&CLOSE,Extremely Loud & Incredibly Close to win the Academy Award for Best Picture,1,3.0,Jan/06/2012 01:40:31
754183,BEST.PIC:LOUD&CLOSE,Extremely Loud & Incredibly Close to win the Academy Award for Best Picture,10,3.0,Jan/06/2012 01:40:31
754183,BEST.PIC:LOUD&CLOSE,Extremely Loud & Incredibly Close to win the Academy Award for Best Picture,95,3.7,Jan/06/2012 01:44:19
754183,BEST.PIC:LOUD&CLOSE,Extremely Loud & Incredibly Close to win the Academy Award for Best Picture,3,3.7,Jan/06/2012 01:44:19
754183,BEST.PIC:LOUD&CLOSE,Extremely Loud & Incredibly Close to win the Academy Award for Best Picture,1,4.0,Jan/06/2012 01:44:47
754183,BEST.PIC:LOUD&CLOSE,Extremely Loud & Incredibly Close to win the Academy Award for Best Picture,100,4.0,Jan/06/2012 01:44:47
754183,BEST.PIC:LOUD&CLOSE,Extremely Loud & Incredibly Close to win the Academy Award for Best Picture,2,4.0,Jan/06/2012 01:44:47
754183,BEST.PIC:LOUD&CLOSE,Extremely Loud & Incredibly Close to win the Academy Award for Best Picture,5,3.5,Jan/07/2012 05:28:52
754183,BEST.PIC:LOUD&CLOSE,Extremely Loud & Incredibly Close to win the Academy Award for Best Picture,1,2.5,Jan/08/2012 16:03:01
754183,BEST.PIC:LOUD&CLOSE,Extremely Loud & Incredibly Close to win the Academy Award for Best Picture,10,2.5,Jan/08/2012 16:03:01
754183,BEST.PIC:LOUD&CLOSE,Extremely Loud & Incredibly Close to win the Academy Award for Best Picture,1,3.0,Jan/09/2012 02:15:07
754183,BEST.PIC:LOUD&CLOSE,Extremely Loud & Incredibly Close to win the Academy Award for Best Picture,10,3.0,Jan/09/2012 02:15:46
754183,BEST.PIC:LOUD&CLOSE,Extremely Loud & Incredibly Close to win the Academy Award for Best Picture,19,3.0,Jan/09/2012 02:16:51
754183,BEST.PIC:LOUD&CLOSE,Extremely Loud & Incredibly Close to win the Academy Award for Best Picture,1,3.0,Jan/09/2012 02:16:51
754183,BEST.PIC:LOUD&CLOSE,Extremely Loud & Incredibly Close to win the Academy Award for Best Picture,13,3.0,Jan/09/2012 15:20:08
754183,BEST.PIC:LOUD&CLOSE,Extremely Loud & Incredibly Close to win the Academy Award for Best Picture,1,2.5,Jan/10/2012 04:38:32
754183,BEST.PIC:LOUD&CLOSE,Extremely Loud & Incredibly Close to win the Academy Award for Best Picture,10,2.5,Jan/10/2012 04:38:32
754183,BEST.PIC:LOUD&CLOSE,Extremely Loud & Incredibly Close to win the Academy Award for Best Picture,10,2.0,Jan/10/2012 19:12:26
754183,BEST.PIC:LOUD&CLOSE,Extremely Loud & Incredibly Close to win the Academy Award for Best Picture,20,2.0,Jan/12/2012 00:46:38
754183,BEST.PIC:LOUD&CLOSE,Extremely Loud & Incredibly Close to win the Academy Award for Best Picture,1,1.2,Jan/12/2012 08:31:56
754183,BEST.PIC:LOUD&CLOSE,Extremely Loud & Incredibly Close to win the Academy Award for Best Picture,10,1.5,Jan/12/2012 17:16:57
754183,BEST.PIC:LOUD&CLOSE,Extremely Loud & Incredibly Close to win the Academy Award for Best Picture,1,1.5,Jan/12/2012 17:16:57
754183,BEST.PIC:LOUD&CLOSE,Extremely Loud & Incredibly Close to win the Academy Award for Best Picture,85,1.1,Jan/13/2012 02:43:25
754183,BEST.PIC:LOUD&CLOSE,Extremely Loud & Incredibly Close to win the Academy Award for Best Picture,10,1.0,Jan/13/2012 02:43:37
754183,BEST.PIC:LOUD&CLOSE,Extremely Loud & Incredibly Close to win the Academy Award for Best Picture,1,1.0,Jan/13/2012 13:50:34
754183,BEST.PIC:LOUD&CLOSE,Extremely Loud & Incredibly Close to win the Academy Award for Best Picture,50,1.0,Jan/13/2012 13:50:34
754183,BEST.PIC:LOUD&CLOSE,Extremely Loud & Incredibly Close to win the Academy Award for Best Picture,1,1.2,Jan/13/2012 13:58:11
754183,BEST.PIC:LOUD&CLOSE,Extremely Loud & Incredibly Close to win the Academy Award for Best Picture,10,1.2,Jan/13/2012 13:58:11
754183,BEST.PIC:LOUD&CLOSE,Extremely Loud & Incredibly Close to win the Academy Award for Best Picture,100,1.3,Jan/13/2012 13:58:31
754183,BEST.PIC:LOUD&CLOSE,Extremely Loud & Incredibly Close to win the Academy Award for Best Picture,1,1.0,Jan/14/2012 03:06:41
754183,BEST.PIC:LOUD&CLOSE,Extremely Loud & Incredibly Close to win the Academy Award for Best Picture,50,1.0,Jan/14/2012 03:06:41
754183,BEST.PIC:LOUD&CLOSE,Extremely Loud & Incredibly Close to win the Academy Award for Best Picture,1,1.3,Jan/14/2012 11:02:12
754183,BEST.PIC:LOUD&CLOSE,Extremely Loud & Incredibly Close to win the Academy Award for Best Picture,100,1.3,Jan/14/2012 11:02:12
754183,BEST.PIC:LOUD&CLOSE,Extremely Loud & Incredibly Close to win the Academy Award for Best Picture,1,0.5,Jan/14/2012 23:07:43
754183,BEST.PIC:LOUD&CLOSE,Extremely Loud & Incredibly Close to win the Academy Award for Best Picture,10,0.5,Jan/14/2012 23:07:43
754183,BEST.PIC:LOUD&CLOSE,Extremely Loud & Incredibly Close to win the Academy Award for Best Picture,20,0.7,Jan/14/2012 23:09:03
754183,BEST.PIC:LOUD&CLOSE,Extremely Loud & Incredibly Close to win the Academy Award for Best Picture,1,0.7,Jan/14/2012 23:09:03
754183,BEST.PIC:LOUD&CLOSE,Extremely Loud & Incredibly Close to win the Academy Award for Best Picture,20,0.8,Jan/14/2012 23:11:28
754183,BEST.PIC:LOUD&CLOSE,Extremely Loud & Incredibly Close to win the Academy Award for Best Picture,1,0.8,Jan/14/2012 23:11:28
754183,BEST.PIC:LOUD&CLOSE,Extremely Loud & Incredibly Close to win the Academy Award for Best Picture,100,0.9,Jan/15/2012 00:22:04
754183,BEST.PIC:LOUD&CLOSE,Extremely Loud & Incredibly Close to win the Academy Award for Best Picture,3,1.5,Jan/16/2012 03:52:59
754183,BEST.PIC:LOUD&CLOSE,Extremely Loud & Incredibly Close to win the Academy Award for Best Picture,1,1.4,Jan/16/2012 03:59:09
754183,BEST.PIC:LOUD&CLOSE,Extremely Loud & Incredibly Close to win the Academy Award for Best Picture,1,1.3,Jan/16/2012 03:59:09
754183,BEST.PIC:LOUD&CLOSE,Extremely Loud & Incredibly Close to win the Academy Award for Best Picture,1,1.2,Jan/16/2012 03:59:09
754183,BEST.PIC:LOUD&CLOSE,Extremely Loud & Incredibly Close to win the Academy Award for Best Picture,1,1.1,Jan/16/2012 03:59:09
754183,BEST.PIC:LOUD&CLOSE,Extremely Loud & Incredibly Close to win the Academy Award for Best Picture,1,1.0,Jan/16/2012 03:59:09
754183,BEST.PIC:LOUD&CLOSE,Extremely Loud & Incredibly Close to win the Academy Award for Best Picture,1,0.9,Jan/16/2012 03:59:09
754183,BEST.PIC:LOUD&CLOSE,Extremely Loud & Incredibly Close to win the Academy Award for Best Picture,1,0.8,Jan/16/2012 03:59:38
754183,BEST.PIC:LOUD&CLOSE,Extremely Loud & Incredibly Close to win the Academy Award for Best Picture,1,0.7,Jan/16/2012 04:00:56
754183,BEST.PIC:LOUD&CLOSE,Extremely Loud & Incredibly Close to win the Academy Award for Best Picture,18,0.6,Jan/16/2012 04:00:56
754183,BEST.PIC:LOUD&CLOSE,Extremely Loud & Incredibly Close to win the Academy Award for Best Picture,21,0.5,Jan/16/2012 04:05:29
754183,BEST.PIC:LOUD&CLOSE,Extremely Loud & Incredibly Close to win the Academy Award for Best Picture,12,0.6,Jan/16/2012 04:05:29
754183,BEST.PIC:LOUD&CLOSE,Extremely Loud & Incredibly Close to win the Academy Award for Best Picture,1,0.7,Jan/16/2012 18:07:24
754183,BEST.PIC:LOUD&CLOSE,Extremely Loud & Incredibly Close to win the Academy Award for Best Picture,17,0.7,Jan/16/2012 23:34:56
754183,BEST.PIC:LOUD&CLOSE,Extremely Loud & Incredibly Close to win the Academy Award for Best Picture,2,0.7,Jan/17/2012 17:14:13
754183,BEST.PIC:LOUD&CLOSE,Extremely Loud & Incredibly Close to win the Academy Award for Best Picture,55,0.7,Jan/17/2012 19:23:29
754183,BEST.PIC:LOUD&CLOSE,Extremely Loud & Incredibly Close to win the Academy Award for Best Picture,42,0.4,Jan/17/2012 22:08:41
754183,BEST.PIC:LOUD&CLOSE,Extremely Loud & Incredibly Close to win the Academy Award for Best Picture,5,0.4,Jan/17/2012 23:19:54
754183,BEST.PIC:LOUD&CLOSE,Extremely Loud & Incredibly Close to win the Academy Award for Best Picture,1,1.0,Jan/19/2012 23:42:58
754183,BEST.PIC:LOUD&CLOSE,Extremely Loud & Incredibly Close to win the Academy Award for Best Picture,30,1.0,Jan/19/2012 23:42:58
754183,BEST.PIC:LOUD&CLOSE,Extremely Loud & Incredibly Close to win the Academy Award for Best Picture,8,0.6,Jan/20/2012 14:54:20
754183,BEST.PIC:LOUD&CLOSE,Extremely Loud & Incredibly Close to win the Academy Award for Best Picture,10,0.6,Jan/20/2012 15:09:42
754183,BEST.PIC:LOUD&CLOSE,Extremely Loud & Incredibly Close to win the Academy Award for Best Picture,17,0.6,Jan/21/2012 04:44:29
754183,BEST.PIC:LOUD&CLOSE,Extremely Loud & Incredibly Close to win the Academy Award for Best Picture,20,0.6,Jan/21/2012 21:26:31
754183,BEST.PIC:LOUD&CLOSE,Extremely Loud & Incredibly Close to win the Academy Award for Best Picture,85,0.6,Jan/21/2012 23:58:55
754183,BEST.PIC:LOUD&CLOSE,Extremely Loud & Incredibly Close to win the Academy Award for Best Picture,50,0.3,Jan/22/2012 00:05:38
754183,BEST.PIC:LOUD&CLOSE,Extremely Loud & Incredibly Close to win the Academy Award for Best Picture,47,0.2,Jan/22/2012 00:05:38
754183,BEST.PIC:LOUD&CLOSE,Extremely Loud & Incredibly Close to win the Academy Award for Best Picture,3,0.2,Jan/22/2012 08:01:12
754183,BEST.PIC:LOUD&CLOSE,Extremely Loud & Incredibly Close to win the Academy Award for Best Picture,25,0.5,Jan/22/2012 22:30:56
754183,BEST.PIC:LOUD&CLOSE,Extremely Loud & Incredibly Close to win the Academy Award for Best Picture,10,0.5,Jan/24/2012 13:46:24
754183,BEST.PIC:LOUD&CLOSE,Extremely Loud & Incredibly Close to win the Academy Award for Best Picture,50,0.5,Jan/24/2012 13:46:24
754183,BEST.PIC:LOUD&CLOSE,Extremely Loud & Incredibly Close to win the Academy Award for Best Picture,1,1.0,Jan/24/2012 13:46:36
754183,BEST.PIC:LOUD&CLOSE,Extremely Loud & Incredibly Close to win the Academy Award for Best Picture,7,1.5,Jan/24/2012 13:46:36
754183,BEST.PIC:LOUD&CLOSE,Extremely Loud & Incredibly Close to win the Academy Award for Best Picture,20,1.5,Jan/24/2012 13:46:36
754183,BEST.PIC:LOUD&CLOSE,Extremely Loud & Incredibly Close to win the Academy Award for Best Picture,30,1.0,Jan/24/2012 13:46:36
754183,BEST.PIC:LOUD&CLOSE,Extremely Loud & Incredibly Close to win the Academy Award for Best Picture,2,1.5,Jan/24/2012 13:46:36
754183,BEST.PIC:LOUD&CLOSE,Extremely Loud & Incredibly Close to win the Academy Award for Best Picture,20,1.0,Jan/24/2012 13:46:36
754183,BEST.PIC:LOUD&CLOSE,Extremely Loud & Incredibly Close to win the Academy Award for Best Picture,20,1.5,Jan/24/2012 14:04:02
754183,BEST.PIC:LOUD&CLOSE,Extremely Loud & Incredibly Close to win the Academy Award for Best Picture,40,1.5,Jan/24/2012 15:01:52
754183,BEST.PIC:LOUD&CLOSE,Extremely Loud & Incredibly Close to win the Academy Award for Best Picture,15,1.5,Jan/24/2012 18:55:54
754183,BEST.PIC:LOUD&CLOSE,Extremely Loud & Incredibly Close to win the Academy Award for Best Picture,30,1.0,Jan/25/2012 21:01:43
754183,BEST.PIC:LOUD&CLOSE,Extremely Loud & Incredibly Close to win the Academy Award for Best Picture,9,1.0,Jan/26/2012 01:04:22
754183,BEST.PIC:LOUD&CLOSE,Extremely Loud & Incredibly Close to win the Academy Award for Best Picture,1,1.0,Jan/26/2012 01:04:22
754183,BEST.PIC:LOUD&CLOSE,Extremely Loud & Incredibly Close to win the Academy Award for Best Picture,8,1.0,Jan/26/2012 03:09:38
754183,BEST.PIC:LOUD&CLOSE,Extremely Loud & Incredibly Close to win the Academy Award for Best Picture,1,1.0,Jan/26/2012 03:09:38
754183,BEST.PIC:LOUD&CLOSE,Extremely Loud & Incredibly Close to win the Academy Award for Best Picture,1,1.0,Jan/26/2012 06:54:56
754183,BEST.PIC:LOUD&CLOSE,Extremely Loud & Incredibly Close to win the Academy Award for Best Picture,11,1.0,Jan/26/2012 09:03:41
754183,BEST.PIC:LOUD&CLOSE,Extremely Loud & Incredibly Close to win the Academy Award for Best Picture,1,1.0,Jan/26/2012 21:27:09
754183,BEST.PIC:LOUD&CLOSE,Extremely Loud & Incredibly Close to win the Academy Award for Best Picture,2,1.0,Jan/26/2012 21:27:09
754183,BEST.PIC:LOUD&CLOSE,Extremely Loud & Incredibly Close to win the Academy Award for Best Picture,8,1.0,Jan/26/2012 21:27:09
754183,BEST.PIC:LOUD&CLOSE,Extremely Loud & Incredibly Close to win the Academy Award for Best Picture,3,0.9,Jan/27/2012 03:13:07
754183,BEST.PIC:LOUD&CLOSE,Extremely Loud & Incredibly Close to win the Academy Award for Best Picture,1,0.9,Jan/27/2012 03:21:51
754183,BEST.PIC:LOUD&CLOSE,Extremely Loud & Incredibly Close to win the Academy Award for Best Picture,1,0.8,Jan/28/2012 14:35:13
754183,BEST.PIC:LOUD&CLOSE,Extremely Loud & Incredibly Close to win the Academy Award for Best Picture,2,0.8,Jan/28/2012 16:47:01
754183,BEST.PIC:LOUD&CLOSE,Extremely Loud & Incredibly Close to win the Academy Award for Best Picture,15,0.8,Jan/28/2012 16:50:21
754183,BEST.PIC:LOUD&CLOSE,Extremely Loud & Incredibly Close to win the Academy Award for Best Picture,11,0.7,Jan/28/2012 17:46:17
754183,BEST.PIC:LOUD&CLOSE,Extremely Loud & Incredibly Close to win the Academy Award for Best Picture,39,0.7,Jan/28/2012 18:44:33
754183,BEST.PIC:LOUD&CLOSE,Extremely Loud & Incredibly Close to win the Academy Award for Best Picture,41,0.7,Jan/28/2012 18:44:33
754183,BEST.PIC:LOUD&CLOSE,Extremely Loud & Incredibly Close to win the Academy Award for Best Picture,4,0.7,Jan/28/2012 18:47:38
754183,BEST.PIC:LOUD&CLOSE,Extremely Loud & Incredibly Close to win the Academy Award for Best Picture,3,0.4,Jan/29/2012 06:25:34
754183,BEST.PIC:LOUD&CLOSE,Extremely Loud & Incredibly Close to win the Academy Award for Best Picture,70,0.4,Jan/29/2012 06:28:23
754183,BEST.PIC:LOUD&CLOSE,Extremely Loud & Incredibly Close to win the Academy Award for Best Picture,1,0.5,Jan/29/2012 19:31:46
754183,BEST.PIC:LOUD&CLOSE,Extremely Loud & Incredibly Close to win the Academy Award for Best Picture,15,0.5,Jan/30/2012 00:10:40
754183,BEST.PIC:LOUD&CLOSE,Extremely Loud & Incredibly Close to win the Academy Award for Best Picture,35,0.5,Jan/30/2012 00:10:40
754183,BEST.PIC:LOUD&CLOSE,Extremely Loud & Incredibly Close to win the Academy Award for Best Picture,1,0.4,Jan/30/2012 03:18:27
754183,BEST.PIC:LOUD&CLOSE,Extremely Loud & Incredibly Close to win the Academy Award for Best Picture,7,0.4,Jan/31/2012 07:57:40
754183,BEST.PIC:LOUD&CLOSE,Extremely Loud & Incredibly Close to win the Academy Award for Best Picture,1,0.5,Jan/31/2012 08:28:04
754183,BEST.PIC:LOUD&CLOSE,Extremely Loud & Incredibly Close to win the Academy Award for Best Picture,5,0.5,Jan/31/2012 14:03:02
754183,BEST.PIC:LOUD&CLOSE,Extremely Loud & Incredibly Close to win the Academy Award for Best Picture,5,0.4,Feb/01/2012 13:05:23
754183,BEST.PIC:LOUD&CLOSE,Extremely Loud & Incredibly Close to win the Academy Award for Best Picture,1,0.4,Feb/01/2012 16:22:46
754183,BEST.PIC:LOUD&CLOSE,Extremely Loud & Incredibly Close to win the Academy Award for Best Picture,12,0.5,Feb/01/2012 21:47:04
754183,BEST.PIC:LOUD&CLOSE,Extremely Loud & Incredibly Close to win the Academy Award for Best Picture,3,0.5,Feb/01/2012 21:47:04
754183,BEST.PIC:LOUD&CLOSE,Extremely Loud & Incredibly Close to win the Academy Award for Best Picture,1,0.5,Feb/01/2012 21:47:04
754183,BEST.PIC:LOUD&CLOSE,Extremely Loud & Incredibly Close to win the Academy Award for Best Picture,3,0.4,Feb/02/2012 03:18:58
754183,BEST.PIC:LOUD&CLOSE,Extremely Loud & Incredibly Close to win the Academy Award for Best Picture,10,0.4,Feb/02/2012 04:09:15
754183,BEST.PIC:LOUD&CLOSE,Extremely Loud & Incredibly Close to win the Academy Award for Best Picture,3,0.4,Feb/02/2012 04:10:26
754183,BEST.PIC:LOUD&CLOSE,Extremely Loud & Incredibly Close to win the Academy Award for Best Picture,2,0.5,Feb/02/2012 11:08:27
754183,BEST.PIC:LOUD&CLOSE,Extremely Loud & Incredibly Close to win the Academy Award for Best Picture,12,0.5,Feb/02/2012 12:59:09
754183,BEST.PIC:LOUD&CLOSE,Extremely Loud & Incredibly Close to win the Academy Award for Best Picture,1,0.4,Feb/02/2012 18:01:10
754183,BEST.PIC:LOUD&CLOSE,Extremely Loud & Incredibly Close to win the Academy Award for Best Picture,7,0.5,Feb/03/2012 09:39:27
754183,BEST.PIC:LOUD&CLOSE,Extremely Loud & Incredibly Close to win the Academy Award for Best Picture,13,0.5,Feb/03/2012 09:39:27
754183,BEST.PIC:LOUD&CLOSE,Extremely Loud & Incredibly Close to win the Academy Award for Best Picture,10,0.5,Feb/03/2012 10:04:43
754183,BEST.PIC:LOUD&CLOSE,Extremely Loud & Incredibly Close to win the Academy Award for Best Picture,10,0.6,Feb/03/2012 10:04:43
754183,BEST.PIC:LOUD&CLOSE,Extremely Loud & Incredibly Close to win the Academy Award for Best Picture,10,0.6,Feb/03/2012 10:04:43
754183,BEST.PIC:LOUD&CLOSE,Extremely Loud & Incredibly Close to win the Academy Award for Best Picture,1,0.6,Feb/03/2012 10:04:43
754183,BEST.PIC:LOUD&CLOSE,Extremely Loud & Incredibly Close to win the Academy Award for Best Picture,10,0.5,Feb/03/2012 10:04:43
754183,BEST.PIC:LOUD&CLOSE,Extremely Loud & Incredibly Close to win the Academy Award for Best Picture,10,0.5,Feb/03/2012 10:04:43
754183,BEST.PIC:LOUD&CLOSE,Extremely Loud & Incredibly Close to win the Academy Award for Best Picture,1,0.5,Feb/03/2012 10:04:43
754183,BEST.PIC:LOUD&CLOSE,Extremely Loud & Incredibly Close to win the Academy Award for Best Picture,13,0.5,Feb/03/2012 10:04:43
754183,BEST.PIC:LOUD&CLOSE,Extremely Loud & Incredibly Close to win the Academy Award for Best Picture,30,0.5,Feb/03/2012 10:04:43
754183,BEST.PIC:LOUD&CLOSE,Extremely Loud & Incredibly Close to win the Academy Award for Best Picture,2,0.5,Feb/03/2012 15:32:15
754183,BEST.PIC:LOUD&CLOSE,Extremely Loud & Incredibly Close to win the Academy Award for Best Picture,10,0.4,Feb/03/2012 18:05:39
754183,BEST.PIC:LOUD&CLOSE,Extremely Loud & Incredibly Close to win the Academy Award for Best Picture,1,0.4,Feb/03/2012 21:34:34
754183,BEST.PIC:LOUD&CLOSE,Extremely Loud & Incredibly Close to win the Academy Award for Best Picture,1,0.4,Feb/04/2012 00:35:23
754183,BEST.PIC:LOUD&CLOSE,Extremely Loud & Incredibly Close to win the Academy Award for Best Picture,1,0.4,Feb/04/2012 00:35:43
754183,BEST.PIC:LOUD&CLOSE,Extremely Loud & Incredibly Close to win the Academy Award for Best Picture,12,0.4,Feb/04/2012 01:17:43
754183,BEST.PIC:LOUD&CLOSE,Extremely Loud & Incredibly Close to win the Academy Award for Best Picture,17,0.4,Feb/05/2012 16:42:05
754183,BEST.PIC:LOUD&CLOSE,Extremely Loud & Incredibly Close to win the Academy Award for Best Picture,17,0.5,Feb/06/2012 17:31:12
754183,BEST.PIC:LOUD&CLOSE,Extremely Loud & Incredibly Close to win the Academy Award for Best Picture,20,0.5,Feb/06/2012 17:31:12
754183,BEST.PIC:LOUD&CLOSE,Extremely Loud & Incredibly Close to win the Academy Award for Best Picture,1,0.5,Feb/06/2012 17:31:12
754183,BEST.PIC:LOUD&CLOSE,Extremely Loud & Incredibly Close to win the Academy Award for Best Picture,8,0.5,Feb/06/2012 17:31:12
754183,BEST.PIC:LOUD&CLOSE,Extremely Loud & Incredibly Close to win the Academy Award for Best Picture,20,0.5,Feb/06/2012 17:31:12
754183,BEST.PIC:LOUD&CLOSE,Extremely Loud & Incredibly Close to win the Academy Award for Best Picture,1,0.5,Feb/09/2012 19:53:42
754183,BEST.PIC:LOUD&CLOSE,Extremely Loud & Incredibly Close to win the Academy Award for Best Picture,9,0.5,Feb/09/2012 19:53:42
754183,BEST.PIC:LOUD&CLOSE,Extremely Loud & Incredibly Close to win the Academy Award for Best Picture,10,0.5,Feb/09/2012 19:54:17
754183,BEST.PIC:LOUD&CLOSE,Extremely Loud & Incredibly Close to win the Academy Award for Best Picture,1,0.4,Feb/10/2012 19:57:22
754183,BEST.PIC:LOUD&CLOSE,Extremely Loud & Incredibly Close to win the Academy Award for Best Picture,100,0.4,Feb/11/2012 00:06:09
754183,BEST.PIC:LOUD&CLOSE,Extremely Loud & Incredibly Close to win the Academy Award for Best Picture,26,0.4,Feb/11/2012 00:06:09
754183,BEST.PIC:LOUD&CLOSE,Extremely Loud & Incredibly Close to win the Academy Award for Best Picture,10,0.4,Feb/11/2012 22:51:29
754183,BEST.PIC:LOUD&CLOSE,Extremely Loud & Incredibly Close to win the Academy Award for Best Picture,1,0.4,Feb/12/2012 02:13:11
754183,BEST.PIC:LOUD&CLOSE,Extremely Loud & Incredibly Close to win the Academy Award for Best Picture,1,0.2,Feb/12/2012 08:37:36
754183,BEST.PIC:LOUD&CLOSE,Extremely Loud & Incredibly Close to win the Academy Award for Best Picture,16,0.2,Feb/12/2012 22:18:58
754183,BEST.PIC:LOUD&CLOSE,Extremely Loud & Incredibly Close to win the Academy Award for Best Picture,4,0.2,Feb/12/2012 22:21:49
754183,BEST.PIC:LOUD&CLOSE,Extremely Loud & Incredibly Close to win the Academy Award for Best Picture,11,0.2,Feb/12/2012 22:24:00
754183,BEST.PIC:LOUD&CLOSE,Extremely Loud & Incredibly Close to win the Academy Award for Best Picture,2,0.2,Feb/12/2012 22:25:18
754183,BEST.PIC:LOUD&CLOSE,Extremely Loud & Incredibly Close to win the Academy Award for Best Picture,11,0.2,Feb/12/2012 22:30:49
754183,BEST.PIC:LOUD&CLOSE,Extremely Loud & Incredibly Close to win the Academy Award for Best Picture,10,0.3,Feb/12/2012 22:48:38
754183,BEST.PIC:LOUD&CLOSE,Extremely Loud & Incredibly Close to win the Academy Award for Best Picture,2,0.2,Feb/12/2012 23:24:13
754183,BEST.PIC:LOUD&CLOSE,Extremely Loud & Incredibly Close to win the Academy Award for Best Picture,30,0.3,Feb/12/2012 23:47:28
754183,BEST.PIC:LOUD&CLOSE,Extremely Loud & Incredibly Close to win the Academy Award for Best Picture,1,0.3,Feb/14/2012 02:47:40
754183,BEST.PIC:LOUD&CLOSE,Extremely Loud & Incredibly Close to win the Academy Award for Best Picture,3,0.2,Feb/14/2012 11:05:19
754183,BEST.PIC:LOUD&CLOSE,Extremely Loud & Incredibly Close to win the Academy Award for Best Picture,123,0.2,Feb/14/2012 11:05:19
754183,BEST.PIC:LOUD&CLOSE,Extremely Loud & Incredibly Close to win the Academy Award for Best Picture,133,0.3,Feb/15/2012 06:16:15
754183,BEST.PIC:LOUD&CLOSE,Extremely Loud & Incredibly Close to win the Academy Award for Best Picture,8,0.3,Feb/15/2012 06:16:15
754183,BEST.PIC:LOUD&CLOSE,Extremely Loud & Incredibly Close to win the Academy Award for Best Picture,60,0.2,Feb/15/2012 06:16:15
754183,BEST.PIC:LOUD&CLOSE,Extremely Loud & Incredibly Close to win the Academy Award for Best Picture,1,0.2,Feb/15/2012 06:16:15
754183,BEST.PIC:LOUD&CLOSE,Extremely Loud & Incredibly Close to win the Academy Award for Best Picture,2,0.3,Feb/15/2012 06:16:23
754183,BEST.PIC:LOUD&CLOSE,Extremely Loud & Incredibly Close to win the Academy Award for Best Picture,1,0.4,Feb/15/2012 06:16:48
754183,BEST.PIC:LOUD&CLOSE,Extremely Loud & Incredibly Close to win the Academy Award for Best Picture,20,0.3,Feb/15/2012 21:26:24
754183,BEST.PIC:LOUD&CLOSE,Extremely Loud & Incredibly Close to win the Academy Award for Best Picture,1,0.3,Feb/15/2012 21:26:24
754183,BEST.PIC:LOUD&CLOSE,Extremely Loud & Incredibly Close to win the Academy Award for Best Picture,1,0.3,Feb/17/2012 00:33:19
754183,BEST.PIC:LOUD&CLOSE,Extremely Loud & Incredibly Close to win the Academy Award for Best Picture,9,0.3,Feb/18/2012 06:01:10
754183,BEST.PIC:LOUD&CLOSE,Extremely Loud & Incredibly Close to win the Academy Award for Best Picture,1,0.3,Feb/18/2012 06:01:10
754183,BEST.PIC:LOUD&CLOSE,Extremely Loud & Incredibly Close to win the Academy Award for Best Picture,10,0.3,Feb/19/2012 01:29:46
754183,BEST.PIC:LOUD&CLOSE,Extremely Loud & Incredibly Close to win the Academy Award for Best Picture,1,0.3,Feb/19/2012 01:29:46
754183,BEST.PIC:LOUD&CLOSE,Extremely Loud & Incredibly Close to win the Academy Award for Best Picture,12,0.2,Feb/19/2012 17:54:32
754183,BEST.PIC:LOUD&CLOSE,Extremely Loud & Incredibly Close to win the Academy Award for Best Picture,3,0.2,Feb/19/2012 22:44:25
754183,BEST.PIC:LOUD&CLOSE,Extremely Loud & Incredibly Close to win the Academy Award for Best Picture,1,0.2,Feb/19/2012 22:44:25
754183,BEST.PIC:LOUD&CLOSE,Extremely Loud & Incredibly Close to win the Academy Award for Best Picture,3,0.2,Feb/20/2012 06:11:35
754183,BEST.PIC:LOUD&CLOSE,Extremely Loud & Incredibly Close to win the Academy Award for Best Picture,5,0.2,Feb/21/2012 01:46:47
754183,BEST.PIC:LOUD&CLOSE,Extremely Loud & Incredibly Close to win the Academy Award for Best Picture,1,0.2,Feb/21/2012 02:12:32
754183,BEST.PIC:LOUD&CLOSE,Extremely Loud & Incredibly Close to win the Academy Award for Best Picture,1,0.2,Feb/21/2012 05:40:03
754183,BEST.PIC:LOUD&CLOSE,Extremely Loud & Incredibly Close to win the Academy Award for Best Picture,6,0.2,Feb/21/2012 08:45:15
754183,BEST.PIC:LOUD&CLOSE,Extremely Loud & Incredibly Close to win the Academy Award for Best Picture,5,0.2,Feb/21/2012 08:46:21
754183,BEST.PIC:LOUD&CLOSE,Extremely Loud & Incredibly Close to win the Academy Award for Best Picture,1,0.2,Feb/21/2012 08:47:23
754183,BEST.PIC:LOUD&CLOSE,Extremely Loud & Incredibly Close to win the Academy Award for Best Picture,3,0.2,Feb/21/2012 08:48:15
754183,BEST.PIC:LOUD&CLOSE,Extremely Loud & Incredibly Close to win the Academy Award for Best Picture,9,0.2,Feb/21/2012 08:49:18
754183,BEST.PIC:LOUD&CLOSE,Extremely Loud & Incredibly Close to win the Academy Award for Best Picture,1,0.2,Feb/21/2012 08:51:18
754183,BEST.PIC:LOUD&CLOSE,Extremely Loud & Incredibly Close to win the Academy Award for Best Picture,5,0.2,Feb/21/2012 08:51:39
754183,BEST.PIC:LOUD&CLOSE,Extremely Loud & Incredibly Close to win the Academy Award for Best Picture,6,0.2,Feb/21/2012 08:52:29
754183,BEST.PIC:LOUD&CLOSE,Extremely Loud & Incredibly Close to win the Academy Award for Best Picture,7,0.2,Feb/21/2012 08:53:30
754183,BEST.PIC:LOUD&CLOSE,Extremely Loud & Incredibly Close to win the Academy Award for Best Picture,2,0.2,Feb/21/2012 08:54:31
754183,BEST.PIC:LOUD&CLOSE,Extremely Loud & Incredibly Close to win the Academy Award for Best Picture,4,0.2,Feb/21/2012 08:55:32
754183,BEST.PIC:LOUD&CLOSE,Extremely Loud & Incredibly Close to win the Academy Award for Best Picture,3,0.2,Feb/21/2012 08:56:32
754183,BEST.PIC:LOUD&CLOSE,Extremely Loud & Incredibly Close to win the Academy Award for Best Picture,5,0.1,Feb/21/2012 08:56:32
754183,BEST.PIC:LOUD&CLOSE,Extremely Loud & Incredibly Close to win the Academy Award for Best Picture,4,0.1,Feb/21/2012 08:57:37
754183,BEST.PIC:LOUD&CLOSE,Extremely Loud & Incredibly Close to win the Academy Award for Best Picture,3,0.1,Feb/21/2012 08:58:29
754183,BEST.PIC:LOUD&CLOSE,Extremely Loud & Incredibly Close to win the Academy Award for Best Picture,5,0.1,Feb/21/2012 08:59:32
754183,BEST.PIC:LOUD&CLOSE,Extremely Loud & Incredibly Close to win the Academy Award for Best Picture,1,0.1,Feb/21/2012 09:00:33
754183,BEST.PIC:LOUD&CLOSE,Extremely Loud & Incredibly Close to win the Academy Award for Best Picture,1,0.1,Feb/21/2012 09:23:51
754183,BEST.PIC:LOUD&CLOSE,Extremely Loud & Incredibly Close to win the Academy Award for Best Picture,1,0.2,Feb/22/2012 10:31:02
754183,BEST.PIC:LOUD&CLOSE,Extremely Loud & Incredibly Close to win the Academy Award for Best Picture,4,0.2,Feb/22/2012 10:31:02
754183,BEST.PIC:LOUD&CLOSE,Extremely Loud & Incredibly Close to win the Academy Award for Best Picture,20,0.3,Feb/22/2012 10:31:21
754183,BEST.PIC:LOUD&CLOSE,Extremely Loud & Incredibly Close to win the Academy Award for Best Picture,2,0.4,Feb/22/2012 10:31:58
754183,BEST.PIC:LOUD&CLOSE,Extremely Loud & Incredibly Close to win the Academy Award for Best Picture,1,0.4,Feb/22/2012 10:31:58
754183,BEST.PIC:LOUD&CLOSE,Extremely Loud & Incredibly Close to win the Academy Award for Best Picture,19,0.4,Feb/22/2012 10:31:58
754183,BEST.PIC:LOUD&CLOSE,Extremely Loud & Incredibly Close to win the Academy Award for Best Picture,5,0.2,Feb/22/2012 15:18:27
754183,BEST.PIC:LOUD&CLOSE,Extremely Loud & Incredibly Close to win the Academy Award for Best Picture,5,0.2,Feb/22/2012 16:16:47
754183,BEST.PIC:LOUD&CLOSE,Extremely Loud & Incredibly Close to win the Academy Award for Best Picture,5,0.2,Feb/22/2012 16:17:25
754183,BEST.PIC:LOUD&CLOSE,Extremely Loud & Incredibly Close to win the Academy Award for Best Picture,1,0.2,Feb/22/2012 16:36:03
754183,BEST.PIC:LOUD&CLOSE,Extremely Loud & Incredibly Close to win the Academy Award for Best Picture,1,0.2,Feb/22/2012 22:23:12
754183,BEST.PIC:LOUD&CLOSE,Extremely Loud & Incredibly Close to win the Academy Award for Best Picture,4,0.2,Feb/22/2012 22:23:12
754183,BEST.PIC:LOUD&CLOSE,Extremely Loud & Incredibly Close to win the Academy Award for Best Picture,5,0.2,Feb/23/2012 02:11:50
754183,BEST.PIC:LOUD&CLOSE,Extremely Loud & Incredibly Close to win the Academy Award for Best Picture,5,0.1,Feb/23/2012 02:12:08
754183,BEST.PIC:LOUD&CLOSE,Extremely Loud & Incredibly Close to win the Academy Award for Best Picture,1,0.2,Feb/23/2012 02:12:08
754183,BEST.PIC:LOUD&CLOSE,Extremely Loud & Incredibly Close to win the Academy Award for Best Picture,5,0.1,Feb/23/2012 02:32:15
754183,BEST.PIC:LOUD&CLOSE,Extremely Loud & Incredibly Close to win the Academy Award for Best Picture,5,0.1,Feb/23/2012 03:15:30
754183,BEST.PIC:LOUD&CLOSE,Extremely Loud & Incredibly Close to win the Academy Award for Best Picture,5,0.1,Feb/23/2012 04:37:55
754183,BEST.PIC:LOUD&CLOSE,Extremely Loud & Incredibly Close to win the Academy Award for Best Picture,5,0.1,Feb/23/2012 04:49:55
754183,BEST.PIC:LOUD&CLOSE,Extremely Loud & Incredibly Close to win the Academy Award for Best Picture,2,0.1,Feb/23/2012 05:41:13
754183,BEST.PIC:LOUD&CLOSE,Extremely Loud & Incredibly Close to win the Academy Award for Best Picture,2,0.2,Feb/23/2012 18:18:53
754183,BEST.PIC:LOUD&CLOSE,Extremely Loud & Incredibly Close to win the Academy Award for Best Picture,1,0.2,Feb/23/2012 19:47:29
754183,BEST.PIC:LOUD&CLOSE,Extremely Loud & Incredibly Close to win the Academy Award for Best Picture,20,0.2,Feb/23/2012 19:47:29
754183,BEST.PIC:LOUD&CLOSE,Extremely Loud & Incredibly Close to win the Academy Award for Best Picture,5,0.2,Feb/23/2012 19:47:29
754183,BEST.PIC:LOUD&CLOSE,Extremely Loud & Incredibly Close to win the Academy Award for Best Picture,1,0.1,Feb/24/2012 00:28:06
754183,BEST.PIC:LOUD&CLOSE,Extremely Loud & Incredibly Close to win the Academy Award for Best Picture,5,0.1,Feb/24/2012 09:57:46
754183,BEST.PIC:LOUD&CLOSE,Extremely Loud & Incredibly Close to win the Academy Award for Best Picture,5,0.1,Feb/24/2012 14:53:40
754183,BEST.PIC:LOUD&CLOSE,Extremely Loud & Incredibly Close to win the Academy Award for Best Picture,1,0.1,Feb/24/2012 14:53:50
754183,BEST.PIC:LOUD&CLOSE,Extremely Loud & Incredibly Close to win the Academy Award for Best Picture,5,0.1,Feb/24/2012 15:42:29
754183,BEST.PIC:LOUD&CLOSE,Extremely Loud & Incredibly Close to win the Academy Award for Best Picture,1,0.2,Feb/25/2012 00:48:48
754183,BEST.PIC:LOUD&CLOSE,Extremely Loud & Incredibly Close to win the Academy Award for Best Picture,20,0.2,Feb/25/2012 00:48:48
754183,BEST.PIC:LOUD&CLOSE,Extremely Loud & Incredibly Close to win the Academy Award for Best Picture,20,0.3,Feb/25/2012 00:49:18
754183,BEST.PIC:LOUD&CLOSE,Extremely Loud & Incredibly Close to win the Academy Award for Best Picture,1,0.4,Feb/25/2012 00:49:46
754183,BEST.PIC:LOUD&CLOSE,Extremely Loud & Incredibly Close to win the Academy Award for Best Picture,1,0.4,Feb/25/2012 00:49:46
754183,BEST.PIC:LOUD&CLOSE,Extremely Loud & Incredibly Close to win the Academy Award for Best Picture,5,0.4,Feb/25/2012 00:49:46
754183,BEST.PIC:LOUD&CLOSE,Extremely Loud & Incredibly Close to win the Academy Award for Best Picture,20,0.4,Feb/25/2012 00:49:46
754183,BEST.PIC:LOUD&CLOSE,Extremely Loud & Incredibly Close to win the Academy Award for Best Picture,20,0.5,Feb/25/2012 00:50:10
754183,BEST.PIC:LOUD&CLOSE,Extremely Loud & Incredibly Close to win the Academy Award for Best Picture,20,0.5,Feb/25/2012 00:50:10
754183,BEST.PIC:LOUD&CLOSE,Extremely Loud & Incredibly Close to win the Academy Award for Best Picture,20,0.5,Feb/25/2012 00:50:10
754183,BEST.PIC:LOUD&CLOSE,Extremely Loud & Incredibly Close to win the Academy Award for Best Picture,20,0.6,Feb/25/2012 00:50:31
754183,BEST.PIC:LOUD&CLOSE,Extremely Loud & Incredibly Close to win the Academy Award for Best Picture,1,0.6,Feb/25/2012 00:50:31
754183,BEST.PIC:LOUD&CLOSE,Extremely Loud & Incredibly Close to win the Academy Award for Best Picture,21,0.7,Feb/25/2012 00:50:46
754183,BEST.PIC:LOUD&CLOSE,Extremely Loud & Incredibly Close to win the Academy Award for Best Picture,20,0.7,Feb/25/2012 00:50:46
754183,BEST.PIC:LOUD&CLOSE,Extremely Loud & Incredibly Close to win the Academy Award for Best Picture,1,0.8,Feb/25/2012 00:51:08
754183,BEST.PIC:LOUD&CLOSE,Extremely Loud & Incredibly Close to win the Academy Award for Best Picture,150,0.8,Feb/25/2012 00:51:08
754183,BEST.PIC:LOUD&CLOSE,Extremely Loud & Incredibly Close to win the Academy Award for Best Picture,20,0.9,Feb/25/2012 00:53:58
754183,BEST.PIC:LOUD&CLOSE,Extremely Loud & Incredibly Close to win the Academy Award for Best Picture,2,1.3,Feb/25/2012 00:54:40
754183,BEST.PIC:LOUD&CLOSE,Extremely Loud & Incredibly Close to win the Academy Award for Best Picture,9,1.3,Feb/25/2012 00:54:40
754183,BEST.PIC:LOUD&CLOSE,Extremely Loud & Incredibly Close to win the Academy Award for Best Picture,1,1.4,Feb/25/2012 00:55:20
754183,BEST.PIC:LOUD&CLOSE,Extremely Loud & Incredibly Close to win the Academy Award for Best Picture,25,1.4,Feb/25/2012 00:55:20
754183,BEST.PIC:LOUD&CLOSE,Extremely Loud & Incredibly Close to win the Academy Award for Best Picture,1,0.1,Feb/25/2012 22:55:51
754183,BEST.PIC:LOUD&CLOSE,Extremely Loud & Incredibly Close to win the Academy Award for Best Picture,50,0.9,Feb/25/2012 23:31:45
754183,BEST.PIC:LOUD&CLOSE,Extremely Loud & Incredibly Close to win the Academy Award for Best Picture,1,0.4,Feb/26/2012 20:20:21
754183,BEST.PIC:LOUD&CLOSE,Extremely Loud & Incredibly Close to win the Academy Award for Best Picture,10,0.4,Feb/26/2012 20:20:21
754183,BEST.PIC:LOUD&CLOSE,Extremely Loud & Incredibly Close to win the Academy Award for Best Picture,29,0.4,Feb/26/2012 21:06:53
754183,BEST.PIC:LOUD&CLOSE,Extremely Loud & Incredibly Close to win the Academy Award for Best Picture,100,0.3,Feb/26/2012 21:17:07
754183,BEST.PIC:LOUD&CLOSE,Extremely Loud & Incredibly Close to win the Academy Award for Best Picture,5,0.2,Feb/26/2012 22:44:17
754183,BEST.PIC:LOUD&CLOSE,Extremely Loud & Incredibly Close to win the Academy Award for Best Picture,6,0.2,Feb/26/2012 22:44:37
754183,BEST.PIC:LOUD&CLOSE,Extremely Loud & Incredibly Close to win the Academy Award for Best Picture,1,0.2,Feb/26/2012 23:14:23
754183,BEST.PIC:LOUD&CLOSE,Extremely Loud & Incredibly Close to win the Academy Award for Best Picture,3,0.3,Feb/26/2012 23:36:57
754183,BEST.PIC:LOUD&CLOSE,Extremely Loud & Incredibly Close to win the Academy Award for Best Picture,1,0.3,Feb/26/2012 23:44:25
754183,BEST.PIC:LOUD&CLOSE,Extremely Loud & Incredibly Close to win the Academy Award for Best Picture,1,0.1,Feb/27/2012 00:26:03
754183,BEST.PIC:LOUD&CLOSE,Extremely Loud & Incredibly Close to win the Academy Award for Best Picture,20,0.2,Feb/27/2012 00:47:04
754183,BEST.PIC:LOUD&CLOSE,Extremely Loud & Incredibly Close to win the Academy Award for Best Picture,100,0.2,Feb/27/2012 01:37:28
754183,BEST.PIC:LOUD&CLOSE,Extremely Loud & Incredibly Close to win the Academy Award for Best Picture,5,0.3,Feb/27/2012 02:23:41
754183,BEST.PIC:LOUD&CLOSE,Extremely Loud & Incredibly Close to win the Academy Award for Best Picture,1,0.3,Feb/27/2012 02:30:55
754183,BEST.PIC:LOUD&CLOSE,Extremely Loud & Incredibly Close to win the Academy Award for Best Picture,1,0.1,Feb/27/2012 02:31:21
754183,BEST.PIC:LOUD&CLOSE,Extremely Loud & Incredibly Close to win the Academy Award for Best Picture,1,0.1,Feb/27/2012 02:33:00
754183,BEST.PIC:LOUD&CLOSE,Extremely Loud & Incredibly Close to win the Academy Award for Best Picture,1,0.1,Feb/27/2012 02:34:10
754183,BEST.PIC:LOUD&CLOSE,Extremely Loud & Incredibly Close to win the Academy Award for Best Picture,1,0.1,Feb/27/2012 02:34:49
754183,BEST.PIC:LOUD&CLOSE,Extremely Loud & Incredibly Close to win the Academy Award for Best Picture,7,0.3,Feb/27/2012 02:34:54
754183,BEST.PIC:LOUD&CLOSE,Extremely Loud & Incredibly Close to win the Academy Award for Best Picture,3,0.1,Feb/27/2012 02:34:56
754183,BEST.PIC:LOUD&CLOSE,Extremely Loud & Incredibly Close to win the Academy Award for Best Picture,1,0.1,Feb/27/2012 02:36:43
754183,BEST.PIC:LOUD&CLOSE,Extremely Loud & Incredibly Close to win the Academy Award for Best Picture,1,0.1,Feb/27/2012 02:36:58
754183,BEST.PIC:LOUD&CLOSE,Extremely Loud & Incredibly Close to win the Academy Award for Best Picture,1,0.1,Feb/27/2012 02:40:53
754183,BEST.PIC:LOUD&CLOSE,Extremely Loud & Incredibly Close to win the Academy Award for Best Picture,1,0.1,Feb/27/2012 02:43:25
754183,BEST.PIC:LOUD&CLOSE,Extremely Loud & Incredibly Close to win the Academy Award for Best Picture,1,0.1,Feb/27/2012 02:48:46
754183,BEST.PIC:LOUD&CLOSE,Extremely Loud & Incredibly Close to win the Academy Award for Best Picture,1,0.1,Feb/27/2012 02:50:00
754183,BEST.PIC:LOUD&CLOSE,Extremely Loud & Incredibly Close to win the Academy Award for Best Picture,1,0.1,Feb/27/2012 02:50:07
754183,BEST.PIC:LOUD&CLOSE,Extremely Loud & Incredibly Close to win the Academy Award for Best Picture,1,0.1,Feb/27/2012 02:51:26
754183,BEST.PIC:LOUD&CLOSE,Extremely Loud & Incredibly Close to win the Academy Award for Best Picture,1,0.1,Feb/27/2012 02:56:44
754183,BEST.PIC:LOUD&CLOSE,Extremely Loud & Incredibly Close to win the Academy Award for Best Picture,1,0.1,Feb/27/2012 02:57:15
754183,BEST.PIC:LOUD&CLOSE,Extremely Loud & Incredibly Close to win the Academy Award for Best Picture,1,0.1,Feb/27/2012 02:59:11
754183,BEST.PIC:LOUD&CLOSE,Extremely Loud & Incredibly Close to win the Academy Award for Best Picture,1,0.1,Feb/27/2012 02:59:24
754183,BEST.PIC:LOUD&CLOSE,Extremely Loud & Incredibly Close to win the Academy Award for Best Picture,1,0.1,Feb/27/2012 02:59:46
754183,BEST.PIC:LOUD&CLOSE,Extremely Loud & Incredibly Close to win the Academy Award for Best Picture,1,0.1,Feb/27/2012 03:00:03
754183,BEST.PIC:LOUD&CLOSE,Extremely Loud & Incredibly Close to win the Academy Award for Best Picture,1,0.1,Feb/27/2012 03:00:10
754183,BEST.PIC:LOUD&CLOSE,Extremely Loud & Incredibly Close to win the Academy Award for Best Picture,1,0.1,Feb/27/2012 03:00:24
754183,BEST.PIC:LOUD&CLOSE,Extremely Loud & Incredibly Close to win the Academy Award for Best Picture,1,0.1,Feb/27/2012 03:00:45
754183,BEST.PIC:LOUD&CLOSE,Extremely Loud & Incredibly Close to win the Academy Award for Best Picture,1,0.1,Feb/27/2012 03:02:47
754183,BEST.PIC:LOUD&CLOSE,Extremely Loud & Incredibly Close to win the Academy Award for Best Picture,1,0.1,Feb/27/2012 03:13:19
754183,BEST.PIC:LOUD&CLOSE,Extremely Loud & Incredibly Close to win the Academy Award for Best Picture,20,0.1,Feb/27/2012 03:20:49
754183,BEST.PIC:LOUD&CLOSE,Extremely Loud & Incredibly Close to win the Academy Award for Best Picture,1,0.1,Feb/27/2012 03:26:30
754183,BEST.PIC:LOUD&CLOSE,Extremely Loud & Incredibly Close to win the Academy Award for Best Picture,48,0.1,Feb/27/2012 03:28:04
754183,BEST.PIC:LOUD&CLOSE,Extremely Loud & Incredibly Close to win the Academy Award for Best Picture,32,0.1,Feb/27/2012 03:28:04
754183,BEST.PIC:LOUD&CLOSE,Extremely Loud & Incredibly Close to win the Academy Award for Best Picture,20,0.2,Feb/27/2012 03:28:49
754183,BEST.PIC:LOUD&CLOSE,Extremely Loud & Incredibly Close to win the Academy Award for Best Picture,13,0.3,Feb/27/2012 03:29:52
754183,BEST.PIC:LOUD&CLOSE,Extremely Loud & Incredibly Close to win the Academy Award for Best Picture,7,0.3,Feb/27/2012 03:29:52
754183,BEST.PIC:LOUD&CLOSE,Extremely Loud & Incredibly Close to win the Academy Award for Best Picture,2,0.1,Feb/27/2012 03:45:33
754183,BEST.PIC:LOUD&CLOSE,Extremely Loud & Incredibly Close to win the Academy Award for Best Picture,1,0.1,Feb/27/2012 03:53:22
754183,BEST.PIC:LOUD&CLOSE,Extremely Loud & Incredibly Close to win the Academy Award for Best Picture,1,0.2,Feb/27/2012 04:19:45
754183,BEST.PIC:LOUD&CLOSE,Extremely Loud & Incredibly Close to win the Academy Award for Best Picture,1,0.2,Feb/27/2012 04:25:16
