market id,market symbol,market name,trade quantity,trade price,date/time [utc]
754192,BEST.PIC:MIDNIGHT.PARIS,Midnight in Paris to win the Academy Award for Best Picture,5,10.0,Nov/24/2011 00:26:40
754192,BEST.PIC:MIDNIGHT.PARIS,Midnight in Paris to win the Academy Award for Best Picture,10,5.0,Nov/24/2011 23:02:13
754192,BEST.PIC:MIDNIGHT.PARIS,Midnight in Paris to win the Academy Award for Best Picture,1,5.0,Nov/26/2011 00:11:18
754192,BEST.PIC:MIDNIGHT.PARIS,Midnight in Paris to win the Academy Award for Best Picture,10,5.0,Nov/26/2011 00:11:18
754192,BEST.PIC:MIDNIGHT.PARIS,Midnight in Paris to win the Academy Award for Best Picture,2,3.5,Nov/26/2011 22:44:08
754192,BEST.PIC:MIDNIGHT.PARIS,Midnight in Paris to win the Academy Award for Best Picture,1,2.7,Nov/27/2011 05:01:52
754192,BEST.PIC:MIDNIGHT.PARIS,Midnight in Paris to win the Academy Award for Best Picture,10,3.5,Nov/27/2011 08:08:39
754192,BEST.PIC:MIDNIGHT.PARIS,Midnight in Paris to win the Academy Award for Best Picture,1,3.5,Nov/27/2011 08:08:39
754192,BEST.PIC:MIDNIGHT.PARIS,Midnight in Paris to win the Academy Award for Best Picture,2,3.9,Nov/27/2011 08:09:12
754192,BEST.PIC:MIDNIGHT.PARIS,Midnight in Paris to win the Academy Award for Best Picture,19,3.9,Nov/27/2011 08:09:12
754192,BEST.PIC:MIDNIGHT.PARIS,Midnight in Paris to win the Academy Award for Best Picture,10,4.0,Nov/27/2011 08:09:23
754192,BEST.PIC:MIDNIGHT.PARIS,Midnight in Paris to win the Academy Award for Best Picture,20,4.7,Nov/27/2011 10:05:07
754192,BEST.PIC:MIDNIGHT.PARIS,Midnight in Paris to win the Academy Award for Best Picture,1,4.7,Nov/27/2011 10:05:07
754192,BEST.PIC:MIDNIGHT.PARIS,Midnight in Paris to win the Academy Award for Best Picture,10,5.0,Nov/27/2011 10:30:46
754192,BEST.PIC:MIDNIGHT.PARIS,Midnight in Paris to win the Academy Award for Best Picture,1,5.0,Nov/27/2011 10:30:46
754192,BEST.PIC:MIDNIGHT.PARIS,Midnight in Paris to win the Academy Award for Best Picture,10,6.5,Nov/27/2011 10:31:07
754192,BEST.PIC:MIDNIGHT.PARIS,Midnight in Paris to win the Academy Award for Best Picture,8,6.5,Nov/27/2011 10:31:07
754192,BEST.PIC:MIDNIGHT.PARIS,Midnight in Paris to win the Academy Award for Best Picture,2,6.9,Nov/27/2011 10:31:16
754192,BEST.PIC:MIDNIGHT.PARIS,Midnight in Paris to win the Academy Award for Best Picture,10,6.9,Nov/27/2011 10:31:16
754192,BEST.PIC:MIDNIGHT.PARIS,Midnight in Paris to win the Academy Award for Best Picture,45,6.0,Nov/27/2011 10:34:31
754192,BEST.PIC:MIDNIGHT.PARIS,Midnight in Paris to win the Academy Award for Best Picture,10,3.5,Nov/28/2011 23:43:55
754192,BEST.PIC:MIDNIGHT.PARIS,Midnight in Paris to win the Academy Award for Best Picture,10,3.8,Nov/28/2011 23:44:05
754192,BEST.PIC:MIDNIGHT.PARIS,Midnight in Paris to win the Academy Award for Best Picture,20,3.9,Nov/28/2011 23:44:15
754192,BEST.PIC:MIDNIGHT.PARIS,Midnight in Paris to win the Academy Award for Best Picture,10,4.0,Nov/28/2011 23:44:28
754192,BEST.PIC:MIDNIGHT.PARIS,Midnight in Paris to win the Academy Award for Best Picture,20,4.9,Nov/28/2011 23:44:53
754192,BEST.PIC:MIDNIGHT.PARIS,Midnight in Paris to win the Academy Award for Best Picture,5,4.9,Nov/28/2011 23:44:53
754192,BEST.PIC:MIDNIGHT.PARIS,Midnight in Paris to win the Academy Award for Best Picture,10,5.0,Nov/28/2011 23:45:02
754192,BEST.PIC:MIDNIGHT.PARIS,Midnight in Paris to win the Academy Award for Best Picture,20,5.9,Nov/29/2011 03:54:59
754192,BEST.PIC:MIDNIGHT.PARIS,Midnight in Paris to win the Academy Award for Best Picture,10,6.0,Nov/29/2011 03:55:10
754192,BEST.PIC:MIDNIGHT.PARIS,Midnight in Paris to win the Academy Award for Best Picture,2,5.5,Nov/29/2011 09:42:17
754192,BEST.PIC:MIDNIGHT.PARIS,Midnight in Paris to win the Academy Award for Best Picture,1,4.4,Nov/29/2011 19:24:13
754192,BEST.PIC:MIDNIGHT.PARIS,Midnight in Paris to win the Academy Award for Best Picture,50,3.0,Nov/30/2011 05:52:20
754192,BEST.PIC:MIDNIGHT.PARIS,Midnight in Paris to win the Academy Award for Best Picture,1,3.0,Nov/30/2011 14:25:09
754192,BEST.PIC:MIDNIGHT.PARIS,Midnight in Paris to win the Academy Award for Best Picture,6,3.0,Dec/01/2011 14:32:02
754192,BEST.PIC:MIDNIGHT.PARIS,Midnight in Paris to win the Academy Award for Best Picture,9,3.0,Dec/01/2011 14:32:02
754192,BEST.PIC:MIDNIGHT.PARIS,Midnight in Paris to win the Academy Award for Best Picture,1,3.0,Dec/01/2011 14:33:03
754192,BEST.PIC:MIDNIGHT.PARIS,Midnight in Paris to win the Academy Award for Best Picture,19,3.0,Dec/01/2011 14:33:03
754192,BEST.PIC:MIDNIGHT.PARIS,Midnight in Paris to win the Academy Award for Best Picture,30,2.9,Dec/02/2011 03:12:26
754192,BEST.PIC:MIDNIGHT.PARIS,Midnight in Paris to win the Academy Award for Best Picture,8,2.9,Dec/02/2011 04:56:55
754192,BEST.PIC:MIDNIGHT.PARIS,Midnight in Paris to win the Academy Award for Best Picture,35,2.6,Dec/02/2011 20:53:12
754192,BEST.PIC:MIDNIGHT.PARIS,Midnight in Paris to win the Academy Award for Best Picture,2,2.5,Dec/04/2011 04:06:39
754192,BEST.PIC:MIDNIGHT.PARIS,Midnight in Paris to win the Academy Award for Best Picture,10,2.6,Dec/04/2011 19:52:55
754192,BEST.PIC:MIDNIGHT.PARIS,Midnight in Paris to win the Academy Award for Best Picture,10,2.8,Dec/04/2011 23:15:11
754192,BEST.PIC:MIDNIGHT.PARIS,Midnight in Paris to win the Academy Award for Best Picture,18,2.5,Dec/07/2011 00:08:29
754192,BEST.PIC:MIDNIGHT.PARIS,Midnight in Paris to win the Academy Award for Best Picture,2,2.0,Dec/07/2011 15:38:57
754192,BEST.PIC:MIDNIGHT.PARIS,Midnight in Paris to win the Academy Award for Best Picture,1,2.0,Dec/07/2011 16:15:13
754192,BEST.PIC:MIDNIGHT.PARIS,Midnight in Paris to win the Academy Award for Best Picture,8,2.0,Dec/07/2011 16:15:13
754192,BEST.PIC:MIDNIGHT.PARIS,Midnight in Paris to win the Academy Award for Best Picture,20,1.5,Dec/09/2011 05:45:50
754192,BEST.PIC:MIDNIGHT.PARIS,Midnight in Paris to win the Academy Award for Best Picture,1,1.5,Dec/09/2011 05:45:50
754192,BEST.PIC:MIDNIGHT.PARIS,Midnight in Paris to win the Academy Award for Best Picture,13,1.2,Dec/13/2011 06:23:33
754192,BEST.PIC:MIDNIGHT.PARIS,Midnight in Paris to win the Academy Award for Best Picture,1,1.2,Dec/13/2011 06:23:33
754192,BEST.PIC:MIDNIGHT.PARIS,Midnight in Paris to win the Academy Award for Best Picture,10,1.2,Dec/13/2011 06:23:33
754192,BEST.PIC:MIDNIGHT.PARIS,Midnight in Paris to win the Academy Award for Best Picture,25,1.3,Dec/13/2011 06:24:03
754192,BEST.PIC:MIDNIGHT.PARIS,Midnight in Paris to win the Academy Award for Best Picture,1,1.3,Dec/13/2011 06:24:03
754192,BEST.PIC:MIDNIGHT.PARIS,Midnight in Paris to win the Academy Award for Best Picture,20,1.3,Dec/14/2011 01:29:43
754192,BEST.PIC:MIDNIGHT.PARIS,Midnight in Paris to win the Academy Award for Best Picture,1,1.3,Dec/14/2011 02:52:40
754192,BEST.PIC:MIDNIGHT.PARIS,Midnight in Paris to win the Academy Award for Best Picture,4,1.3,Dec/14/2011 02:52:40
754192,BEST.PIC:MIDNIGHT.PARIS,Midnight in Paris to win the Academy Award for Best Picture,14,1.5,Dec/14/2011 14:17:56
754192,BEST.PIC:MIDNIGHT.PARIS,Midnight in Paris to win the Academy Award for Best Picture,25,1.4,Dec/14/2011 14:17:56
754192,BEST.PIC:MIDNIGHT.PARIS,Midnight in Paris to win the Academy Award for Best Picture,1,1.4,Dec/14/2011 14:17:56
754192,BEST.PIC:MIDNIGHT.PARIS,Midnight in Paris to win the Academy Award for Best Picture,20,1.5,Dec/14/2011 14:17:56
754192,BEST.PIC:MIDNIGHT.PARIS,Midnight in Paris to win the Academy Award for Best Picture,20,1.5,Dec/14/2011 14:17:56
754192,BEST.PIC:MIDNIGHT.PARIS,Midnight in Paris to win the Academy Award for Best Picture,11,1.5,Dec/14/2011 14:18:07
754192,BEST.PIC:MIDNIGHT.PARIS,Midnight in Paris to win the Academy Award for Best Picture,1,1.8,Dec/14/2011 14:58:45
754192,BEST.PIC:MIDNIGHT.PARIS,Midnight in Paris to win the Academy Award for Best Picture,23,1.9,Dec/14/2011 14:58:45
754192,BEST.PIC:MIDNIGHT.PARIS,Midnight in Paris to win the Academy Award for Best Picture,25,1.8,Dec/14/2011 14:58:45
754192,BEST.PIC:MIDNIGHT.PARIS,Midnight in Paris to win the Academy Award for Best Picture,25,1.7,Dec/14/2011 14:58:45
754192,BEST.PIC:MIDNIGHT.PARIS,Midnight in Paris to win the Academy Award for Best Picture,25,1.6,Dec/14/2011 14:58:45
754192,BEST.PIC:MIDNIGHT.PARIS,Midnight in Paris to win the Academy Award for Best Picture,1,1.6,Dec/14/2011 14:58:45
754192,BEST.PIC:MIDNIGHT.PARIS,Midnight in Paris to win the Academy Award for Best Picture,2,1.9,Dec/14/2011 16:53:00
754192,BEST.PIC:MIDNIGHT.PARIS,Midnight in Paris to win the Academy Award for Best Picture,1,1.9,Dec/14/2011 17:11:49
754192,BEST.PIC:MIDNIGHT.PARIS,Midnight in Paris to win the Academy Award for Best Picture,5,1.9,Dec/14/2011 17:11:49
754192,BEST.PIC:MIDNIGHT.PARIS,Midnight in Paris to win the Academy Award for Best Picture,5,1.9,Dec/14/2011 17:11:49
754192,BEST.PIC:MIDNIGHT.PARIS,Midnight in Paris to win the Academy Award for Best Picture,20,2.0,Dec/14/2011 17:12:14
754192,BEST.PIC:MIDNIGHT.PARIS,Midnight in Paris to win the Academy Award for Best Picture,10,2.0,Dec/14/2011 17:12:14
754192,BEST.PIC:MIDNIGHT.PARIS,Midnight in Paris to win the Academy Award for Best Picture,14,2.0,Dec/14/2011 17:12:14
754192,BEST.PIC:MIDNIGHT.PARIS,Midnight in Paris to win the Academy Award for Best Picture,1,2.0,Dec/14/2011 19:36:42
754192,BEST.PIC:MIDNIGHT.PARIS,Midnight in Paris to win the Academy Award for Best Picture,5,2.0,Dec/14/2011 19:36:42
754192,BEST.PIC:MIDNIGHT.PARIS,Midnight in Paris to win the Academy Award for Best Picture,6,2.0,Dec/14/2011 19:36:42
754192,BEST.PIC:MIDNIGHT.PARIS,Midnight in Paris to win the Academy Award for Best Picture,19,2.1,Dec/14/2011 19:38:27
754192,BEST.PIC:MIDNIGHT.PARIS,Midnight in Paris to win the Academy Award for Best Picture,1,2.1,Dec/14/2011 19:54:20
754192,BEST.PIC:MIDNIGHT.PARIS,Midnight in Paris to win the Academy Award for Best Picture,5,2.1,Dec/14/2011 19:54:20
754192,BEST.PIC:MIDNIGHT.PARIS,Midnight in Paris to win the Academy Award for Best Picture,5,2.2,Dec/14/2011 19:54:36
754192,BEST.PIC:MIDNIGHT.PARIS,Midnight in Paris to win the Academy Award for Best Picture,1,2.2,Dec/14/2011 19:54:36
754192,BEST.PIC:MIDNIGHT.PARIS,Midnight in Paris to win the Academy Award for Best Picture,3,2.3,Dec/14/2011 19:55:27
754192,BEST.PIC:MIDNIGHT.PARIS,Midnight in Paris to win the Academy Award for Best Picture,17,2.3,Dec/14/2011 20:38:12
754192,BEST.PIC:MIDNIGHT.PARIS,Midnight in Paris to win the Academy Award for Best Picture,1,2.5,Dec/14/2011 20:38:33
754192,BEST.PIC:MIDNIGHT.PARIS,Midnight in Paris to win the Academy Award for Best Picture,9,2.5,Dec/14/2011 20:43:12
754192,BEST.PIC:MIDNIGHT.PARIS,Midnight in Paris to win the Academy Award for Best Picture,1,2.5,Dec/14/2011 20:43:12
754192,BEST.PIC:MIDNIGHT.PARIS,Midnight in Paris to win the Academy Award for Best Picture,1,2.7,Dec/14/2011 20:43:22
754192,BEST.PIC:MIDNIGHT.PARIS,Midnight in Paris to win the Academy Award for Best Picture,1,2.7,Dec/14/2011 21:18:53
754192,BEST.PIC:MIDNIGHT.PARIS,Midnight in Paris to win the Academy Award for Best Picture,19,2.7,Dec/14/2011 21:18:53
754192,BEST.PIC:MIDNIGHT.PARIS,Midnight in Paris to win the Academy Award for Best Picture,10,2.8,Dec/14/2011 21:19:32
754192,BEST.PIC:MIDNIGHT.PARIS,Midnight in Paris to win the Academy Award for Best Picture,10,3.0,Dec/15/2011 01:09:59
754192,BEST.PIC:MIDNIGHT.PARIS,Midnight in Paris to win the Academy Award for Best Picture,1,3.0,Dec/15/2011 01:09:59
754192,BEST.PIC:MIDNIGHT.PARIS,Midnight in Paris to win the Academy Award for Best Picture,6,3.0,Dec/15/2011 01:09:59
754192,BEST.PIC:MIDNIGHT.PARIS,Midnight in Paris to win the Academy Award for Best Picture,2,1.7,Dec/16/2011 05:01:39
754192,BEST.PIC:MIDNIGHT.PARIS,Midnight in Paris to win the Academy Award for Best Picture,2,1.7,Dec/16/2011 05:03:52
754192,BEST.PIC:MIDNIGHT.PARIS,Midnight in Paris to win the Academy Award for Best Picture,45,1.7,Dec/19/2011 17:59:15
754192,BEST.PIC:MIDNIGHT.PARIS,Midnight in Paris to win the Academy Award for Best Picture,30,1.7,Dec/19/2011 18:43:55
754192,BEST.PIC:MIDNIGHT.PARIS,Midnight in Paris to win the Academy Award for Best Picture,30,1.7,Dec/19/2011 22:04:59
754192,BEST.PIC:MIDNIGHT.PARIS,Midnight in Paris to win the Academy Award for Best Picture,1,1.7,Dec/19/2011 22:04:59
754192,BEST.PIC:MIDNIGHT.PARIS,Midnight in Paris to win the Academy Award for Best Picture,30,1.8,Dec/19/2011 22:05:55
754192,BEST.PIC:MIDNIGHT.PARIS,Midnight in Paris to win the Academy Award for Best Picture,10,1.8,Dec/19/2011 22:05:55
754192,BEST.PIC:MIDNIGHT.PARIS,Midnight in Paris to win the Academy Award for Best Picture,1,2.0,Dec/20/2011 05:02:59
754192,BEST.PIC:MIDNIGHT.PARIS,Midnight in Paris to win the Academy Award for Best Picture,10,2.0,Dec/20/2011 05:02:59
754192,BEST.PIC:MIDNIGHT.PARIS,Midnight in Paris to win the Academy Award for Best Picture,10,2.0,Dec/22/2011 06:40:28
754192,BEST.PIC:MIDNIGHT.PARIS,Midnight in Paris to win the Academy Award for Best Picture,1,2.0,Dec/22/2011 06:40:28
754192,BEST.PIC:MIDNIGHT.PARIS,Midnight in Paris to win the Academy Award for Best Picture,29,2.0,Dec/22/2011 06:40:28
754192,BEST.PIC:MIDNIGHT.PARIS,Midnight in Paris to win the Academy Award for Best Picture,1,2.0,Dec/22/2011 06:52:32
754192,BEST.PIC:MIDNIGHT.PARIS,Midnight in Paris to win the Academy Award for Best Picture,1,2.0,Dec/22/2011 21:19:55
754192,BEST.PIC:MIDNIGHT.PARIS,Midnight in Paris to win the Academy Award for Best Picture,10,2.2,Dec/24/2011 17:17:29
754192,BEST.PIC:MIDNIGHT.PARIS,Midnight in Paris to win the Academy Award for Best Picture,50,2.1,Dec/24/2011 17:17:29
754192,BEST.PIC:MIDNIGHT.PARIS,Midnight in Paris to win the Academy Award for Best Picture,3,2.0,Dec/25/2011 23:48:22
754192,BEST.PIC:MIDNIGHT.PARIS,Midnight in Paris to win the Academy Award for Best Picture,1,2.4,Dec/27/2011 09:54:53
754192,BEST.PIC:MIDNIGHT.PARIS,Midnight in Paris to win the Academy Award for Best Picture,10,2.4,Dec/27/2011 09:54:53
754192,BEST.PIC:MIDNIGHT.PARIS,Midnight in Paris to win the Academy Award for Best Picture,10,2.5,Dec/27/2011 09:58:35
754192,BEST.PIC:MIDNIGHT.PARIS,Midnight in Paris to win the Academy Award for Best Picture,10,2.5,Dec/27/2011 09:58:35
754192,BEST.PIC:MIDNIGHT.PARIS,Midnight in Paris to win the Academy Award for Best Picture,10,2.7,Dec/29/2011 23:59:52
754192,BEST.PIC:MIDNIGHT.PARIS,Midnight in Paris to win the Academy Award for Best Picture,1,2.7,Dec/29/2011 23:59:52
754192,BEST.PIC:MIDNIGHT.PARIS,Midnight in Paris to win the Academy Award for Best Picture,10,2.8,Dec/30/2011 00:00:17
754192,BEST.PIC:MIDNIGHT.PARIS,Midnight in Paris to win the Academy Award for Best Picture,20,2.9,Dec/30/2011 00:00:33
754192,BEST.PIC:MIDNIGHT.PARIS,Midnight in Paris to win the Academy Award for Best Picture,1,2.9,Dec/30/2011 00:00:33
754192,BEST.PIC:MIDNIGHT.PARIS,Midnight in Paris to win the Academy Award for Best Picture,4,3.0,Dec/30/2011 00:00:46
754192,BEST.PIC:MIDNIGHT.PARIS,Midnight in Paris to win the Academy Award for Best Picture,10,3.0,Dec/30/2011 00:00:46
754192,BEST.PIC:MIDNIGHT.PARIS,Midnight in Paris to win the Academy Award for Best Picture,20,3.0,Dec/30/2011 00:00:46
754192,BEST.PIC:MIDNIGHT.PARIS,Midnight in Paris to win the Academy Award for Best Picture,10,3.5,Dec/30/2011 00:01:18
754192,BEST.PIC:MIDNIGHT.PARIS,Midnight in Paris to win the Academy Award for Best Picture,3,3.5,Dec/30/2011 00:01:18
754192,BEST.PIC:MIDNIGHT.PARIS,Midnight in Paris to win the Academy Award for Best Picture,1,3.8,Dec/30/2011 00:01:36
754192,BEST.PIC:MIDNIGHT.PARIS,Midnight in Paris to win the Academy Award for Best Picture,10,3.8,Dec/30/2011 00:01:36
754192,BEST.PIC:MIDNIGHT.PARIS,Midnight in Paris to win the Academy Award for Best Picture,10,4.0,Dec/30/2011 00:38:50
754192,BEST.PIC:MIDNIGHT.PARIS,Midnight in Paris to win the Academy Award for Best Picture,10,4.0,Dec/30/2011 00:38:50
754192,BEST.PIC:MIDNIGHT.PARIS,Midnight in Paris to win the Academy Award for Best Picture,10,4.0,Dec/30/2011 00:38:50
754192,BEST.PIC:MIDNIGHT.PARIS,Midnight in Paris to win the Academy Award for Best Picture,10,4.0,Dec/30/2011 00:38:50
754192,BEST.PIC:MIDNIGHT.PARIS,Midnight in Paris to win the Academy Award for Best Picture,1,4.0,Dec/30/2011 00:38:50
754192,BEST.PIC:MIDNIGHT.PARIS,Midnight in Paris to win the Academy Award for Best Picture,2,4.4,Dec/30/2011 00:43:25
754192,BEST.PIC:MIDNIGHT.PARIS,Midnight in Paris to win the Academy Award for Best Picture,20,4.4,Dec/30/2011 00:43:25
754192,BEST.PIC:MIDNIGHT.PARIS,Midnight in Paris to win the Academy Award for Best Picture,4,3.5,Dec/30/2011 14:01:09
754192,BEST.PIC:MIDNIGHT.PARIS,Midnight in Paris to win the Academy Award for Best Picture,20,2.5,Jan/02/2012 18:12:57
754192,BEST.PIC:MIDNIGHT.PARIS,Midnight in Paris to win the Academy Award for Best Picture,20,2.5,Jan/02/2012 18:13:06
754192,BEST.PIC:MIDNIGHT.PARIS,Midnight in Paris to win the Academy Award for Best Picture,60,2.5,Jan/03/2012 18:23:10
754192,BEST.PIC:MIDNIGHT.PARIS,Midnight in Paris to win the Academy Award for Best Picture,6,3.5,Jan/06/2012 01:41:00
754192,BEST.PIC:MIDNIGHT.PARIS,Midnight in Paris to win the Academy Award for Best Picture,1,3.5,Jan/06/2012 01:41:00
754192,BEST.PIC:MIDNIGHT.PARIS,Midnight in Paris to win the Academy Award for Best Picture,10,4.0,Jan/06/2012 01:41:20
754192,BEST.PIC:MIDNIGHT.PARIS,Midnight in Paris to win the Academy Award for Best Picture,2,4.0,Jan/06/2012 01:41:20
754192,BEST.PIC:MIDNIGHT.PARIS,Midnight in Paris to win the Academy Award for Best Picture,20,3.5,Jan/07/2012 15:30:42
754192,BEST.PIC:MIDNIGHT.PARIS,Midnight in Paris to win the Academy Award for Best Picture,1,3.5,Jan/07/2012 15:30:42
754192,BEST.PIC:MIDNIGHT.PARIS,Midnight in Paris to win the Academy Award for Best Picture,20,4.0,Jan/07/2012 15:30:55
754192,BEST.PIC:MIDNIGHT.PARIS,Midnight in Paris to win the Academy Award for Best Picture,2,4.0,Jan/07/2012 15:30:55
754192,BEST.PIC:MIDNIGHT.PARIS,Midnight in Paris to win the Academy Award for Best Picture,10,4.0,Jan/07/2012 15:30:55
754192,BEST.PIC:MIDNIGHT.PARIS,Midnight in Paris to win the Academy Award for Best Picture,1,3.5,Jan/08/2012 17:16:23
754192,BEST.PIC:MIDNIGHT.PARIS,Midnight in Paris to win the Academy Award for Best Picture,30,3.5,Jan/08/2012 17:16:23
754192,BEST.PIC:MIDNIGHT.PARIS,Midnight in Paris to win the Academy Award for Best Picture,10,4.0,Jan/08/2012 17:16:52
754192,BEST.PIC:MIDNIGHT.PARIS,Midnight in Paris to win the Academy Award for Best Picture,20,4.0,Jan/08/2012 17:16:52
754192,BEST.PIC:MIDNIGHT.PARIS,Midnight in Paris to win the Academy Award for Best Picture,2,4.0,Jan/08/2012 17:16:52
754192,BEST.PIC:MIDNIGHT.PARIS,Midnight in Paris to win the Academy Award for Best Picture,232,4.3,Jan/09/2012 18:07:36
754192,BEST.PIC:MIDNIGHT.PARIS,Midnight in Paris to win the Academy Award for Best Picture,1,5.0,Jan/09/2012 18:07:36
754192,BEST.PIC:MIDNIGHT.PARIS,Midnight in Paris to win the Academy Award for Best Picture,110,4.2,Jan/09/2012 18:07:36
754192,BEST.PIC:MIDNIGHT.PARIS,Midnight in Paris to win the Academy Award for Best Picture,1,4.2,Jan/09/2012 18:07:36
754192,BEST.PIC:MIDNIGHT.PARIS,Midnight in Paris to win the Academy Award for Best Picture,30,4.0,Jan/09/2012 18:07:36
754192,BEST.PIC:MIDNIGHT.PARIS,Midnight in Paris to win the Academy Award for Best Picture,10,5.0,Jan/09/2012 18:07:36
754192,BEST.PIC:MIDNIGHT.PARIS,Midnight in Paris to win the Academy Award for Best Picture,2,4.8,Jan/09/2012 18:07:36
754192,BEST.PIC:MIDNIGHT.PARIS,Midnight in Paris to win the Academy Award for Best Picture,10,4.0,Jan/09/2012 18:07:36
754192,BEST.PIC:MIDNIGHT.PARIS,Midnight in Paris to win the Academy Award for Best Picture,1,4.0,Jan/09/2012 18:07:36
754192,BEST.PIC:MIDNIGHT.PARIS,Midnight in Paris to win the Academy Award for Best Picture,1,4.5,Jan/09/2012 18:07:36
754192,BEST.PIC:MIDNIGHT.PARIS,Midnight in Paris to win the Academy Award for Best Picture,10,4.8,Jan/09/2012 18:07:36
754192,BEST.PIC:MIDNIGHT.PARIS,Midnight in Paris to win the Academy Award for Best Picture,10,4.5,Jan/09/2012 18:07:36
754192,BEST.PIC:MIDNIGHT.PARIS,Midnight in Paris to win the Academy Award for Best Picture,10,5.0,Jan/09/2012 18:07:36
754192,BEST.PIC:MIDNIGHT.PARIS,Midnight in Paris to win the Academy Award for Best Picture,10,5.0,Jan/09/2012 18:07:36
754192,BEST.PIC:MIDNIGHT.PARIS,Midnight in Paris to win the Academy Award for Best Picture,10,4.5,Jan/09/2012 18:07:36
754192,BEST.PIC:MIDNIGHT.PARIS,Midnight in Paris to win the Academy Award for Best Picture,1,5.0,Jan/10/2012 09:45:28
754192,BEST.PIC:MIDNIGHT.PARIS,Midnight in Paris to win the Academy Award for Best Picture,30,5.0,Jan/10/2012 09:45:28
754192,BEST.PIC:MIDNIGHT.PARIS,Midnight in Paris to win the Academy Award for Best Picture,2,4.0,Jan/10/2012 23:51:25
754192,BEST.PIC:MIDNIGHT.PARIS,Midnight in Paris to win the Academy Award for Best Picture,60,5.0,Jan/11/2012 00:47:17
754192,BEST.PIC:MIDNIGHT.PARIS,Midnight in Paris to win the Academy Award for Best Picture,1,5.0,Jan/11/2012 02:17:28
754192,BEST.PIC:MIDNIGHT.PARIS,Midnight in Paris to win the Academy Award for Best Picture,240,5.0,Jan/11/2012 02:17:28
754192,BEST.PIC:MIDNIGHT.PARIS,Midnight in Paris to win the Academy Award for Best Picture,98,4.0,Jan/12/2012 08:27:37
754192,BEST.PIC:MIDNIGHT.PARIS,Midnight in Paris to win the Academy Award for Best Picture,1,4.0,Jan/12/2012 21:31:11
754192,BEST.PIC:MIDNIGHT.PARIS,Midnight in Paris to win the Academy Award for Best Picture,20,4.0,Jan/12/2012 21:31:11
754192,BEST.PIC:MIDNIGHT.PARIS,Midnight in Paris to win the Academy Award for Best Picture,19,4.2,Jan/14/2012 00:55:30
754192,BEST.PIC:MIDNIGHT.PARIS,Midnight in Paris to win the Academy Award for Best Picture,10,4.0,Jan/14/2012 00:55:30
754192,BEST.PIC:MIDNIGHT.PARIS,Midnight in Paris to win the Academy Award for Best Picture,30,4.1,Jan/14/2012 00:55:30
754192,BEST.PIC:MIDNIGHT.PARIS,Midnight in Paris to win the Academy Award for Best Picture,40,4.0,Jan/14/2012 00:55:30
754192,BEST.PIC:MIDNIGHT.PARIS,Midnight in Paris to win the Academy Award for Best Picture,1,4.0,Jan/14/2012 00:55:30
754192,BEST.PIC:MIDNIGHT.PARIS,Midnight in Paris to win the Academy Award for Best Picture,15,3.1,Jan/14/2012 20:05:22
754192,BEST.PIC:MIDNIGHT.PARIS,Midnight in Paris to win the Academy Award for Best Picture,10,3.1,Jan/14/2012 20:05:45
754192,BEST.PIC:MIDNIGHT.PARIS,Midnight in Paris to win the Academy Award for Best Picture,10,3.1,Jan/14/2012 20:06:02
754192,BEST.PIC:MIDNIGHT.PARIS,Midnight in Paris to win the Academy Award for Best Picture,1,3.8,Jan/16/2012 02:31:48
754192,BEST.PIC:MIDNIGHT.PARIS,Midnight in Paris to win the Academy Award for Best Picture,77,3.8,Jan/16/2012 02:31:48
754192,BEST.PIC:MIDNIGHT.PARIS,Midnight in Paris to win the Academy Award for Best Picture,50,4.0,Jan/16/2012 02:32:41
754192,BEST.PIC:MIDNIGHT.PARIS,Midnight in Paris to win the Academy Award for Best Picture,1,4.0,Jan/16/2012 02:32:41
754192,BEST.PIC:MIDNIGHT.PARIS,Midnight in Paris to win the Academy Award for Best Picture,10,4.0,Jan/16/2012 02:32:41
754192,BEST.PIC:MIDNIGHT.PARIS,Midnight in Paris to win the Academy Award for Best Picture,2,4.5,Jan/16/2012 02:35:16
754192,BEST.PIC:MIDNIGHT.PARIS,Midnight in Paris to win the Academy Award for Best Picture,40,4.5,Jan/16/2012 02:35:16
754192,BEST.PIC:MIDNIGHT.PARIS,Midnight in Paris to win the Academy Award for Best Picture,20,5.0,Jan/16/2012 02:45:00
754192,BEST.PIC:MIDNIGHT.PARIS,Midnight in Paris to win the Academy Award for Best Picture,13,5.0,Jan/16/2012 02:45:00
754192,BEST.PIC:MIDNIGHT.PARIS,Midnight in Paris to win the Academy Award for Best Picture,10,5.0,Jan/16/2012 02:45:00
754192,BEST.PIC:MIDNIGHT.PARIS,Midnight in Paris to win the Academy Award for Best Picture,3,5.0,Jan/16/2012 02:45:00
754192,BEST.PIC:MIDNIGHT.PARIS,Midnight in Paris to win the Academy Award for Best Picture,20,5.5,Jan/16/2012 03:14:30
754192,BEST.PIC:MIDNIGHT.PARIS,Midnight in Paris to win the Academy Award for Best Picture,20,5.5,Jan/16/2012 03:14:30
754192,BEST.PIC:MIDNIGHT.PARIS,Midnight in Paris to win the Academy Award for Best Picture,1,5.5,Jan/16/2012 03:14:30
754192,BEST.PIC:MIDNIGHT.PARIS,Midnight in Paris to win the Academy Award for Best Picture,10,5.5,Jan/16/2012 03:14:30
754192,BEST.PIC:MIDNIGHT.PARIS,Midnight in Paris to win the Academy Award for Best Picture,8,4.5,Jan/16/2012 03:58:47
754192,BEST.PIC:MIDNIGHT.PARIS,Midnight in Paris to win the Academy Award for Best Picture,12,3.2,Jan/16/2012 04:00:17
754192,BEST.PIC:MIDNIGHT.PARIS,Midnight in Paris to win the Academy Award for Best Picture,33,3.2,Jan/16/2012 04:04:42
754192,BEST.PIC:MIDNIGHT.PARIS,Midnight in Paris to win the Academy Award for Best Picture,1,3.4,Jan/16/2012 20:34:46
754192,BEST.PIC:MIDNIGHT.PARIS,Midnight in Paris to win the Academy Award for Best Picture,1,3.4,Jan/16/2012 20:34:55
754192,BEST.PIC:MIDNIGHT.PARIS,Midnight in Paris to win the Academy Award for Best Picture,1,3.4,Jan/16/2012 20:35:07
754192,BEST.PIC:MIDNIGHT.PARIS,Midnight in Paris to win the Academy Award for Best Picture,1,3.4,Jan/16/2012 21:47:39
754192,BEST.PIC:MIDNIGHT.PARIS,Midnight in Paris to win the Academy Award for Best Picture,1,4.5,Jan/17/2012 16:01:41
754192,BEST.PIC:MIDNIGHT.PARIS,Midnight in Paris to win the Academy Award for Best Picture,10,4.5,Jan/17/2012 16:01:41
754192,BEST.PIC:MIDNIGHT.PARIS,Midnight in Paris to win the Academy Award for Best Picture,9,4.9,Jan/17/2012 16:01:41
754192,BEST.PIC:MIDNIGHT.PARIS,Midnight in Paris to win the Academy Award for Best Picture,2,3.4,Jan/17/2012 17:14:13
754192,BEST.PIC:MIDNIGHT.PARIS,Midnight in Paris to win the Academy Award for Best Picture,34,3.4,Jan/17/2012 21:04:47
754192,BEST.PIC:MIDNIGHT.PARIS,Midnight in Paris to win the Academy Award for Best Picture,25,2.7,Jan/17/2012 22:07:32
754192,BEST.PIC:MIDNIGHT.PARIS,Midnight in Paris to win the Academy Award for Best Picture,17,2.5,Jan/17/2012 22:07:32
754192,BEST.PIC:MIDNIGHT.PARIS,Midnight in Paris to win the Academy Award for Best Picture,5,2.6,Jan/17/2012 23:19:03
754192,BEST.PIC:MIDNIGHT.PARIS,Midnight in Paris to win the Academy Award for Best Picture,3,2.7,Jan/19/2012 00:01:00
754192,BEST.PIC:MIDNIGHT.PARIS,Midnight in Paris to win the Academy Award for Best Picture,22,2.5,Jan/19/2012 16:30:46
754192,BEST.PIC:MIDNIGHT.PARIS,Midnight in Paris to win the Academy Award for Best Picture,21,2.5,Jan/19/2012 16:31:20
754192,BEST.PIC:MIDNIGHT.PARIS,Midnight in Paris to win the Academy Award for Best Picture,17,3.4,Jan/20/2012 03:25:20
754192,BEST.PIC:MIDNIGHT.PARIS,Midnight in Paris to win the Academy Award for Best Picture,20,2.3,Jan/20/2012 11:02:43
754192,BEST.PIC:MIDNIGHT.PARIS,Midnight in Paris to win the Academy Award for Best Picture,8,2.2,Jan/20/2012 14:54:20
754192,BEST.PIC:MIDNIGHT.PARIS,Midnight in Paris to win the Academy Award for Best Picture,30,2.2,Jan/21/2012 02:04:37
754192,BEST.PIC:MIDNIGHT.PARIS,Midnight in Paris to win the Academy Award for Best Picture,20,2.2,Jan/22/2012 01:50:33
754192,BEST.PIC:MIDNIGHT.PARIS,Midnight in Paris to win the Academy Award for Best Picture,3,2.1,Jan/22/2012 08:01:12
754192,BEST.PIC:MIDNIGHT.PARIS,Midnight in Paris to win the Academy Award for Best Picture,2,2.1,Jan/22/2012 18:11:09
754192,BEST.PIC:MIDNIGHT.PARIS,Midnight in Paris to win the Academy Award for Best Picture,18,2.0,Jan/22/2012 18:11:09
754192,BEST.PIC:MIDNIGHT.PARIS,Midnight in Paris to win the Academy Award for Best Picture,30,2.0,Jan/22/2012 18:11:09
754192,BEST.PIC:MIDNIGHT.PARIS,Midnight in Paris to win the Academy Award for Best Picture,50,1.5,Jan/25/2012 20:11:14
754192,BEST.PIC:MIDNIGHT.PARIS,Midnight in Paris to win the Academy Award for Best Picture,10,1.3,Jan/26/2012 15:42:02
754192,BEST.PIC:MIDNIGHT.PARIS,Midnight in Paris to win the Academy Award for Best Picture,20,1.4,Jan/28/2012 10:33:30
754192,BEST.PIC:MIDNIGHT.PARIS,Midnight in Paris to win the Academy Award for Best Picture,1,1.4,Jan/28/2012 10:33:30
754192,BEST.PIC:MIDNIGHT.PARIS,Midnight in Paris to win the Academy Award for Best Picture,10,1.5,Jan/28/2012 10:43:56
754192,BEST.PIC:MIDNIGHT.PARIS,Midnight in Paris to win the Academy Award for Best Picture,3,2.4,Jan/28/2012 14:35:04
754192,BEST.PIC:MIDNIGHT.PARIS,Midnight in Paris to win the Academy Award for Best Picture,1,2.4,Jan/28/2012 14:35:04
754192,BEST.PIC:MIDNIGHT.PARIS,Midnight in Paris to win the Academy Award for Best Picture,1,2.4,Jan/28/2012 14:35:13
754192,BEST.PIC:MIDNIGHT.PARIS,Midnight in Paris to win the Academy Award for Best Picture,1,1.4,Jan/28/2012 16:47:37
754192,BEST.PIC:MIDNIGHT.PARIS,Midnight in Paris to win the Academy Award for Best Picture,11,1.0,Jan/28/2012 17:46:17
754192,BEST.PIC:MIDNIGHT.PARIS,Midnight in Paris to win the Academy Award for Best Picture,26,1.1,Jan/29/2012 05:55:02
754192,BEST.PIC:MIDNIGHT.PARIS,Midnight in Paris to win the Academy Award for Best Picture,3,1.0,Jan/29/2012 06:25:34
754192,BEST.PIC:MIDNIGHT.PARIS,Midnight in Paris to win the Academy Award for Best Picture,30,1.0,Jan/29/2012 06:28:04
754192,BEST.PIC:MIDNIGHT.PARIS,Midnight in Paris to win the Academy Award for Best Picture,1,1.0,Jan/29/2012 06:49:43
754192,BEST.PIC:MIDNIGHT.PARIS,Midnight in Paris to win the Academy Award for Best Picture,19,1.0,Jan/29/2012 07:28:30
754192,BEST.PIC:MIDNIGHT.PARIS,Midnight in Paris to win the Academy Award for Best Picture,7,0.4,Jan/31/2012 07:57:40
754192,BEST.PIC:MIDNIGHT.PARIS,Midnight in Paris to win the Academy Award for Best Picture,25,0.5,Jan/31/2012 19:41:12
754192,BEST.PIC:MIDNIGHT.PARIS,Midnight in Paris to win the Academy Award for Best Picture,1,0.5,Feb/01/2012 07:06:03
754192,BEST.PIC:MIDNIGHT.PARIS,Midnight in Paris to win the Academy Award for Best Picture,10,0.5,Feb/01/2012 07:06:03
754192,BEST.PIC:MIDNIGHT.PARIS,Midnight in Paris to win the Academy Award for Best Picture,10,0.7,Feb/01/2012 07:06:03
754192,BEST.PIC:MIDNIGHT.PARIS,Midnight in Paris to win the Academy Award for Best Picture,17,0.6,Feb/01/2012 07:06:03
754192,BEST.PIC:MIDNIGHT.PARIS,Midnight in Paris to win the Academy Award for Best Picture,10,0.8,Feb/01/2012 07:06:03
754192,BEST.PIC:MIDNIGHT.PARIS,Midnight in Paris to win the Academy Award for Best Picture,1,1.0,Feb/01/2012 07:06:03
754192,BEST.PIC:MIDNIGHT.PARIS,Midnight in Paris to win the Academy Award for Best Picture,1,0.7,Feb/01/2012 07:06:03
754192,BEST.PIC:MIDNIGHT.PARIS,Midnight in Paris to win the Academy Award for Best Picture,1,0.4,Feb/01/2012 16:22:46
754192,BEST.PIC:MIDNIGHT.PARIS,Midnight in Paris to win the Academy Award for Best Picture,14,0.9,Feb/01/2012 21:47:23
754192,BEST.PIC:MIDNIGHT.PARIS,Midnight in Paris to win the Academy Award for Best Picture,1,0.9,Feb/01/2012 21:47:23
754192,BEST.PIC:MIDNIGHT.PARIS,Midnight in Paris to win the Academy Award for Best Picture,3,0.5,Feb/02/2012 03:18:58
754192,BEST.PIC:MIDNIGHT.PARIS,Midnight in Paris to win the Academy Award for Best Picture,10,0.5,Feb/02/2012 04:09:15
754192,BEST.PIC:MIDNIGHT.PARIS,Midnight in Paris to win the Academy Award for Best Picture,3,0.5,Feb/02/2012 04:10:26
754192,BEST.PIC:MIDNIGHT.PARIS,Midnight in Paris to win the Academy Award for Best Picture,2,0.9,Feb/02/2012 11:08:50
754192,BEST.PIC:MIDNIGHT.PARIS,Midnight in Paris to win the Academy Award for Best Picture,1,0.5,Feb/02/2012 18:01:42
754192,BEST.PIC:MIDNIGHT.PARIS,Midnight in Paris to win the Academy Award for Best Picture,10,0.8,Feb/03/2012 06:15:40
754192,BEST.PIC:MIDNIGHT.PARIS,Midnight in Paris to win the Academy Award for Best Picture,1,0.8,Feb/03/2012 06:15:40
754192,BEST.PIC:MIDNIGHT.PARIS,Midnight in Paris to win the Academy Award for Best Picture,8,0.9,Feb/03/2012 06:15:44
754192,BEST.PIC:MIDNIGHT.PARIS,Midnight in Paris to win the Academy Award for Best Picture,3,1.0,Feb/03/2012 09:36:13
754192,BEST.PIC:MIDNIGHT.PARIS,Midnight in Paris to win the Academy Award for Best Picture,9,1.0,Feb/03/2012 09:36:13
754192,BEST.PIC:MIDNIGHT.PARIS,Midnight in Paris to win the Academy Award for Best Picture,1,1.0,Feb/03/2012 09:57:49
754192,BEST.PIC:MIDNIGHT.PARIS,Midnight in Paris to win the Academy Award for Best Picture,1,1.2,Feb/03/2012 09:57:49
754192,BEST.PIC:MIDNIGHT.PARIS,Midnight in Paris to win the Academy Award for Best Picture,20,1.2,Feb/03/2012 09:57:49
754192,BEST.PIC:MIDNIGHT.PARIS,Midnight in Paris to win the Academy Award for Best Picture,10,0.6,Feb/03/2012 18:05:39
754192,BEST.PIC:MIDNIGHT.PARIS,Midnight in Paris to win the Academy Award for Best Picture,1,0.6,Feb/03/2012 21:34:34
754192,BEST.PIC:MIDNIGHT.PARIS,Midnight in Paris to win the Academy Award for Best Picture,1,0.6,Feb/04/2012 00:35:23
754192,BEST.PIC:MIDNIGHT.PARIS,Midnight in Paris to win the Academy Award for Best Picture,1,0.6,Feb/04/2012 00:35:43
754192,BEST.PIC:MIDNIGHT.PARIS,Midnight in Paris to win the Academy Award for Best Picture,12,0.6,Feb/04/2012 01:17:43
754192,BEST.PIC:MIDNIGHT.PARIS,Midnight in Paris to win the Academy Award for Best Picture,1,0.9,Feb/04/2012 09:49:39
754192,BEST.PIC:MIDNIGHT.PARIS,Midnight in Paris to win the Academy Award for Best Picture,1,0.8,Feb/07/2012 22:11:16
754192,BEST.PIC:MIDNIGHT.PARIS,Midnight in Paris to win the Academy Award for Best Picture,10,0.8,Feb/07/2012 22:11:16
754192,BEST.PIC:MIDNIGHT.PARIS,Midnight in Paris to win the Academy Award for Best Picture,9,0.9,Feb/07/2012 22:11:55
754192,BEST.PIC:MIDNIGHT.PARIS,Midnight in Paris to win the Academy Award for Best Picture,1,0.9,Feb/07/2012 22:11:55
754192,BEST.PIC:MIDNIGHT.PARIS,Midnight in Paris to win the Academy Award for Best Picture,1,1.0,Feb/07/2012 22:12:25
754192,BEST.PIC:MIDNIGHT.PARIS,Midnight in Paris to win the Academy Award for Best Picture,10,1.0,Feb/07/2012 22:12:25
754192,BEST.PIC:MIDNIGHT.PARIS,Midnight in Paris to win the Academy Award for Best Picture,3,1.5,Feb/08/2012 00:57:46
754192,BEST.PIC:MIDNIGHT.PARIS,Midnight in Paris to win the Academy Award for Best Picture,5,0.8,Feb/09/2012 15:08:12
754192,BEST.PIC:MIDNIGHT.PARIS,Midnight in Paris to win the Academy Award for Best Picture,1,0.6,Feb/09/2012 15:17:21
754192,BEST.PIC:MIDNIGHT.PARIS,Midnight in Paris to win the Academy Award for Best Picture,9,0.6,Feb/09/2012 19:52:51
754192,BEST.PIC:MIDNIGHT.PARIS,Midnight in Paris to win the Academy Award for Best Picture,1,0.6,Feb/09/2012 19:52:51
754192,BEST.PIC:MIDNIGHT.PARIS,Midnight in Paris to win the Academy Award for Best Picture,7,0.7,Feb/09/2012 19:54:45
754192,BEST.PIC:MIDNIGHT.PARIS,Midnight in Paris to win the Academy Award for Best Picture,3,0.8,Feb/09/2012 19:55:34
754192,BEST.PIC:MIDNIGHT.PARIS,Midnight in Paris to win the Academy Award for Best Picture,1,0.8,Feb/09/2012 23:59:07
754192,BEST.PIC:MIDNIGHT.PARIS,Midnight in Paris to win the Academy Award for Best Picture,12,0.8,Feb/09/2012 23:59:07
754192,BEST.PIC:MIDNIGHT.PARIS,Midnight in Paris to win the Academy Award for Best Picture,60,0.8,Feb/11/2012 00:21:01
754192,BEST.PIC:MIDNIGHT.PARIS,Midnight in Paris to win the Academy Award for Best Picture,1,0.9,Feb/12/2012 02:12:33
754192,BEST.PIC:MIDNIGHT.PARIS,Midnight in Paris to win the Academy Award for Best Picture,1,0.8,Feb/12/2012 08:37:36
754192,BEST.PIC:MIDNIGHT.PARIS,Midnight in Paris to win the Academy Award for Best Picture,10,0.8,Feb/12/2012 19:13:12
754192,BEST.PIC:MIDNIGHT.PARIS,Midnight in Paris to win the Academy Award for Best Picture,16,0.8,Feb/12/2012 22:18:58
754192,BEST.PIC:MIDNIGHT.PARIS,Midnight in Paris to win the Academy Award for Best Picture,4,0.7,Feb/12/2012 22:21:49
754192,BEST.PIC:MIDNIGHT.PARIS,Midnight in Paris to win the Academy Award for Best Picture,11,0.7,Feb/12/2012 22:24:00
754192,BEST.PIC:MIDNIGHT.PARIS,Midnight in Paris to win the Academy Award for Best Picture,2,0.7,Feb/12/2012 22:25:18
754192,BEST.PIC:MIDNIGHT.PARIS,Midnight in Paris to win the Academy Award for Best Picture,11,0.7,Feb/12/2012 22:30:49
754192,BEST.PIC:MIDNIGHT.PARIS,Midnight in Paris to win the Academy Award for Best Picture,10,0.9,Feb/12/2012 22:47:22
754192,BEST.PIC:MIDNIGHT.PARIS,Midnight in Paris to win the Academy Award for Best Picture,1,0.5,Feb/12/2012 23:24:13
754192,BEST.PIC:MIDNIGHT.PARIS,Midnight in Paris to win the Academy Award for Best Picture,1,0.1,Feb/12/2012 23:24:13
754192,BEST.PIC:MIDNIGHT.PARIS,Midnight in Paris to win the Academy Award for Best Picture,9,0.9,Feb/12/2012 23:45:07
754192,BEST.PIC:MIDNIGHT.PARIS,Midnight in Paris to win the Academy Award for Best Picture,10,0.9,Feb/12/2012 23:45:07
754192,BEST.PIC:MIDNIGHT.PARIS,Midnight in Paris to win the Academy Award for Best Picture,1,0.9,Feb/12/2012 23:45:07
754192,BEST.PIC:MIDNIGHT.PARIS,Midnight in Paris to win the Academy Award for Best Picture,1,0.5,Feb/14/2012 02:46:07
754192,BEST.PIC:MIDNIGHT.PARIS,Midnight in Paris to win the Academy Award for Best Picture,1,0.5,Feb/14/2012 06:43:23
754192,BEST.PIC:MIDNIGHT.PARIS,Midnight in Paris to win the Academy Award for Best Picture,20,0.5,Feb/14/2012 06:43:23
754192,BEST.PIC:MIDNIGHT.PARIS,Midnight in Paris to win the Academy Award for Best Picture,1,0.6,Feb/14/2012 20:30:56
754192,BEST.PIC:MIDNIGHT.PARIS,Midnight in Paris to win the Academy Award for Best Picture,30,0.6,Feb/14/2012 20:30:56
754192,BEST.PIC:MIDNIGHT.PARIS,Midnight in Paris to win the Academy Award for Best Picture,20,0.7,Feb/15/2012 21:28:15
754192,BEST.PIC:MIDNIGHT.PARIS,Midnight in Paris to win the Academy Award for Best Picture,1,0.7,Feb/15/2012 21:28:15
754192,BEST.PIC:MIDNIGHT.PARIS,Midnight in Paris to win the Academy Award for Best Picture,1,0.8,Feb/15/2012 21:28:28
754192,BEST.PIC:MIDNIGHT.PARIS,Midnight in Paris to win the Academy Award for Best Picture,1,0.7,Feb/16/2012 05:45:17
754192,BEST.PIC:MIDNIGHT.PARIS,Midnight in Paris to win the Academy Award for Best Picture,10,0.7,Feb/16/2012 05:45:17
754192,BEST.PIC:MIDNIGHT.PARIS,Midnight in Paris to win the Academy Award for Best Picture,1,0.8,Feb/17/2012 00:32:49
754192,BEST.PIC:MIDNIGHT.PARIS,Midnight in Paris to win the Academy Award for Best Picture,2,0.7,Feb/18/2012 23:01:06
754192,BEST.PIC:MIDNIGHT.PARIS,Midnight in Paris to win the Academy Award for Best Picture,1,0.7,Feb/20/2012 04:14:37
754192,BEST.PIC:MIDNIGHT.PARIS,Midnight in Paris to win the Academy Award for Best Picture,8,0.7,Feb/20/2012 04:14:37
754192,BEST.PIC:MIDNIGHT.PARIS,Midnight in Paris to win the Academy Award for Best Picture,1,0.8,Feb/20/2012 04:15:10
754192,BEST.PIC:MIDNIGHT.PARIS,Midnight in Paris to win the Academy Award for Best Picture,18,0.8,Feb/20/2012 04:15:10
754192,BEST.PIC:MIDNIGHT.PARIS,Midnight in Paris to win the Academy Award for Best Picture,2,0.9,Feb/20/2012 04:16:20
754192,BEST.PIC:MIDNIGHT.PARIS,Midnight in Paris to win the Academy Award for Best Picture,3,0.4,Feb/20/2012 06:11:35
754192,BEST.PIC:MIDNIGHT.PARIS,Midnight in Paris to win the Academy Award for Best Picture,5,0.4,Feb/21/2012 01:46:47
754192,BEST.PIC:MIDNIGHT.PARIS,Midnight in Paris to win the Academy Award for Best Picture,1,0.4,Feb/21/2012 02:12:32
754192,BEST.PIC:MIDNIGHT.PARIS,Midnight in Paris to win the Academy Award for Best Picture,1,0.4,Feb/21/2012 05:40:03
754192,BEST.PIC:MIDNIGHT.PARIS,Midnight in Paris to win the Academy Award for Best Picture,6,0.4,Feb/21/2012 08:45:15
754192,BEST.PIC:MIDNIGHT.PARIS,Midnight in Paris to win the Academy Award for Best Picture,5,0.4,Feb/21/2012 08:46:21
754192,BEST.PIC:MIDNIGHT.PARIS,Midnight in Paris to win the Academy Award for Best Picture,1,0.4,Feb/21/2012 08:47:23
754192,BEST.PIC:MIDNIGHT.PARIS,Midnight in Paris to win the Academy Award for Best Picture,3,0.4,Feb/21/2012 08:48:15
754192,BEST.PIC:MIDNIGHT.PARIS,Midnight in Paris to win the Academy Award for Best Picture,9,0.4,Feb/21/2012 08:49:18
754192,BEST.PIC:MIDNIGHT.PARIS,Midnight in Paris to win the Academy Award for Best Picture,1,0.4,Feb/21/2012 08:51:18
754192,BEST.PIC:MIDNIGHT.PARIS,Midnight in Paris to win the Academy Award for Best Picture,5,0.4,Feb/21/2012 08:51:39
754192,BEST.PIC:MIDNIGHT.PARIS,Midnight in Paris to win the Academy Award for Best Picture,6,0.4,Feb/21/2012 08:52:29
754192,BEST.PIC:MIDNIGHT.PARIS,Midnight in Paris to win the Academy Award for Best Picture,3,0.2,Feb/21/2012 08:53:30
754192,BEST.PIC:MIDNIGHT.PARIS,Midnight in Paris to win the Academy Award for Best Picture,4,0.4,Feb/21/2012 08:53:30
754192,BEST.PIC:MIDNIGHT.PARIS,Midnight in Paris to win the Academy Award for Best Picture,2,0.2,Feb/21/2012 08:54:31
754192,BEST.PIC:MIDNIGHT.PARIS,Midnight in Paris to win the Academy Award for Best Picture,4,0.2,Feb/21/2012 08:55:32
754192,BEST.PIC:MIDNIGHT.PARIS,Midnight in Paris to win the Academy Award for Best Picture,8,0.2,Feb/21/2012 08:56:32
754192,BEST.PIC:MIDNIGHT.PARIS,Midnight in Paris to win the Academy Award for Best Picture,4,0.2,Feb/21/2012 08:57:37
754192,BEST.PIC:MIDNIGHT.PARIS,Midnight in Paris to win the Academy Award for Best Picture,3,0.2,Feb/21/2012 08:58:29
754192,BEST.PIC:MIDNIGHT.PARIS,Midnight in Paris to win the Academy Award for Best Picture,5,0.2,Feb/21/2012 08:59:32
754192,BEST.PIC:MIDNIGHT.PARIS,Midnight in Paris to win the Academy Award for Best Picture,1,0.2,Feb/21/2012 09:00:33
754192,BEST.PIC:MIDNIGHT.PARIS,Midnight in Paris to win the Academy Award for Best Picture,1,0.2,Feb/21/2012 09:23:51
754192,BEST.PIC:MIDNIGHT.PARIS,Midnight in Paris to win the Academy Award for Best Picture,5,0.3,Feb/22/2012 10:28:20
754192,BEST.PIC:MIDNIGHT.PARIS,Midnight in Paris to win the Academy Award for Best Picture,1,0.3,Feb/22/2012 10:28:20
754192,BEST.PIC:MIDNIGHT.PARIS,Midnight in Paris to win the Academy Award for Best Picture,5,0.4,Feb/22/2012 10:28:38
754192,BEST.PIC:MIDNIGHT.PARIS,Midnight in Paris to win the Academy Award for Best Picture,5,0.3,Feb/22/2012 16:16:47
754192,BEST.PIC:MIDNIGHT.PARIS,Midnight in Paris to win the Academy Award for Best Picture,5,0.3,Feb/22/2012 16:17:25
754192,BEST.PIC:MIDNIGHT.PARIS,Midnight in Paris to win the Academy Award for Best Picture,6,0.3,Feb/22/2012 16:35:28
754192,BEST.PIC:MIDNIGHT.PARIS,Midnight in Paris to win the Academy Award for Best Picture,4,0.3,Feb/22/2012 22:23:38
754192,BEST.PIC:MIDNIGHT.PARIS,Midnight in Paris to win the Academy Award for Best Picture,1,0.3,Feb/22/2012 22:23:38
754192,BEST.PIC:MIDNIGHT.PARIS,Midnight in Paris to win the Academy Award for Best Picture,5,0.2,Feb/23/2012 02:11:50
754192,BEST.PIC:MIDNIGHT.PARIS,Midnight in Paris to win the Academy Award for Best Picture,6,0.2,Feb/23/2012 02:12:08
754192,BEST.PIC:MIDNIGHT.PARIS,Midnight in Paris to win the Academy Award for Best Picture,5,0.2,Feb/23/2012 02:32:15
754192,BEST.PIC:MIDNIGHT.PARIS,Midnight in Paris to win the Academy Award for Best Picture,1,0.2,Feb/23/2012 03:15:30
754192,BEST.PIC:MIDNIGHT.PARIS,Midnight in Paris to win the Academy Award for Best Picture,4,0.1,Feb/23/2012 03:15:30
754192,BEST.PIC:MIDNIGHT.PARIS,Midnight in Paris to win the Academy Award for Best Picture,5,0.1,Feb/23/2012 04:37:55
754192,BEST.PIC:MIDNIGHT.PARIS,Midnight in Paris to win the Academy Award for Best Picture,5,0.1,Feb/23/2012 04:49:55
754192,BEST.PIC:MIDNIGHT.PARIS,Midnight in Paris to win the Academy Award for Best Picture,2,0.1,Feb/23/2012 05:41:13
754192,BEST.PIC:MIDNIGHT.PARIS,Midnight in Paris to win the Academy Award for Best Picture,2,0.2,Feb/23/2012 18:18:53
754192,BEST.PIC:MIDNIGHT.PARIS,Midnight in Paris to win the Academy Award for Best Picture,7,0.2,Feb/23/2012 19:49:36
754192,BEST.PIC:MIDNIGHT.PARIS,Midnight in Paris to win the Academy Award for Best Picture,1,0.2,Feb/23/2012 19:49:36
754192,BEST.PIC:MIDNIGHT.PARIS,Midnight in Paris to win the Academy Award for Best Picture,17,0.2,Feb/23/2012 19:49:36
754192,BEST.PIC:MIDNIGHT.PARIS,Midnight in Paris to win the Academy Award for Best Picture,1,0.1,Feb/24/2012 00:28:06
754192,BEST.PIC:MIDNIGHT.PARIS,Midnight in Paris to win the Academy Award for Best Picture,5,0.2,Feb/24/2012 09:57:46
754192,BEST.PIC:MIDNIGHT.PARIS,Midnight in Paris to win the Academy Award for Best Picture,5,0.2,Feb/24/2012 14:53:40
754192,BEST.PIC:MIDNIGHT.PARIS,Midnight in Paris to win the Academy Award for Best Picture,1,0.2,Feb/24/2012 14:53:50
754192,BEST.PIC:MIDNIGHT.PARIS,Midnight in Paris to win the Academy Award for Best Picture,5,0.2,Feb/24/2012 15:42:29
754192,BEST.PIC:MIDNIGHT.PARIS,Midnight in Paris to win the Academy Award for Best Picture,84,0.2,Feb/24/2012 23:26:01
754192,BEST.PIC:MIDNIGHT.PARIS,Midnight in Paris to win the Academy Award for Best Picture,8,0.3,Feb/25/2012 00:11:45
754192,BEST.PIC:MIDNIGHT.PARIS,Midnight in Paris to win the Academy Award for Best Picture,20,0.3,Feb/25/2012 00:11:45
754192,BEST.PIC:MIDNIGHT.PARIS,Midnight in Paris to win the Academy Award for Best Picture,1,0.3,Feb/25/2012 00:11:45
754192,BEST.PIC:MIDNIGHT.PARIS,Midnight in Paris to win the Academy Award for Best Picture,19,0.3,Feb/25/2012 00:11:45
754192,BEST.PIC:MIDNIGHT.PARIS,Midnight in Paris to win the Academy Award for Best Picture,1,0.4,Feb/25/2012 00:11:50
754192,BEST.PIC:MIDNIGHT.PARIS,Midnight in Paris to win the Academy Award for Best Picture,1,0.4,Feb/25/2012 19:26:29
754192,BEST.PIC:MIDNIGHT.PARIS,Midnight in Paris to win the Academy Award for Best Picture,19,0.4,Feb/25/2012 19:26:29
754192,BEST.PIC:MIDNIGHT.PARIS,Midnight in Paris to win the Academy Award for Best Picture,61,0.4,Feb/25/2012 19:26:29
754192,BEST.PIC:MIDNIGHT.PARIS,Midnight in Paris to win the Academy Award for Best Picture,3,0.5,Feb/25/2012 20:45:37
754192,BEST.PIC:MIDNIGHT.PARIS,Midnight in Paris to win the Academy Award for Best Picture,1,0.4,Feb/25/2012 22:56:26
754192,BEST.PIC:MIDNIGHT.PARIS,Midnight in Paris to win the Academy Award for Best Picture,1,0.5,Feb/26/2012 02:05:07
754192,BEST.PIC:MIDNIGHT.PARIS,Midnight in Paris to win the Academy Award for Best Picture,17,0.5,Feb/26/2012 02:05:07
754192,BEST.PIC:MIDNIGHT.PARIS,Midnight in Paris to win the Academy Award for Best Picture,5,0.6,Feb/26/2012 02:05:21
754192,BEST.PIC:MIDNIGHT.PARIS,Midnight in Paris to win the Academy Award for Best Picture,20,0.6,Feb/26/2012 02:05:21
754192,BEST.PIC:MIDNIGHT.PARIS,Midnight in Paris to win the Academy Award for Best Picture,18,0.4,Feb/26/2012 19:31:52
754192,BEST.PIC:MIDNIGHT.PARIS,Midnight in Paris to win the Academy Award for Best Picture,22,0.4,Feb/26/2012 20:19:30
754192,BEST.PIC:MIDNIGHT.PARIS,Midnight in Paris to win the Academy Award for Best Picture,1,0.4,Feb/26/2012 20:19:30
754192,BEST.PIC:MIDNIGHT.PARIS,Midnight in Paris to win the Academy Award for Best Picture,2,0.5,Feb/26/2012 20:29:10
754192,BEST.PIC:MIDNIGHT.PARIS,Midnight in Paris to win the Academy Award for Best Picture,2,0.4,Feb/26/2012 22:18:22
754192,BEST.PIC:MIDNIGHT.PARIS,Midnight in Paris to win the Academy Award for Best Picture,5,0.3,Feb/26/2012 22:44:17
754192,BEST.PIC:MIDNIGHT.PARIS,Midnight in Paris to win the Academy Award for Best Picture,6,0.3,Feb/26/2012 22:44:37
754192,BEST.PIC:MIDNIGHT.PARIS,Midnight in Paris to win the Academy Award for Best Picture,1,0.3,Feb/26/2012 23:14:23
754192,BEST.PIC:MIDNIGHT.PARIS,Midnight in Paris to win the Academy Award for Best Picture,1,0.4,Feb/26/2012 23:44:25
754192,BEST.PIC:MIDNIGHT.PARIS,Midnight in Paris to win the Academy Award for Best Picture,13,0.3,Feb/26/2012 23:45:38
754192,BEST.PIC:MIDNIGHT.PARIS,Midnight in Paris to win the Academy Award for Best Picture,1,0.1,Feb/27/2012 00:26:03
754192,BEST.PIC:MIDNIGHT.PARIS,Midnight in Paris to win the Academy Award for Best Picture,10,0.2,Feb/27/2012 00:38:21
754192,BEST.PIC:MIDNIGHT.PARIS,Midnight in Paris to win the Academy Award for Best Picture,77,0.3,Feb/27/2012 00:46:06
754192,BEST.PIC:MIDNIGHT.PARIS,Midnight in Paris to win the Academy Award for Best Picture,7,0.4,Feb/27/2012 01:27:58
754192,BEST.PIC:MIDNIGHT.PARIS,Midnight in Paris to win the Academy Award for Best Picture,10,0.5,Feb/27/2012 01:27:58
754192,BEST.PIC:MIDNIGHT.PARIS,Midnight in Paris to win the Academy Award for Best Picture,40,0.4,Feb/27/2012 01:27:58
754192,BEST.PIC:MIDNIGHT.PARIS,Midnight in Paris to win the Academy Award for Best Picture,40,0.5,Feb/27/2012 01:27:58
754192,BEST.PIC:MIDNIGHT.PARIS,Midnight in Paris to win the Academy Award for Best Picture,5,0.5,Feb/27/2012 01:27:58
754192,BEST.PIC:MIDNIGHT.PARIS,Midnight in Paris to win the Academy Award for Best Picture,10,0.3,Feb/27/2012 02:25:44
754192,BEST.PIC:MIDNIGHT.PARIS,Midnight in Paris to win the Academy Award for Best Picture,1,0.4,Feb/27/2012 02:30:55
754192,BEST.PIC:MIDNIGHT.PARIS,Midnight in Paris to win the Academy Award for Best Picture,1,0.3,Feb/27/2012 02:31:21
754192,BEST.PIC:MIDNIGHT.PARIS,Midnight in Paris to win the Academy Award for Best Picture,5,0.3,Feb/27/2012 02:32:11
754192,BEST.PIC:MIDNIGHT.PARIS,Midnight in Paris to win the Academy Award for Best Picture,1,0.3,Feb/27/2012 02:33:00
754192,BEST.PIC:MIDNIGHT.PARIS,Midnight in Paris to win the Academy Award for Best Picture,1,0.3,Feb/27/2012 02:34:10
754192,BEST.PIC:MIDNIGHT.PARIS,Midnight in Paris to win the Academy Award for Best Picture,5,0.4,Feb/27/2012 02:34:40
754192,BEST.PIC:MIDNIGHT.PARIS,Midnight in Paris to win the Academy Award for Best Picture,1,0.3,Feb/27/2012 02:34:49
754192,BEST.PIC:MIDNIGHT.PARIS,Midnight in Paris to win the Academy Award for Best Picture,3,0.3,Feb/27/2012 02:34:56
754192,BEST.PIC:MIDNIGHT.PARIS,Midnight in Paris to win the Academy Award for Best Picture,1,0.3,Feb/27/2012 02:35:10
754192,BEST.PIC:MIDNIGHT.PARIS,Midnight in Paris to win the Academy Award for Best Picture,10,0.3,Feb/27/2012 02:35:47
754192,BEST.PIC:MIDNIGHT.PARIS,Midnight in Paris to win the Academy Award for Best Picture,1,0.3,Feb/27/2012 02:36:43
754192,BEST.PIC:MIDNIGHT.PARIS,Midnight in Paris to win the Academy Award for Best Picture,1,0.3,Feb/27/2012 02:40:53
754192,BEST.PIC:MIDNIGHT.PARIS,Midnight in Paris to win the Academy Award for Best Picture,88,0.3,Feb/27/2012 02:42:33
754192,BEST.PIC:MIDNIGHT.PARIS,Midnight in Paris to win the Academy Award for Best Picture,1,0.1,Feb/27/2012 02:47:32
754192,BEST.PIC:MIDNIGHT.PARIS,Midnight in Paris to win the Academy Award for Best Picture,1,0.1,Feb/27/2012 02:48:46
754192,BEST.PIC:MIDNIGHT.PARIS,Midnight in Paris to win the Academy Award for Best Picture,1,0.1,Feb/27/2012 02:50:00
754192,BEST.PIC:MIDNIGHT.PARIS,Midnight in Paris to win the Academy Award for Best Picture,1,0.1,Feb/27/2012 02:50:07
754192,BEST.PIC:MIDNIGHT.PARIS,Midnight in Paris to win the Academy Award for Best Picture,1,0.1,Feb/27/2012 02:51:26
754192,BEST.PIC:MIDNIGHT.PARIS,Midnight in Paris to win the Academy Award for Best Picture,1,0.1,Feb/27/2012 02:56:44
754192,BEST.PIC:MIDNIGHT.PARIS,Midnight in Paris to win the Academy Award for Best Picture,1,0.1,Feb/27/2012 02:57:15
754192,BEST.PIC:MIDNIGHT.PARIS,Midnight in Paris to win the Academy Award for Best Picture,1,0.1,Feb/27/2012 02:59:11
754192,BEST.PIC:MIDNIGHT.PARIS,Midnight in Paris to win the Academy Award for Best Picture,1,0.1,Feb/27/2012 02:59:24
754192,BEST.PIC:MIDNIGHT.PARIS,Midnight in Paris to win the Academy Award for Best Picture,1,0.1,Feb/27/2012 02:59:46
754192,BEST.PIC:MIDNIGHT.PARIS,Midnight in Paris to win the Academy Award for Best Picture,1,0.1,Feb/27/2012 03:00:03
754192,BEST.PIC:MIDNIGHT.PARIS,Midnight in Paris to win the Academy Award for Best Picture,1,0.1,Feb/27/2012 03:00:10
754192,BEST.PIC:MIDNIGHT.PARIS,Midnight in Paris to win the Academy Award for Best Picture,1,0.1,Feb/27/2012 03:00:24
754192,BEST.PIC:MIDNIGHT.PARIS,Midnight in Paris to win the Academy Award for Best Picture,1,0.1,Feb/27/2012 03:00:45
754192,BEST.PIC:MIDNIGHT.PARIS,Midnight in Paris to win the Academy Award for Best Picture,1,0.1,Feb/27/2012 03:02:23
754192,BEST.PIC:MIDNIGHT.PARIS,Midnight in Paris to win the Academy Award for Best Picture,1,0.1,Feb/27/2012 03:13:19
754192,BEST.PIC:MIDNIGHT.PARIS,Midnight in Paris to win the Academy Award for Best Picture,2,0.1,Feb/27/2012 03:21:24
754192,BEST.PIC:MIDNIGHT.PARIS,Midnight in Paris to win the Academy Award for Best Picture,1,0.1,Feb/27/2012 03:26:30
754192,BEST.PIC:MIDNIGHT.PARIS,Midnight in Paris to win the Academy Award for Best Picture,80,0.1,Feb/27/2012 03:28:40
754192,BEST.PIC:MIDNIGHT.PARIS,Midnight in Paris to win the Academy Award for Best Picture,25,0.2,Feb/27/2012 03:30:07
754192,BEST.PIC:MIDNIGHT.PARIS,Midnight in Paris to win the Academy Award for Best Picture,44,0.4,Feb/27/2012 03:30:30
754192,BEST.PIC:MIDNIGHT.PARIS,Midnight in Paris to win the Academy Award for Best Picture,7,0.5,Feb/27/2012 03:34:45
754192,BEST.PIC:MIDNIGHT.PARIS,Midnight in Paris to win the Academy Award for Best Picture,28,0.4,Feb/27/2012 03:42:54
754192,BEST.PIC:MIDNIGHT.PARIS,Midnight in Paris to win the Academy Award for Best Picture,2,0.2,Feb/27/2012 03:43:33
754192,BEST.PIC:MIDNIGHT.PARIS,Midnight in Paris to win the Academy Award for Best Picture,25,0.2,Feb/27/2012 03:43:48
754192,BEST.PIC:MIDNIGHT.PARIS,Midnight in Paris to win the Academy Award for Best Picture,15,0.2,Feb/27/2012 03:47:39
754192,BEST.PIC:MIDNIGHT.PARIS,Midnight in Paris to win the Academy Award for Best Picture,52,0.3,Feb/27/2012 03:50:14
754192,BEST.PIC:MIDNIGHT.PARIS,Midnight in Paris to win the Academy Award for Best Picture,1,0.2,Feb/27/2012 03:53:22
754192,BEST.PIC:MIDNIGHT.PARIS,Midnight in Paris to win the Academy Award for Best Picture,20,0.3,Feb/27/2012 04:00:33
754192,BEST.PIC:MIDNIGHT.PARIS,Midnight in Paris to win the Academy Award for Best Picture,30,0.3,Feb/27/2012 04:05:45
754192,BEST.PIC:MIDNIGHT.PARIS,Midnight in Paris to win the Academy Award for Best Picture,1,0.3,Feb/27/2012 04:19:45
754192,BEST.PIC:MIDNIGHT.PARIS,Midnight in Paris to win the Academy Award for Best Picture,1,0.3,Feb/27/2012 04:25:16
754192,BEST.PIC:MIDNIGHT.PARIS,Midnight in Paris to win the Academy Award for Best Picture,3,0.3,Feb/27/2012 04:33:00
