market id,market symbol,market name,trade quantity,trade price,date/time [utc]
754197,BEST.PIC:TREE.OF.LIFE,The Tree of Life to win the Academy Award for Best Picture,5,8.0,Nov/23/2011 20:21:51
754197,BEST.PIC:TREE.OF.LIFE,The Tree of Life to win the Academy Award for Best Picture,40,1.9,Nov/26/2011 00:14:19
754197,BEST.PIC:TREE.OF.LIFE,The Tree of Life to win the Academy Award for Best Picture,20,1.9,Nov/26/2011 13:01:18
754197,BEST.PIC:TREE.OF.LIFE,The Tree of Life to win the Academy Award for Best Picture,1,1.9,Nov/26/2011 13:01:18
754197,BEST.PIC:TREE.OF.LIFE,The Tree of Life to win the Academy Award for Best Picture,5,2.0,Nov/26/2011 13:01:29
754197,BEST.PIC:TREE.OF.LIFE,The Tree of Life to win the Academy Award for Best Picture,1,1.0,Nov/27/2011 05:08:18
754197,BEST.PIC:TREE.OF.LIFE,The Tree of Life to win the Academy Award for Best Picture,10,1.0,Nov/27/2011 05:08:18
754197,BEST.PIC:TREE.OF.LIFE,The Tree of Life to win the Academy Award for Best Picture,1,1.6,Nov/27/2011 08:21:52
754197,BEST.PIC:TREE.OF.LIFE,The Tree of Life to win the Academy Award for Best Picture,10,1.6,Nov/27/2011 08:21:52
754197,BEST.PIC:TREE.OF.LIFE,The Tree of Life to win the Academy Award for Best Picture,10,1.7,Nov/27/2011 08:22:04
754197,BEST.PIC:TREE.OF.LIFE,The Tree of Life to win the Academy Award for Best Picture,1,1.8,Nov/27/2011 08:24:42
754197,BEST.PIC:TREE.OF.LIFE,The Tree of Life to win the Academy Award for Best Picture,11,1.8,Nov/27/2011 08:24:42
754197,BEST.PIC:TREE.OF.LIFE,The Tree of Life to win the Academy Award for Best Picture,5,2.0,Nov/27/2011 08:24:51
754197,BEST.PIC:TREE.OF.LIFE,The Tree of Life to win the Academy Award for Best Picture,1,2.0,Nov/27/2011 08:24:51
754197,BEST.PIC:TREE.OF.LIFE,The Tree of Life to win the Academy Award for Best Picture,7,1.0,Nov/28/2011 21:14:13
754197,BEST.PIC:TREE.OF.LIFE,The Tree of Life to win the Academy Award for Best Picture,1,1.4,Nov/29/2011 00:05:53
754197,BEST.PIC:TREE.OF.LIFE,The Tree of Life to win the Academy Award for Best Picture,7,1.4,Nov/29/2011 00:05:53
754197,BEST.PIC:TREE.OF.LIFE,The Tree of Life to win the Academy Award for Best Picture,20,1.5,Nov/29/2011 00:06:10
754197,BEST.PIC:TREE.OF.LIFE,The Tree of Life to win the Academy Award for Best Picture,60,0.9,Nov/29/2011 04:52:36
754197,BEST.PIC:TREE.OF.LIFE,The Tree of Life to win the Academy Award for Best Picture,20,0.9,Nov/29/2011 17:10:18
754197,BEST.PIC:TREE.OF.LIFE,The Tree of Life to win the Academy Award for Best Picture,20,1.0,Nov/29/2011 20:05:15
754197,BEST.PIC:TREE.OF.LIFE,The Tree of Life to win the Academy Award for Best Picture,19,1.2,Nov/29/2011 20:05:15
754197,BEST.PIC:TREE.OF.LIFE,The Tree of Life to win the Academy Award for Best Picture,20,1.0,Nov/29/2011 20:05:15
754197,BEST.PIC:TREE.OF.LIFE,The Tree of Life to win the Academy Award for Best Picture,1,1.0,Nov/29/2011 20:05:15
754197,BEST.PIC:TREE.OF.LIFE,The Tree of Life to win the Academy Award for Best Picture,20,1.0,Nov/29/2011 20:05:15
754197,BEST.PIC:TREE.OF.LIFE,The Tree of Life to win the Academy Award for Best Picture,20,1.1,Nov/29/2011 20:05:15
754197,BEST.PIC:TREE.OF.LIFE,The Tree of Life to win the Academy Award for Best Picture,51,1.0,Nov/30/2011 05:48:06
754197,BEST.PIC:TREE.OF.LIFE,The Tree of Life to win the Academy Award for Best Picture,1,1.9,Nov/30/2011 14:24:15
754197,BEST.PIC:TREE.OF.LIFE,The Tree of Life to win the Academy Award for Best Picture,44,1.0,Dec/01/2011 23:25:02
754197,BEST.PIC:TREE.OF.LIFE,The Tree of Life to win the Academy Award for Best Picture,8,0.9,Dec/02/2011 04:56:55
754197,BEST.PIC:TREE.OF.LIFE,The Tree of Life to win the Academy Award for Best Picture,15,1.0,Dec/02/2011 19:23:08
754197,BEST.PIC:TREE.OF.LIFE,The Tree of Life to win the Academy Award for Best Picture,1,1.0,Dec/02/2011 19:23:08
754197,BEST.PIC:TREE.OF.LIFE,The Tree of Life to win the Academy Award for Best Picture,18,1.0,Dec/02/2011 19:23:08
754197,BEST.PIC:TREE.OF.LIFE,The Tree of Life to win the Academy Award for Best Picture,80,0.9,Dec/04/2011 06:20:49
754197,BEST.PIC:TREE.OF.LIFE,The Tree of Life to win the Academy Award for Best Picture,12,0.9,Dec/04/2011 06:20:49
754197,BEST.PIC:TREE.OF.LIFE,The Tree of Life to win the Academy Award for Best Picture,25,0.9,Dec/04/2011 06:20:49
754197,BEST.PIC:TREE.OF.LIFE,The Tree of Life to win the Academy Award for Best Picture,10,0.6,Dec/04/2011 19:54:09
754197,BEST.PIC:TREE.OF.LIFE,The Tree of Life to win the Academy Award for Best Picture,10,0.7,Dec/04/2011 23:17:12
754197,BEST.PIC:TREE.OF.LIFE,The Tree of Life to win the Academy Award for Best Picture,1,0.7,Dec/06/2011 23:54:05
754197,BEST.PIC:TREE.OF.LIFE,The Tree of Life to win the Academy Award for Best Picture,9,0.7,Dec/06/2011 23:54:05
754197,BEST.PIC:TREE.OF.LIFE,The Tree of Life to win the Academy Award for Best Picture,1,1.0,Dec/06/2011 23:54:05
754197,BEST.PIC:TREE.OF.LIFE,The Tree of Life to win the Academy Award for Best Picture,10,0.8,Dec/06/2011 23:54:05
754197,BEST.PIC:TREE.OF.LIFE,The Tree of Life to win the Academy Award for Best Picture,82,1.0,Dec/06/2011 23:54:05
754197,BEST.PIC:TREE.OF.LIFE,The Tree of Life to win the Academy Award for Best Picture,20,1.0,Dec/06/2011 23:54:05
754197,BEST.PIC:TREE.OF.LIFE,The Tree of Life to win the Academy Award for Best Picture,100,0.9,Dec/08/2011 05:28:44
754197,BEST.PIC:TREE.OF.LIFE,The Tree of Life to win the Academy Award for Best Picture,5,1.0,Dec/08/2011 05:44:34
754197,BEST.PIC:TREE.OF.LIFE,The Tree of Life to win the Academy Award for Best Picture,4,1.0,Dec/08/2011 20:00:56
754197,BEST.PIC:TREE.OF.LIFE,The Tree of Life to win the Academy Award for Best Picture,1,1.0,Dec/08/2011 20:00:56
754197,BEST.PIC:TREE.OF.LIFE,The Tree of Life to win the Academy Award for Best Picture,5,1.0,Dec/08/2011 20:00:56
754197,BEST.PIC:TREE.OF.LIFE,The Tree of Life to win the Academy Award for Best Picture,1,1.0,Dec/09/2011 18:09:04
754197,BEST.PIC:TREE.OF.LIFE,The Tree of Life to win the Academy Award for Best Picture,20,1.0,Dec/09/2011 18:09:04
754197,BEST.PIC:TREE.OF.LIFE,The Tree of Life to win the Academy Award for Best Picture,9,1.0,Dec/09/2011 18:09:04
754197,BEST.PIC:TREE.OF.LIFE,The Tree of Life to win the Academy Award for Best Picture,5,1.0,Dec/09/2011 22:25:16
754197,BEST.PIC:TREE.OF.LIFE,The Tree of Life to win the Academy Award for Best Picture,5,1.0,Dec/10/2011 02:24:36
754197,BEST.PIC:TREE.OF.LIFE,The Tree of Life to win the Academy Award for Best Picture,18,1.0,Dec/13/2011 05:28:10
754197,BEST.PIC:TREE.OF.LIFE,The Tree of Life to win the Academy Award for Best Picture,10,1.0,Dec/13/2011 05:28:10
754197,BEST.PIC:TREE.OF.LIFE,The Tree of Life to win the Academy Award for Best Picture,1,1.0,Dec/13/2011 05:28:10
754197,BEST.PIC:TREE.OF.LIFE,The Tree of Life to win the Academy Award for Best Picture,20,1.0,Dec/13/2011 05:28:10
754197,BEST.PIC:TREE.OF.LIFE,The Tree of Life to win the Academy Award for Best Picture,31,1.0,Dec/13/2011 05:28:10
754197,BEST.PIC:TREE.OF.LIFE,The Tree of Life to win the Academy Award for Best Picture,2,1.0,Dec/13/2011 14:25:30
754197,BEST.PIC:TREE.OF.LIFE,The Tree of Life to win the Academy Award for Best Picture,20,1.0,Dec/14/2011 02:59:59
754197,BEST.PIC:TREE.OF.LIFE,The Tree of Life to win the Academy Award for Best Picture,100,0.9,Dec/14/2011 15:34:57
754197,BEST.PIC:TREE.OF.LIFE,The Tree of Life to win the Academy Award for Best Picture,2,0.9,Dec/14/2011 17:16:57
754197,BEST.PIC:TREE.OF.LIFE,The Tree of Life to win the Academy Award for Best Picture,3,0.9,Dec/14/2011 17:16:57
754197,BEST.PIC:TREE.OF.LIFE,The Tree of Life to win the Academy Award for Best Picture,1,0.9,Dec/14/2011 17:18:24
754197,BEST.PIC:TREE.OF.LIFE,The Tree of Life to win the Academy Award for Best Picture,2,0.9,Dec/14/2011 17:18:24
754197,BEST.PIC:TREE.OF.LIFE,The Tree of Life to win the Academy Award for Best Picture,50,1.0,Dec/14/2011 17:18:24
754197,BEST.PIC:TREE.OF.LIFE,The Tree of Life to win the Academy Award for Best Picture,50,1.0,Dec/14/2011 17:18:24
754197,BEST.PIC:TREE.OF.LIFE,The Tree of Life to win the Academy Award for Best Picture,1,0.9,Dec/14/2011 17:28:26
754197,BEST.PIC:TREE.OF.LIFE,The Tree of Life to win the Academy Award for Best Picture,1,1.0,Dec/14/2011 19:42:18
754197,BEST.PIC:TREE.OF.LIFE,The Tree of Life to win the Academy Award for Best Picture,5,1.0,Dec/14/2011 19:42:18
754197,BEST.PIC:TREE.OF.LIFE,The Tree of Life to win the Academy Award for Best Picture,5,1.1,Dec/14/2011 19:42:24
754197,BEST.PIC:TREE.OF.LIFE,The Tree of Life to win the Academy Award for Best Picture,10,1.1,Dec/14/2011 19:42:24
754197,BEST.PIC:TREE.OF.LIFE,The Tree of Life to win the Academy Award for Best Picture,5,1.2,Dec/14/2011 19:42:35
754197,BEST.PIC:TREE.OF.LIFE,The Tree of Life to win the Academy Award for Best Picture,10,1.2,Dec/14/2011 19:42:35
754197,BEST.PIC:TREE.OF.LIFE,The Tree of Life to win the Academy Award for Best Picture,1,1.2,Dec/14/2011 19:42:35
754197,BEST.PIC:TREE.OF.LIFE,The Tree of Life to win the Academy Award for Best Picture,1,1.0,Dec/14/2011 19:51:33
754197,BEST.PIC:TREE.OF.LIFE,The Tree of Life to win the Academy Award for Best Picture,20,1.5,Dec/14/2011 22:52:39
754197,BEST.PIC:TREE.OF.LIFE,The Tree of Life to win the Academy Award for Best Picture,10,1.5,Dec/14/2011 22:52:39
754197,BEST.PIC:TREE.OF.LIFE,The Tree of Life to win the Academy Award for Best Picture,1,1.5,Dec/14/2011 22:52:39
754197,BEST.PIC:TREE.OF.LIFE,The Tree of Life to win the Academy Award for Best Picture,17,1.2,Dec/14/2011 22:52:39
754197,BEST.PIC:TREE.OF.LIFE,The Tree of Life to win the Academy Award for Best Picture,1,1.3,Dec/14/2011 22:52:39
754197,BEST.PIC:TREE.OF.LIFE,The Tree of Life to win the Academy Award for Best Picture,49,1.5,Dec/14/2011 22:52:39
754197,BEST.PIC:TREE.OF.LIFE,The Tree of Life to win the Academy Award for Best Picture,30,1.5,Dec/14/2011 22:52:39
754197,BEST.PIC:TREE.OF.LIFE,The Tree of Life to win the Academy Award for Best Picture,10,1.3,Dec/14/2011 22:52:39
754197,BEST.PIC:TREE.OF.LIFE,The Tree of Life to win the Academy Award for Best Picture,10,1.5,Dec/14/2011 22:52:39
754197,BEST.PIC:TREE.OF.LIFE,The Tree of Life to win the Academy Award for Best Picture,20,1.5,Dec/14/2011 22:52:39
754197,BEST.PIC:TREE.OF.LIFE,The Tree of Life to win the Academy Award for Best Picture,1,0.9,Dec/14/2011 23:10:56
754197,BEST.PIC:TREE.OF.LIFE,The Tree of Life to win the Academy Award for Best Picture,1,1.0,Dec/15/2011 03:53:42
754197,BEST.PIC:TREE.OF.LIFE,The Tree of Life to win the Academy Award for Best Picture,18,1.5,Dec/15/2011 04:01:09
754197,BEST.PIC:TREE.OF.LIFE,The Tree of Life to win the Academy Award for Best Picture,1,1.5,Dec/15/2011 04:01:09
754197,BEST.PIC:TREE.OF.LIFE,The Tree of Life to win the Academy Award for Best Picture,1,1.2,Dec/15/2011 04:01:09
754197,BEST.PIC:TREE.OF.LIFE,The Tree of Life to win the Academy Award for Best Picture,1,1.4,Dec/15/2011 04:01:09
754197,BEST.PIC:TREE.OF.LIFE,The Tree of Life to win the Academy Award for Best Picture,1,1.4,Dec/15/2011 04:01:09
754197,BEST.PIC:TREE.OF.LIFE,The Tree of Life to win the Academy Award for Best Picture,1,0.9,Dec/15/2011 04:01:49
754197,BEST.PIC:TREE.OF.LIFE,The Tree of Life to win the Academy Award for Best Picture,2,1.5,Dec/15/2011 23:43:17
754197,BEST.PIC:TREE.OF.LIFE,The Tree of Life to win the Academy Award for Best Picture,1,1.2,Dec/15/2011 23:43:17
754197,BEST.PIC:TREE.OF.LIFE,The Tree of Life to win the Academy Award for Best Picture,1,1.5,Dec/15/2011 23:43:17
754197,BEST.PIC:TREE.OF.LIFE,The Tree of Life to win the Academy Award for Best Picture,22,1.5,Dec/15/2011 23:43:17
754197,BEST.PIC:TREE.OF.LIFE,The Tree of Life to win the Academy Award for Best Picture,1,1.3,Dec/15/2011 23:43:17
754197,BEST.PIC:TREE.OF.LIFE,The Tree of Life to win the Academy Award for Best Picture,3,1.5,Dec/15/2011 23:43:28
754197,BEST.PIC:TREE.OF.LIFE,The Tree of Life to win the Academy Award for Best Picture,1,0.9,Dec/15/2011 23:43:47
754197,BEST.PIC:TREE.OF.LIFE,The Tree of Life to win the Academy Award for Best Picture,1,1.0,Dec/16/2011 07:56:00
754197,BEST.PIC:TREE.OF.LIFE,The Tree of Life to win the Academy Award for Best Picture,1,1.0,Dec/16/2011 07:56:14
754197,BEST.PIC:TREE.OF.LIFE,The Tree of Life to win the Academy Award for Best Picture,1,1.2,Dec/16/2011 09:09:28
754197,BEST.PIC:TREE.OF.LIFE,The Tree of Life to win the Academy Award for Best Picture,5,1.2,Dec/16/2011 09:09:28
754197,BEST.PIC:TREE.OF.LIFE,The Tree of Life to win the Academy Award for Best Picture,1,1.4,Dec/16/2011 09:09:52
754197,BEST.PIC:TREE.OF.LIFE,The Tree of Life to win the Academy Award for Best Picture,5,1.5,Dec/16/2011 09:09:52
754197,BEST.PIC:TREE.OF.LIFE,The Tree of Life to win the Academy Award for Best Picture,5,1.4,Dec/16/2011 09:09:52
754197,BEST.PIC:TREE.OF.LIFE,The Tree of Life to win the Academy Award for Best Picture,5,1.3,Dec/16/2011 09:09:52
754197,BEST.PIC:TREE.OF.LIFE,The Tree of Life to win the Academy Award for Best Picture,5,1.5,Dec/16/2011 09:09:52
754197,BEST.PIC:TREE.OF.LIFE,The Tree of Life to win the Academy Award for Best Picture,1,1.0,Dec/16/2011 09:12:17
754197,BEST.PIC:TREE.OF.LIFE,The Tree of Life to win the Academy Award for Best Picture,1,1.0,Dec/16/2011 16:11:40
754197,BEST.PIC:TREE.OF.LIFE,The Tree of Life to win the Academy Award for Best Picture,1,1.0,Dec/16/2011 16:11:54
754197,BEST.PIC:TREE.OF.LIFE,The Tree of Life to win the Academy Award for Best Picture,3,1.4,Dec/16/2011 16:32:00
754197,BEST.PIC:TREE.OF.LIFE,The Tree of Life to win the Academy Award for Best Picture,5,1.3,Dec/16/2011 16:32:00
754197,BEST.PIC:TREE.OF.LIFE,The Tree of Life to win the Academy Award for Best Picture,5,1.2,Dec/16/2011 16:32:00
754197,BEST.PIC:TREE.OF.LIFE,The Tree of Life to win the Academy Award for Best Picture,1,1.3,Dec/16/2011 16:32:00
754197,BEST.PIC:TREE.OF.LIFE,The Tree of Life to win the Academy Award for Best Picture,1,1.2,Dec/16/2011 16:32:00
754197,BEST.PIC:TREE.OF.LIFE,The Tree of Life to win the Academy Award for Best Picture,1,1.4,Dec/16/2011 16:32:32
754197,BEST.PIC:TREE.OF.LIFE,The Tree of Life to win the Academy Award for Best Picture,1,1.4,Dec/17/2011 09:46:23
754197,BEST.PIC:TREE.OF.LIFE,The Tree of Life to win the Academy Award for Best Picture,8,1.4,Dec/17/2011 09:46:23
754197,BEST.PIC:TREE.OF.LIFE,The Tree of Life to win the Academy Award for Best Picture,1,1.2,Dec/17/2011 09:46:23
754197,BEST.PIC:TREE.OF.LIFE,The Tree of Life to win the Academy Award for Best Picture,1,1.5,Dec/17/2011 17:14:25
754197,BEST.PIC:TREE.OF.LIFE,The Tree of Life to win the Academy Award for Best Picture,39,1.5,Dec/17/2011 17:14:25
754197,BEST.PIC:TREE.OF.LIFE,The Tree of Life to win the Academy Award for Best Picture,1,1.2,Dec/17/2011 17:14:25
754197,BEST.PIC:TREE.OF.LIFE,The Tree of Life to win the Academy Award for Best Picture,1,1.2,Dec/18/2011 03:36:02
754197,BEST.PIC:TREE.OF.LIFE,The Tree of Life to win the Academy Award for Best Picture,1,1.3,Dec/18/2011 03:36:02
754197,BEST.PIC:TREE.OF.LIFE,The Tree of Life to win the Academy Award for Best Picture,1,1.2,Dec/18/2011 03:36:02
754197,BEST.PIC:TREE.OF.LIFE,The Tree of Life to win the Academy Award for Best Picture,1,1.5,Dec/19/2011 17:40:04
754197,BEST.PIC:TREE.OF.LIFE,The Tree of Life to win the Academy Award for Best Picture,1,1.5,Dec/19/2011 17:40:04
754197,BEST.PIC:TREE.OF.LIFE,The Tree of Life to win the Academy Award for Best Picture,30,1.5,Dec/19/2011 17:40:04
754197,BEST.PIC:TREE.OF.LIFE,The Tree of Life to win the Academy Award for Best Picture,1,1.5,Dec/19/2011 17:40:04
754197,BEST.PIC:TREE.OF.LIFE,The Tree of Life to win the Academy Award for Best Picture,50,1.1,Dec/19/2011 18:06:04
754197,BEST.PIC:TREE.OF.LIFE,The Tree of Life to win the Academy Award for Best Picture,1,1.8,Dec/20/2011 04:58:21
754197,BEST.PIC:TREE.OF.LIFE,The Tree of Life to win the Academy Award for Best Picture,10,1.8,Dec/20/2011 04:58:21
754197,BEST.PIC:TREE.OF.LIFE,The Tree of Life to win the Academy Award for Best Picture,10,1.8,Dec/20/2011 04:58:21
754197,BEST.PIC:TREE.OF.LIFE,The Tree of Life to win the Academy Award for Best Picture,10,2.0,Dec/20/2011 04:58:54
754197,BEST.PIC:TREE.OF.LIFE,The Tree of Life to win the Academy Award for Best Picture,40,2.0,Dec/20/2011 04:58:54
754197,BEST.PIC:TREE.OF.LIFE,The Tree of Life to win the Academy Award for Best Picture,20,2.0,Dec/20/2011 04:58:54
754197,BEST.PIC:TREE.OF.LIFE,The Tree of Life to win the Academy Award for Best Picture,1,2.0,Dec/20/2011 04:58:54
754197,BEST.PIC:TREE.OF.LIFE,The Tree of Life to win the Academy Award for Best Picture,20,2.4,Dec/20/2011 05:02:00
754197,BEST.PIC:TREE.OF.LIFE,The Tree of Life to win the Academy Award for Best Picture,2,2.4,Dec/20/2011 05:02:00
754197,BEST.PIC:TREE.OF.LIFE,The Tree of Life to win the Academy Award for Best Picture,10,2.5,Dec/20/2011 05:02:17
754197,BEST.PIC:TREE.OF.LIFE,The Tree of Life to win the Academy Award for Best Picture,10,2.5,Dec/20/2011 05:02:17
754197,BEST.PIC:TREE.OF.LIFE,The Tree of Life to win the Academy Award for Best Picture,20,2.5,Dec/20/2011 05:02:17
754197,BEST.PIC:TREE.OF.LIFE,The Tree of Life to win the Academy Award for Best Picture,10,2.5,Dec/20/2011 05:02:17
754197,BEST.PIC:TREE.OF.LIFE,The Tree of Life to win the Academy Award for Best Picture,6,2.5,Dec/20/2011 19:50:21
754197,BEST.PIC:TREE.OF.LIFE,The Tree of Life to win the Academy Award for Best Picture,1,0.9,Dec/22/2011 06:26:26
754197,BEST.PIC:TREE.OF.LIFE,The Tree of Life to win the Academy Award for Best Picture,1,1.3,Dec/22/2011 21:41:29
754197,BEST.PIC:TREE.OF.LIFE,The Tree of Life to win the Academy Award for Best Picture,1,1.3,Dec/22/2011 21:41:29
754197,BEST.PIC:TREE.OF.LIFE,The Tree of Life to win the Academy Award for Best Picture,1,1.2,Dec/24/2011 19:06:53
754197,BEST.PIC:TREE.OF.LIFE,The Tree of Life to win the Academy Award for Best Picture,1,1.2,Dec/24/2011 19:06:53
754197,BEST.PIC:TREE.OF.LIFE,The Tree of Life to win the Academy Award for Best Picture,3,1.2,Dec/25/2011 23:48:22
754197,BEST.PIC:TREE.OF.LIFE,The Tree of Life to win the Academy Award for Best Picture,1,1.3,Dec/27/2011 02:38:50
754197,BEST.PIC:TREE.OF.LIFE,The Tree of Life to win the Academy Award for Best Picture,1,1.4,Dec/27/2011 02:38:50
754197,BEST.PIC:TREE.OF.LIFE,The Tree of Life to win the Academy Award for Best Picture,1,1.3,Dec/27/2011 04:32:50
754197,BEST.PIC:TREE.OF.LIFE,The Tree of Life to win the Academy Award for Best Picture,1,1.4,Dec/27/2011 04:32:50
754197,BEST.PIC:TREE.OF.LIFE,The Tree of Life to win the Academy Award for Best Picture,1,1.2,Dec/27/2011 17:23:05
754197,BEST.PIC:TREE.OF.LIFE,The Tree of Life to win the Academy Award for Best Picture,1,1.5,Dec/28/2011 02:41:25
754197,BEST.PIC:TREE.OF.LIFE,The Tree of Life to win the Academy Award for Best Picture,1,1.8,Dec/28/2011 02:41:36
754197,BEST.PIC:TREE.OF.LIFE,The Tree of Life to win the Academy Award for Best Picture,10,2.0,Dec/28/2011 02:45:13
754197,BEST.PIC:TREE.OF.LIFE,The Tree of Life to win the Academy Award for Best Picture,1,2.0,Dec/28/2011 02:45:13
754197,BEST.PIC:TREE.OF.LIFE,The Tree of Life to win the Academy Award for Best Picture,30,2.0,Dec/28/2011 02:45:13
754197,BEST.PIC:TREE.OF.LIFE,The Tree of Life to win the Academy Award for Best Picture,4,2.0,Dec/28/2011 02:45:13
754197,BEST.PIC:TREE.OF.LIFE,The Tree of Life to win the Academy Award for Best Picture,1,2.1,Dec/28/2011 02:45:39
754197,BEST.PIC:TREE.OF.LIFE,The Tree of Life to win the Academy Award for Best Picture,1,2.1,Dec/28/2011 15:59:39
754197,BEST.PIC:TREE.OF.LIFE,The Tree of Life to win the Academy Award for Best Picture,8,2.1,Dec/29/2011 15:16:39
754197,BEST.PIC:TREE.OF.LIFE,The Tree of Life to win the Academy Award for Best Picture,1,2.1,Dec/29/2011 15:16:39
754197,BEST.PIC:TREE.OF.LIFE,The Tree of Life to win the Academy Award for Best Picture,10,2.4,Dec/30/2011 00:41:47
754197,BEST.PIC:TREE.OF.LIFE,The Tree of Life to win the Academy Award for Best Picture,1,2.4,Dec/30/2011 00:41:47
754197,BEST.PIC:TREE.OF.LIFE,The Tree of Life to win the Academy Award for Best Picture,39,2.4,Dec/30/2011 00:41:47
754197,BEST.PIC:TREE.OF.LIFE,The Tree of Life to win the Academy Award for Best Picture,2,2.5,Dec/30/2011 01:13:24
754197,BEST.PIC:TREE.OF.LIFE,The Tree of Life to win the Academy Award for Best Picture,297,2.5,Dec/30/2011 01:13:24
754197,BEST.PIC:TREE.OF.LIFE,The Tree of Life to win the Academy Award for Best Picture,10,2.6,Dec/30/2011 01:46:00
754197,BEST.PIC:TREE.OF.LIFE,The Tree of Life to win the Academy Award for Best Picture,1,2.3,Dec/30/2011 01:46:23
754197,BEST.PIC:TREE.OF.LIFE,The Tree of Life to win the Academy Award for Best Picture,1,2.2,Dec/30/2011 01:46:23
754197,BEST.PIC:TREE.OF.LIFE,The Tree of Life to win the Academy Award for Best Picture,1,2.1,Dec/30/2011 01:46:23
754197,BEST.PIC:TREE.OF.LIFE,The Tree of Life to win the Academy Award for Best Picture,2,2.0,Dec/30/2011 01:46:23
754197,BEST.PIC:TREE.OF.LIFE,The Tree of Life to win the Academy Award for Best Picture,1,1.9,Dec/30/2011 01:46:23
754197,BEST.PIC:TREE.OF.LIFE,The Tree of Life to win the Academy Award for Best Picture,1,1.6,Dec/30/2011 01:46:23
754197,BEST.PIC:TREE.OF.LIFE,The Tree of Life to win the Academy Award for Best Picture,1,1.7,Dec/30/2011 01:46:23
754197,BEST.PIC:TREE.OF.LIFE,The Tree of Life to win the Academy Award for Best Picture,1,1.8,Dec/30/2011 01:46:23
754197,BEST.PIC:TREE.OF.LIFE,The Tree of Life to win the Academy Award for Best Picture,1,1.5,Dec/30/2011 01:46:23
754197,BEST.PIC:TREE.OF.LIFE,The Tree of Life to win the Academy Award for Best Picture,1,2.0,Dec/31/2011 04:19:05
754197,BEST.PIC:TREE.OF.LIFE,The Tree of Life to win the Academy Award for Best Picture,1,1.9,Dec/31/2011 22:18:58
754197,BEST.PIC:TREE.OF.LIFE,The Tree of Life to win the Academy Award for Best Picture,9,2.0,Jan/01/2012 09:07:32
754197,BEST.PIC:TREE.OF.LIFE,The Tree of Life to win the Academy Award for Best Picture,1,2.0,Jan/01/2012 09:07:32
754197,BEST.PIC:TREE.OF.LIFE,The Tree of Life to win the Academy Award for Best Picture,1,2.5,Jan/01/2012 20:47:42
754197,BEST.PIC:TREE.OF.LIFE,The Tree of Life to win the Academy Award for Best Picture,10,2.5,Jan/01/2012 20:47:42
754197,BEST.PIC:TREE.OF.LIFE,The Tree of Life to win the Academy Award for Best Picture,100,1.9,Jan/04/2012 23:16:29
754197,BEST.PIC:TREE.OF.LIFE,The Tree of Life to win the Academy Award for Best Picture,1,1.9,Jan/04/2012 23:16:29
754197,BEST.PIC:TREE.OF.LIFE,The Tree of Life to win the Academy Award for Best Picture,1,2.5,Jan/06/2012 06:28:45
754197,BEST.PIC:TREE.OF.LIFE,The Tree of Life to win the Academy Award for Best Picture,10,2.5,Jan/06/2012 06:28:45
754197,BEST.PIC:TREE.OF.LIFE,The Tree of Life to win the Academy Award for Best Picture,90,2.6,Jan/06/2012 06:31:06
754197,BEST.PIC:TREE.OF.LIFE,The Tree of Life to win the Academy Award for Best Picture,10,2.8,Jan/06/2012 06:34:42
754197,BEST.PIC:TREE.OF.LIFE,The Tree of Life to win the Academy Award for Best Picture,1,2.8,Jan/06/2012 06:34:42
754197,BEST.PIC:TREE.OF.LIFE,The Tree of Life to win the Academy Award for Best Picture,1,3.0,Jan/06/2012 06:36:49
754197,BEST.PIC:TREE.OF.LIFE,The Tree of Life to win the Academy Award for Best Picture,20,3.0,Jan/06/2012 06:36:49
754197,BEST.PIC:TREE.OF.LIFE,The Tree of Life to win the Academy Award for Best Picture,20,3.0,Jan/06/2012 06:36:49
754197,BEST.PIC:TREE.OF.LIFE,The Tree of Life to win the Academy Award for Best Picture,10,3.0,Jan/06/2012 06:36:49
754197,BEST.PIC:TREE.OF.LIFE,The Tree of Life to win the Academy Award for Best Picture,1,2.0,Jan/08/2012 17:13:39
754197,BEST.PIC:TREE.OF.LIFE,The Tree of Life to win the Academy Award for Best Picture,20,2.0,Jan/08/2012 17:13:39
754197,BEST.PIC:TREE.OF.LIFE,The Tree of Life to win the Academy Award for Best Picture,38,1.5,Jan/11/2012 03:54:06
754197,BEST.PIC:TREE.OF.LIFE,The Tree of Life to win the Academy Award for Best Picture,12,1.5,Jan/11/2012 04:15:55
754197,BEST.PIC:TREE.OF.LIFE,The Tree of Life to win the Academy Award for Best Picture,123,1.3,Jan/11/2012 07:52:27
754197,BEST.PIC:TREE.OF.LIFE,The Tree of Life to win the Academy Award for Best Picture,5,1.5,Jan/11/2012 20:04:59
754197,BEST.PIC:TREE.OF.LIFE,The Tree of Life to win the Academy Award for Best Picture,40,1.3,Jan/13/2012 01:04:18
754197,BEST.PIC:TREE.OF.LIFE,The Tree of Life to win the Academy Award for Best Picture,2,1.3,Jan/13/2012 01:04:18
754197,BEST.PIC:TREE.OF.LIFE,The Tree of Life to win the Academy Award for Best Picture,49,1.2,Jan/13/2012 01:04:31
754197,BEST.PIC:TREE.OF.LIFE,The Tree of Life to win the Academy Award for Best Picture,3,1.0,Jan/14/2012 03:09:40
754197,BEST.PIC:TREE.OF.LIFE,The Tree of Life to win the Academy Award for Best Picture,1,0.9,Jan/14/2012 03:15:26
754197,BEST.PIC:TREE.OF.LIFE,The Tree of Life to win the Academy Award for Best Picture,1,0.9,Jan/14/2012 03:15:26
754197,BEST.PIC:TREE.OF.LIFE,The Tree of Life to win the Academy Award for Best Picture,1,0.6,Jan/14/2012 03:19:12
754197,BEST.PIC:TREE.OF.LIFE,The Tree of Life to win the Academy Award for Best Picture,2,0.6,Jan/14/2012 15:36:16
754197,BEST.PIC:TREE.OF.LIFE,The Tree of Life to win the Academy Award for Best Picture,8,0.6,Jan/14/2012 15:36:16
754197,BEST.PIC:TREE.OF.LIFE,The Tree of Life to win the Academy Award for Best Picture,20,0.6,Jan/16/2012 03:59:08
754197,BEST.PIC:TREE.OF.LIFE,The Tree of Life to win the Academy Award for Best Picture,33,0.6,Jan/16/2012 04:05:06
754197,BEST.PIC:TREE.OF.LIFE,The Tree of Life to win the Academy Award for Best Picture,10,0.7,Jan/16/2012 06:04:41
754197,BEST.PIC:TREE.OF.LIFE,The Tree of Life to win the Academy Award for Best Picture,10,0.6,Jan/16/2012 20:22:01
754197,BEST.PIC:TREE.OF.LIFE,The Tree of Life to win the Academy Award for Best Picture,10,0.6,Jan/16/2012 23:34:16
754197,BEST.PIC:TREE.OF.LIFE,The Tree of Life to win the Academy Award for Best Picture,2,0.6,Jan/17/2012 17:14:13
754197,BEST.PIC:TREE.OF.LIFE,The Tree of Life to win the Academy Award for Best Picture,17,0.6,Jan/17/2012 22:08:07
754197,BEST.PIC:TREE.OF.LIFE,The Tree of Life to win the Academy Award for Best Picture,25,0.4,Jan/17/2012 22:08:07
754197,BEST.PIC:TREE.OF.LIFE,The Tree of Life to win the Academy Award for Best Picture,9,0.7,Jan/17/2012 23:19:11
754197,BEST.PIC:TREE.OF.LIFE,The Tree of Life to win the Academy Award for Best Picture,1,0.6,Jan/17/2012 23:19:11
754197,BEST.PIC:TREE.OF.LIFE,The Tree of Life to win the Academy Award for Best Picture,5,0.4,Jan/17/2012 23:19:40
754197,BEST.PIC:TREE.OF.LIFE,The Tree of Life to win the Academy Award for Best Picture,10,0.7,Jan/18/2012 01:10:53
754197,BEST.PIC:TREE.OF.LIFE,The Tree of Life to win the Academy Award for Best Picture,9,0.8,Jan/18/2012 01:11:43
754197,BEST.PIC:TREE.OF.LIFE,The Tree of Life to win the Academy Award for Best Picture,1,0.7,Jan/18/2012 01:11:43
754197,BEST.PIC:TREE.OF.LIFE,The Tree of Life to win the Academy Award for Best Picture,8,0.4,Jan/20/2012 14:54:20
754197,BEST.PIC:TREE.OF.LIFE,The Tree of Life to win the Academy Award for Best Picture,10,0.4,Jan/20/2012 15:09:24
754197,BEST.PIC:TREE.OF.LIFE,The Tree of Life to win the Academy Award for Best Picture,23,0.4,Jan/21/2012 04:44:53
754197,BEST.PIC:TREE.OF.LIFE,The Tree of Life to win the Academy Award for Best Picture,7,0.4,Jan/21/2012 04:44:53
754197,BEST.PIC:TREE.OF.LIFE,The Tree of Life to win the Academy Award for Best Picture,3,0.4,Jan/22/2012 08:01:12
754197,BEST.PIC:TREE.OF.LIFE,The Tree of Life to win the Academy Award for Best Picture,10,0.4,Jan/23/2012 04:03:52
754197,BEST.PIC:TREE.OF.LIFE,The Tree of Life to win the Academy Award for Best Picture,1,0.5,Jan/23/2012 15:16:53
754197,BEST.PIC:TREE.OF.LIFE,The Tree of Life to win the Academy Award for Best Picture,14,0.4,Jan/23/2012 22:24:20
754197,BEST.PIC:TREE.OF.LIFE,The Tree of Life to win the Academy Award for Best Picture,1,0.5,Jan/24/2012 13:43:14
754197,BEST.PIC:TREE.OF.LIFE,The Tree of Life to win the Academy Award for Best Picture,1,0.9,Jan/24/2012 13:43:14
754197,BEST.PIC:TREE.OF.LIFE,The Tree of Life to win the Academy Award for Best Picture,6,0.4,Jan/24/2012 13:43:14
754197,BEST.PIC:TREE.OF.LIFE,The Tree of Life to win the Academy Award for Best Picture,20,0.6,Jan/24/2012 13:43:14
754197,BEST.PIC:TREE.OF.LIFE,The Tree of Life to win the Academy Award for Best Picture,11,0.8,Jan/24/2012 13:43:14
754197,BEST.PIC:TREE.OF.LIFE,The Tree of Life to win the Academy Award for Best Picture,29,0.5,Jan/24/2012 13:43:14
754197,BEST.PIC:TREE.OF.LIFE,The Tree of Life to win the Academy Award for Best Picture,20,0.7,Jan/24/2012 13:43:14
754197,BEST.PIC:TREE.OF.LIFE,The Tree of Life to win the Academy Award for Best Picture,11,1.0,Jan/24/2012 13:43:14
754197,BEST.PIC:TREE.OF.LIFE,The Tree of Life to win the Academy Award for Best Picture,1,0.7,Jan/24/2012 13:43:14
754197,BEST.PIC:TREE.OF.LIFE,The Tree of Life to win the Academy Award for Best Picture,30,1.4,Jan/24/2012 13:44:37
754197,BEST.PIC:TREE.OF.LIFE,The Tree of Life to win the Academy Award for Best Picture,2,1.4,Jan/24/2012 13:44:37
754197,BEST.PIC:TREE.OF.LIFE,The Tree of Life to win the Academy Award for Best Picture,36,1.0,Jan/24/2012 13:44:37
754197,BEST.PIC:TREE.OF.LIFE,The Tree of Life to win the Academy Award for Best Picture,7,1.5,Jan/24/2012 13:44:37
754197,BEST.PIC:TREE.OF.LIFE,The Tree of Life to win the Academy Award for Best Picture,5,1.5,Jan/24/2012 13:44:37
754197,BEST.PIC:TREE.OF.LIFE,The Tree of Life to win the Academy Award for Best Picture,50,1.0,Jan/24/2012 16:46:20
754197,BEST.PIC:TREE.OF.LIFE,The Tree of Life to win the Academy Award for Best Picture,4,1.0,Jan/24/2012 18:51:52
754197,BEST.PIC:TREE.OF.LIFE,The Tree of Life to win the Academy Award for Best Picture,5,1.0,Jan/25/2012 11:53:49
754197,BEST.PIC:TREE.OF.LIFE,The Tree of Life to win the Academy Award for Best Picture,18,1.0,Jan/25/2012 11:53:49
754197,BEST.PIC:TREE.OF.LIFE,The Tree of Life to win the Academy Award for Best Picture,1,1.0,Jan/25/2012 11:53:49
754197,BEST.PIC:TREE.OF.LIFE,The Tree of Life to win the Academy Award for Best Picture,1,0.8,Jan/25/2012 15:14:21
754197,BEST.PIC:TREE.OF.LIFE,The Tree of Life to win the Academy Award for Best Picture,15,1.0,Jan/25/2012 16:23:16
754197,BEST.PIC:TREE.OF.LIFE,The Tree of Life to win the Academy Award for Best Picture,6,1.0,Jan/26/2012 09:04:01
754197,BEST.PIC:TREE.OF.LIFE,The Tree of Life to win the Academy Award for Best Picture,1,1.0,Jan/26/2012 09:04:01
754197,BEST.PIC:TREE.OF.LIFE,The Tree of Life to win the Academy Award for Best Picture,4,1.0,Jan/26/2012 09:04:01
754197,BEST.PIC:TREE.OF.LIFE,The Tree of Life to win the Academy Award for Best Picture,1,0.8,Jan/26/2012 16:08:37
754197,BEST.PIC:TREE.OF.LIFE,The Tree of Life to win the Academy Award for Best Picture,1,1.0,Jan/26/2012 21:27:16
754197,BEST.PIC:TREE.OF.LIFE,The Tree of Life to win the Academy Award for Best Picture,6,1.0,Jan/26/2012 21:27:16
754197,BEST.PIC:TREE.OF.LIFE,The Tree of Life to win the Academy Award for Best Picture,4,1.0,Jan/26/2012 21:27:16
754197,BEST.PIC:TREE.OF.LIFE,The Tree of Life to win the Academy Award for Best Picture,1,1.0,Jan/27/2012 08:34:30
754197,BEST.PIC:TREE.OF.LIFE,The Tree of Life to win the Academy Award for Best Picture,4,1.0,Jan/27/2012 08:34:30
754197,BEST.PIC:TREE.OF.LIFE,The Tree of Life to win the Academy Award for Best Picture,1,1.0,Jan/27/2012 15:22:24
754197,BEST.PIC:TREE.OF.LIFE,The Tree of Life to win the Academy Award for Best Picture,10,0.9,Jan/28/2012 10:43:05
754197,BEST.PIC:TREE.OF.LIFE,The Tree of Life to win the Academy Award for Best Picture,1,0.9,Jan/28/2012 10:43:05
754197,BEST.PIC:TREE.OF.LIFE,The Tree of Life to win the Academy Award for Best Picture,10,1.0,Jan/28/2012 10:43:17
754197,BEST.PIC:TREE.OF.LIFE,The Tree of Life to win the Academy Award for Best Picture,1,1.2,Jan/28/2012 10:43:30
754197,BEST.PIC:TREE.OF.LIFE,The Tree of Life to win the Academy Award for Best Picture,10,1.2,Jan/28/2012 10:43:30
754197,BEST.PIC:TREE.OF.LIFE,The Tree of Life to win the Academy Award for Best Picture,10,1.3,Jan/28/2012 10:43:43
754197,BEST.PIC:TREE.OF.LIFE,The Tree of Life to win the Academy Award for Best Picture,10,1.3,Jan/28/2012 10:43:43
754197,BEST.PIC:TREE.OF.LIFE,The Tree of Life to win the Academy Award for Best Picture,1,1.3,Jan/28/2012 10:43:43
754197,BEST.PIC:TREE.OF.LIFE,The Tree of Life to win the Academy Award for Best Picture,7,1.5,Jan/28/2012 10:44:43
754197,BEST.PIC:TREE.OF.LIFE,The Tree of Life to win the Academy Award for Best Picture,1,0.7,Jan/28/2012 14:35:13
754197,BEST.PIC:TREE.OF.LIFE,The Tree of Life to win the Academy Award for Best Picture,1,0.7,Jan/28/2012 16:46:22
754197,BEST.PIC:TREE.OF.LIFE,The Tree of Life to win the Academy Award for Best Picture,1,0.7,Jan/28/2012 16:46:31
754197,BEST.PIC:TREE.OF.LIFE,The Tree of Life to win the Academy Award for Best Picture,7,0.7,Jan/28/2012 16:50:45
754197,BEST.PIC:TREE.OF.LIFE,The Tree of Life to win the Academy Award for Best Picture,11,0.6,Jan/28/2012 17:46:17
754197,BEST.PIC:TREE.OF.LIFE,The Tree of Life to win the Academy Award for Best Picture,39,0.6,Jan/28/2012 18:44:23
754197,BEST.PIC:TREE.OF.LIFE,The Tree of Life to win the Academy Award for Best Picture,41,0.6,Jan/28/2012 18:44:23
754197,BEST.PIC:TREE.OF.LIFE,The Tree of Life to win the Academy Award for Best Picture,4,0.6,Jan/28/2012 18:48:00
754197,BEST.PIC:TREE.OF.LIFE,The Tree of Life to win the Academy Award for Best Picture,3,0.4,Jan/29/2012 06:25:34
754197,BEST.PIC:TREE.OF.LIFE,The Tree of Life to win the Academy Award for Best Picture,70,0.4,Jan/29/2012 06:28:29
754197,BEST.PIC:TREE.OF.LIFE,The Tree of Life to win the Academy Award for Best Picture,1,0.5,Jan/29/2012 07:30:38
754197,BEST.PIC:TREE.OF.LIFE,The Tree of Life to win the Academy Award for Best Picture,1,0.5,Jan/29/2012 19:32:03
754197,BEST.PIC:TREE.OF.LIFE,The Tree of Life to win the Academy Award for Best Picture,26,0.5,Jan/30/2012 01:41:10
754197,BEST.PIC:TREE.OF.LIFE,The Tree of Life to win the Academy Award for Best Picture,14,0.5,Jan/30/2012 01:41:10
754197,BEST.PIC:TREE.OF.LIFE,The Tree of Life to win the Academy Award for Best Picture,1,0.5,Jan/30/2012 01:46:35
754197,BEST.PIC:TREE.OF.LIFE,The Tree of Life to win the Academy Award for Best Picture,27,0.5,Jan/30/2012 01:46:35
754197,BEST.PIC:TREE.OF.LIFE,The Tree of Life to win the Academy Award for Best Picture,20,0.5,Jan/31/2012 01:30:46
754197,BEST.PIC:TREE.OF.LIFE,The Tree of Life to win the Academy Award for Best Picture,1,0.5,Jan/31/2012 01:30:46
754197,BEST.PIC:TREE.OF.LIFE,The Tree of Life to win the Academy Award for Best Picture,9,0.6,Jan/31/2012 01:30:46
754197,BEST.PIC:TREE.OF.LIFE,The Tree of Life to win the Academy Award for Best Picture,7,0.4,Jan/31/2012 07:57:40
754197,BEST.PIC:TREE.OF.LIFE,The Tree of Life to win the Academy Award for Best Picture,1,0.6,Jan/31/2012 08:26:38
754197,BEST.PIC:TREE.OF.LIFE,The Tree of Life to win the Academy Award for Best Picture,1,0.6,Jan/31/2012 08:26:38
754197,BEST.PIC:TREE.OF.LIFE,The Tree of Life to win the Academy Award for Best Picture,1,0.7,Jan/31/2012 08:26:53
754197,BEST.PIC:TREE.OF.LIFE,The Tree of Life to win the Academy Award for Best Picture,1,0.6,Jan/31/2012 15:17:13
754197,BEST.PIC:TREE.OF.LIFE,The Tree of Life to win the Academy Award for Best Picture,10,0.5,Jan/31/2012 15:31:40
754197,BEST.PIC:TREE.OF.LIFE,The Tree of Life to win the Academy Award for Best Picture,1,0.4,Feb/01/2012 00:42:05
754197,BEST.PIC:TREE.OF.LIFE,The Tree of Life to win the Academy Award for Best Picture,1,0.4,Feb/01/2012 16:22:46
754197,BEST.PIC:TREE.OF.LIFE,The Tree of Life to win the Academy Award for Best Picture,10,0.5,Feb/01/2012 21:46:58
754197,BEST.PIC:TREE.OF.LIFE,The Tree of Life to win the Academy Award for Best Picture,6,0.5,Feb/01/2012 21:46:58
754197,BEST.PIC:TREE.OF.LIFE,The Tree of Life to win the Academy Award for Best Picture,3,0.4,Feb/02/2012 03:18:58
754197,BEST.PIC:TREE.OF.LIFE,The Tree of Life to win the Academy Award for Best Picture,10,0.4,Feb/02/2012 04:09:15
754197,BEST.PIC:TREE.OF.LIFE,The Tree of Life to win the Academy Award for Best Picture,3,0.4,Feb/02/2012 04:10:26
754197,BEST.PIC:TREE.OF.LIFE,The Tree of Life to win the Academy Award for Best Picture,1,0.5,Feb/02/2012 11:08:09
754197,BEST.PIC:TREE.OF.LIFE,The Tree of Life to win the Academy Award for Best Picture,1,0.5,Feb/02/2012 11:08:09
754197,BEST.PIC:TREE.OF.LIFE,The Tree of Life to win the Academy Award for Best Picture,3,0.5,Feb/02/2012 12:58:56
754197,BEST.PIC:TREE.OF.LIFE,The Tree of Life to win the Academy Award for Best Picture,9,0.5,Feb/02/2012 12:58:56
754197,BEST.PIC:TREE.OF.LIFE,The Tree of Life to win the Academy Award for Best Picture,1,0.4,Feb/02/2012 18:01:32
754197,BEST.PIC:TREE.OF.LIFE,The Tree of Life to win the Academy Award for Best Picture,1,0.5,Feb/03/2012 09:41:06
754197,BEST.PIC:TREE.OF.LIFE,The Tree of Life to win the Academy Award for Best Picture,13,0.5,Feb/03/2012 09:41:06
754197,BEST.PIC:TREE.OF.LIFE,The Tree of Life to win the Academy Award for Best Picture,10,0.5,Feb/03/2012 09:41:06
754197,BEST.PIC:TREE.OF.LIFE,The Tree of Life to win the Academy Award for Best Picture,1,0.5,Feb/03/2012 09:41:06
754197,BEST.PIC:TREE.OF.LIFE,The Tree of Life to win the Academy Award for Best Picture,10,0.5,Feb/03/2012 09:41:06
754197,BEST.PIC:TREE.OF.LIFE,The Tree of Life to win the Academy Award for Best Picture,10,0.6,Feb/03/2012 10:08:15
754197,BEST.PIC:TREE.OF.LIFE,The Tree of Life to win the Academy Award for Best Picture,10,0.6,Feb/03/2012 18:05:39
754197,BEST.PIC:TREE.OF.LIFE,The Tree of Life to win the Academy Award for Best Picture,1,0.7,Feb/03/2012 19:14:49
754197,BEST.PIC:TREE.OF.LIFE,The Tree of Life to win the Academy Award for Best Picture,1,0.6,Feb/03/2012 21:34:34
754197,BEST.PIC:TREE.OF.LIFE,The Tree of Life to win the Academy Award for Best Picture,1,0.7,Feb/04/2012 00:01:52
754197,BEST.PIC:TREE.OF.LIFE,The Tree of Life to win the Academy Award for Best Picture,1,0.6,Feb/04/2012 00:35:23
754197,BEST.PIC:TREE.OF.LIFE,The Tree of Life to win the Academy Award for Best Picture,1,0.6,Feb/04/2012 00:35:43
754197,BEST.PIC:TREE.OF.LIFE,The Tree of Life to win the Academy Award for Best Picture,12,0.6,Feb/04/2012 01:17:43
754197,BEST.PIC:TREE.OF.LIFE,The Tree of Life to win the Academy Award for Best Picture,8,0.7,Feb/06/2012 17:29:27
754197,BEST.PIC:TREE.OF.LIFE,The Tree of Life to win the Academy Award for Best Picture,10,0.7,Feb/06/2012 17:29:27
754197,BEST.PIC:TREE.OF.LIFE,The Tree of Life to win the Academy Award for Best Picture,10,0.7,Feb/06/2012 17:29:27
754197,BEST.PIC:TREE.OF.LIFE,The Tree of Life to win the Academy Award for Best Picture,1,0.7,Feb/06/2012 17:29:27
754197,BEST.PIC:TREE.OF.LIFE,The Tree of Life to win the Academy Award for Best Picture,10,0.8,Feb/06/2012 17:29:51
754197,BEST.PIC:TREE.OF.LIFE,The Tree of Life to win the Academy Award for Best Picture,10,0.9,Feb/06/2012 17:30:30
754197,BEST.PIC:TREE.OF.LIFE,The Tree of Life to win the Academy Award for Best Picture,20,0.9,Feb/06/2012 17:30:30
754197,BEST.PIC:TREE.OF.LIFE,The Tree of Life to win the Academy Award for Best Picture,1,0.9,Feb/06/2012 17:30:30
754197,BEST.PIC:TREE.OF.LIFE,The Tree of Life to win the Academy Award for Best Picture,1,1.0,Feb/06/2012 17:33:14
754197,BEST.PIC:TREE.OF.LIFE,The Tree of Life to win the Academy Award for Best Picture,1,0.7,Feb/09/2012 16:12:08
754197,BEST.PIC:TREE.OF.LIFE,The Tree of Life to win the Academy Award for Best Picture,20,0.7,Feb/09/2012 16:12:08
754197,BEST.PIC:TREE.OF.LIFE,The Tree of Life to win the Academy Award for Best Picture,10,0.7,Feb/09/2012 16:12:08
754197,BEST.PIC:TREE.OF.LIFE,The Tree of Life to win the Academy Award for Best Picture,5,0.7,Feb/09/2012 16:12:08
754197,BEST.PIC:TREE.OF.LIFE,The Tree of Life to win the Academy Award for Best Picture,44,0.6,Feb/11/2012 00:07:51
754197,BEST.PIC:TREE.OF.LIFE,The Tree of Life to win the Academy Award for Best Picture,1,0.6,Feb/12/2012 02:12:19
754197,BEST.PIC:TREE.OF.LIFE,The Tree of Life to win the Academy Award for Best Picture,1,0.5,Feb/12/2012 08:37:36
754197,BEST.PIC:TREE.OF.LIFE,The Tree of Life to win the Academy Award for Best Picture,16,0.3,Feb/12/2012 22:18:58
754197,BEST.PIC:TREE.OF.LIFE,The Tree of Life to win the Academy Award for Best Picture,4,0.3,Feb/12/2012 22:21:49
754197,BEST.PIC:TREE.OF.LIFE,The Tree of Life to win the Academy Award for Best Picture,11,0.3,Feb/12/2012 22:24:00
754197,BEST.PIC:TREE.OF.LIFE,The Tree of Life to win the Academy Award for Best Picture,2,0.3,Feb/12/2012 22:25:18
754197,BEST.PIC:TREE.OF.LIFE,The Tree of Life to win the Academy Award for Best Picture,11,0.3,Feb/12/2012 22:30:49
754197,BEST.PIC:TREE.OF.LIFE,The Tree of Life to win the Academy Award for Best Picture,10,0.5,Feb/12/2012 22:47:59
754197,BEST.PIC:TREE.OF.LIFE,The Tree of Life to win the Academy Award for Best Picture,2,0.3,Feb/12/2012 23:24:13
754197,BEST.PIC:TREE.OF.LIFE,The Tree of Life to win the Academy Award for Best Picture,30,0.6,Feb/12/2012 23:44:41
754197,BEST.PIC:TREE.OF.LIFE,The Tree of Life to win the Academy Award for Best Picture,3,0.4,Feb/13/2012 00:59:59
754197,BEST.PIC:TREE.OF.LIFE,The Tree of Life to win the Academy Award for Best Picture,17,0.4,Feb/13/2012 05:17:31
754197,BEST.PIC:TREE.OF.LIFE,The Tree of Life to win the Academy Award for Best Picture,1,0.4,Feb/13/2012 05:17:31
754197,BEST.PIC:TREE.OF.LIFE,The Tree of Life to win the Academy Award for Best Picture,20,0.5,Feb/13/2012 06:28:29
754197,BEST.PIC:TREE.OF.LIFE,The Tree of Life to win the Academy Award for Best Picture,1,0.5,Feb/13/2012 06:28:29
754197,BEST.PIC:TREE.OF.LIFE,The Tree of Life to win the Academy Award for Best Picture,49,0.6,Feb/13/2012 06:31:08
754197,BEST.PIC:TREE.OF.LIFE,The Tree of Life to win the Academy Award for Best Picture,1,0.7,Feb/13/2012 14:37:29
754197,BEST.PIC:TREE.OF.LIFE,The Tree of Life to win the Academy Award for Best Picture,10,0.7,Feb/13/2012 14:37:29
754197,BEST.PIC:TREE.OF.LIFE,The Tree of Life to win the Academy Award for Best Picture,5,0.8,Feb/13/2012 14:37:52
754197,BEST.PIC:TREE.OF.LIFE,The Tree of Life to win the Academy Award for Best Picture,20,0.8,Feb/13/2012 14:37:52
754197,BEST.PIC:TREE.OF.LIFE,The Tree of Life to win the Academy Award for Best Picture,20,0.8,Feb/13/2012 14:37:52
754197,BEST.PIC:TREE.OF.LIFE,The Tree of Life to win the Academy Award for Best Picture,20,0.9,Feb/13/2012 14:38:06
754197,BEST.PIC:TREE.OF.LIFE,The Tree of Life to win the Academy Award for Best Picture,35,0.9,Feb/13/2012 14:38:06
754197,BEST.PIC:TREE.OF.LIFE,The Tree of Life to win the Academy Award for Best Picture,1,0.9,Feb/13/2012 14:38:06
754197,BEST.PIC:TREE.OF.LIFE,The Tree of Life to win the Academy Award for Best Picture,19,1.0,Feb/13/2012 14:38:20
754197,BEST.PIC:TREE.OF.LIFE,The Tree of Life to win the Academy Award for Best Picture,44,1.0,Feb/13/2012 14:38:20
754197,BEST.PIC:TREE.OF.LIFE,The Tree of Life to win the Academy Award for Best Picture,1,1.0,Feb/13/2012 14:38:20
754197,BEST.PIC:TREE.OF.LIFE,The Tree of Life to win the Academy Award for Best Picture,25,1.0,Feb/13/2012 14:38:20
754197,BEST.PIC:TREE.OF.LIFE,The Tree of Life to win the Academy Award for Best Picture,40,1.0,Feb/13/2012 14:38:20
754197,BEST.PIC:TREE.OF.LIFE,The Tree of Life to win the Academy Award for Best Picture,1,1.1,Feb/13/2012 14:38:38
754197,BEST.PIC:TREE.OF.LIFE,The Tree of Life to win the Academy Award for Best Picture,23,1.1,Feb/13/2012 14:38:38
754197,BEST.PIC:TREE.OF.LIFE,The Tree of Life to win the Academy Award for Best Picture,29,1.2,Feb/13/2012 14:38:49
754197,BEST.PIC:TREE.OF.LIFE,The Tree of Life to win the Academy Award for Best Picture,1,1.3,Feb/13/2012 14:39:08
754197,BEST.PIC:TREE.OF.LIFE,The Tree of Life to win the Academy Award for Best Picture,30,1.3,Feb/13/2012 14:39:08
754197,BEST.PIC:TREE.OF.LIFE,The Tree of Life to win the Academy Award for Best Picture,1,1.4,Feb/13/2012 14:39:18
754197,BEST.PIC:TREE.OF.LIFE,The Tree of Life to win the Academy Award for Best Picture,20,1.4,Feb/13/2012 14:39:18
754197,BEST.PIC:TREE.OF.LIFE,The Tree of Life to win the Academy Award for Best Picture,10,1.5,Feb/13/2012 14:39:35
754197,BEST.PIC:TREE.OF.LIFE,The Tree of Life to win the Academy Award for Best Picture,1,1.5,Feb/13/2012 14:39:35
754197,BEST.PIC:TREE.OF.LIFE,The Tree of Life to win the Academy Award for Best Picture,1,1.8,Feb/13/2012 14:39:55
754197,BEST.PIC:TREE.OF.LIFE,The Tree of Life to win the Academy Award for Best Picture,5,1.8,Feb/13/2012 14:39:55
754197,BEST.PIC:TREE.OF.LIFE,The Tree of Life to win the Academy Award for Best Picture,20,1.8,Feb/13/2012 14:39:55
754197,BEST.PIC:TREE.OF.LIFE,The Tree of Life to win the Academy Award for Best Picture,35,1.8,Feb/13/2012 14:39:55
754197,BEST.PIC:TREE.OF.LIFE,The Tree of Life to win the Academy Award for Best Picture,20,2.0,Feb/13/2012 14:40:05
754197,BEST.PIC:TREE.OF.LIFE,The Tree of Life to win the Academy Award for Best Picture,1,2.0,Feb/13/2012 14:40:05
754197,BEST.PIC:TREE.OF.LIFE,The Tree of Life to win the Academy Award for Best Picture,1,2.1,Feb/13/2012 14:40:21
754197,BEST.PIC:TREE.OF.LIFE,The Tree of Life to win the Academy Award for Best Picture,50,2.1,Feb/13/2012 14:40:21
754197,BEST.PIC:TREE.OF.LIFE,The Tree of Life to win the Academy Award for Best Picture,6,1.5,Feb/13/2012 15:54:19
754197,BEST.PIC:TREE.OF.LIFE,The Tree of Life to win the Academy Award for Best Picture,38,2.1,Feb/13/2012 15:54:42
754197,BEST.PIC:TREE.OF.LIFE,The Tree of Life to win the Academy Award for Best Picture,30,1.6,Feb/13/2012 18:00:11
754197,BEST.PIC:TREE.OF.LIFE,The Tree of Life to win the Academy Award for Best Picture,60,1.7,Feb/13/2012 18:00:44
754197,BEST.PIC:TREE.OF.LIFE,The Tree of Life to win the Academy Award for Best Picture,80,1.8,Feb/13/2012 18:01:20
754197,BEST.PIC:TREE.OF.LIFE,The Tree of Life to win the Academy Award for Best Picture,120,1.9,Feb/13/2012 18:01:36
754197,BEST.PIC:TREE.OF.LIFE,The Tree of Life to win the Academy Award for Best Picture,1,1.9,Feb/13/2012 18:01:36
754197,BEST.PIC:TREE.OF.LIFE,The Tree of Life to win the Academy Award for Best Picture,10,2.0,Feb/13/2012 18:02:14
754197,BEST.PIC:TREE.OF.LIFE,The Tree of Life to win the Academy Award for Best Picture,50,2.0,Feb/13/2012 18:02:14
754197,BEST.PIC:TREE.OF.LIFE,The Tree of Life to win the Academy Award for Best Picture,300,2.0,Feb/13/2012 19:18:40
754197,BEST.PIC:TREE.OF.LIFE,The Tree of Life to win the Academy Award for Best Picture,1,2.0,Feb/13/2012 19:18:40
754197,BEST.PIC:TREE.OF.LIFE,The Tree of Life to win the Academy Award for Best Picture,20,1.5,Feb/13/2012 20:50:52
754197,BEST.PIC:TREE.OF.LIFE,The Tree of Life to win the Academy Award for Best Picture,20,2.1,Feb/13/2012 21:02:42
754197,BEST.PIC:TREE.OF.LIFE,The Tree of Life to win the Academy Award for Best Picture,3,1.5,Feb/13/2012 23:15:18
754197,BEST.PIC:TREE.OF.LIFE,The Tree of Life to win the Academy Award for Best Picture,17,1.5,Feb/13/2012 23:57:48
754197,BEST.PIC:TREE.OF.LIFE,The Tree of Life to win the Academy Award for Best Picture,3,2.1,Feb/13/2012 23:58:48
754197,BEST.PIC:TREE.OF.LIFE,The Tree of Life to win the Academy Award for Best Picture,1,2.1,Feb/13/2012 23:58:48
754197,BEST.PIC:TREE.OF.LIFE,The Tree of Life to win the Academy Award for Best Picture,1,2.2,Feb/14/2012 02:46:53
754197,BEST.PIC:TREE.OF.LIFE,The Tree of Life to win the Academy Award for Best Picture,1,2.0,Feb/14/2012 14:45:46
754197,BEST.PIC:TREE.OF.LIFE,The Tree of Life to win the Academy Award for Best Picture,16,2.0,Feb/14/2012 14:46:07
754197,BEST.PIC:TREE.OF.LIFE,The Tree of Life to win the Academy Award for Best Picture,1,2.0,Feb/14/2012 14:46:07
754197,BEST.PIC:TREE.OF.LIFE,The Tree of Life to win the Academy Award for Best Picture,10,2.2,Feb/14/2012 14:46:23
754197,BEST.PIC:TREE.OF.LIFE,The Tree of Life to win the Academy Award for Best Picture,1,2.2,Feb/14/2012 14:46:23
754197,BEST.PIC:TREE.OF.LIFE,The Tree of Life to win the Academy Award for Best Picture,39,2.2,Feb/14/2012 14:46:23
754197,BEST.PIC:TREE.OF.LIFE,The Tree of Life to win the Academy Award for Best Picture,14,1.7,Feb/14/2012 17:26:49
754197,BEST.PIC:TREE.OF.LIFE,The Tree of Life to win the Academy Award for Best Picture,25,1.4,Feb/14/2012 18:13:00
754197,BEST.PIC:TREE.OF.LIFE,The Tree of Life to win the Academy Award for Best Picture,1,1.2,Feb/14/2012 19:18:25
754197,BEST.PIC:TREE.OF.LIFE,The Tree of Life to win the Academy Award for Best Picture,69,1.0,Feb/14/2012 19:20:19
754197,BEST.PIC:TREE.OF.LIFE,The Tree of Life to win the Academy Award for Best Picture,6,1.5,Feb/14/2012 19:28:19
754197,BEST.PIC:TREE.OF.LIFE,The Tree of Life to win the Academy Award for Best Picture,1,2.0,Feb/15/2012 06:39:18
754197,BEST.PIC:TREE.OF.LIFE,The Tree of Life to win the Academy Award for Best Picture,5,2.0,Feb/15/2012 06:39:18
754197,BEST.PIC:TREE.OF.LIFE,The Tree of Life to win the Academy Award for Best Picture,1,1.8,Feb/15/2012 21:19:06
754197,BEST.PIC:TREE.OF.LIFE,The Tree of Life to win the Academy Award for Best Picture,1,1.8,Feb/15/2012 21:19:06
754197,BEST.PIC:TREE.OF.LIFE,The Tree of Life to win the Academy Award for Best Picture,25,1.9,Feb/15/2012 21:19:27
754197,BEST.PIC:TREE.OF.LIFE,The Tree of Life to win the Academy Award for Best Picture,120,2.0,Feb/15/2012 21:20:30
754197,BEST.PIC:TREE.OF.LIFE,The Tree of Life to win the Academy Award for Best Picture,1,2.0,Feb/15/2012 21:20:30
754197,BEST.PIC:TREE.OF.LIFE,The Tree of Life to win the Academy Award for Best Picture,1,2.3,Feb/15/2012 21:27:41
754197,BEST.PIC:TREE.OF.LIFE,The Tree of Life to win the Academy Award for Best Picture,1,2.0,Feb/16/2012 14:17:14
754197,BEST.PIC:TREE.OF.LIFE,The Tree of Life to win the Academy Award for Best Picture,10,2.0,Feb/16/2012 14:17:14
754197,BEST.PIC:TREE.OF.LIFE,The Tree of Life to win the Academy Award for Best Picture,1,2.0,Feb/16/2012 14:17:14
754197,BEST.PIC:TREE.OF.LIFE,The Tree of Life to win the Academy Award for Best Picture,25,2.0,Feb/16/2012 14:17:14
754197,BEST.PIC:TREE.OF.LIFE,The Tree of Life to win the Academy Award for Best Picture,1,2.0,Feb/17/2012 00:32:22
754197,BEST.PIC:TREE.OF.LIFE,The Tree of Life to win the Academy Award for Best Picture,7,1.3,Feb/17/2012 18:41:14
754197,BEST.PIC:TREE.OF.LIFE,The Tree of Life to win the Academy Award for Best Picture,3,1.4,Feb/20/2012 06:11:35
754197,BEST.PIC:TREE.OF.LIFE,The Tree of Life to win the Academy Award for Best Picture,10,1.7,Feb/20/2012 15:19:22
754197,BEST.PIC:TREE.OF.LIFE,The Tree of Life to win the Academy Award for Best Picture,5,1.4,Feb/21/2012 01:46:47
754197,BEST.PIC:TREE.OF.LIFE,The Tree of Life to win the Academy Award for Best Picture,4,1.9,Feb/21/2012 02:11:54
754197,BEST.PIC:TREE.OF.LIFE,The Tree of Life to win the Academy Award for Best Picture,1,1.3,Feb/21/2012 02:12:32
754197,BEST.PIC:TREE.OF.LIFE,The Tree of Life to win the Academy Award for Best Picture,1,1.3,Feb/21/2012 05:40:03
754197,BEST.PIC:TREE.OF.LIFE,The Tree of Life to win the Academy Award for Best Picture,6,1.3,Feb/21/2012 08:45:15
754197,BEST.PIC:TREE.OF.LIFE,The Tree of Life to win the Academy Award for Best Picture,5,1.3,Feb/21/2012 08:46:21
754197,BEST.PIC:TREE.OF.LIFE,The Tree of Life to win the Academy Award for Best Picture,1,1.3,Feb/21/2012 08:47:23
754197,BEST.PIC:TREE.OF.LIFE,The Tree of Life to win the Academy Award for Best Picture,3,1.3,Feb/21/2012 08:48:15
754197,BEST.PIC:TREE.OF.LIFE,The Tree of Life to win the Academy Award for Best Picture,4,1.3,Feb/21/2012 08:49:18
754197,BEST.PIC:TREE.OF.LIFE,The Tree of Life to win the Academy Award for Best Picture,4,1.3,Feb/21/2012 08:49:18
754197,BEST.PIC:TREE.OF.LIFE,The Tree of Life to win the Academy Award for Best Picture,1,1.3,Feb/21/2012 08:49:18
754197,BEST.PIC:TREE.OF.LIFE,The Tree of Life to win the Academy Award for Best Picture,1,1.3,Feb/21/2012 08:51:18
754197,BEST.PIC:TREE.OF.LIFE,The Tree of Life to win the Academy Award for Best Picture,5,1.3,Feb/21/2012 08:51:39
754197,BEST.PIC:TREE.OF.LIFE,The Tree of Life to win the Academy Award for Best Picture,6,1.1,Feb/21/2012 08:52:29
754197,BEST.PIC:TREE.OF.LIFE,The Tree of Life to win the Academy Award for Best Picture,7,1.1,Feb/21/2012 08:53:30
754197,BEST.PIC:TREE.OF.LIFE,The Tree of Life to win the Academy Award for Best Picture,2,1.1,Feb/21/2012 08:54:31
754197,BEST.PIC:TREE.OF.LIFE,The Tree of Life to win the Academy Award for Best Picture,4,1.1,Feb/21/2012 08:55:32
754197,BEST.PIC:TREE.OF.LIFE,The Tree of Life to win the Academy Award for Best Picture,7,1.0,Feb/21/2012 08:56:32
754197,BEST.PIC:TREE.OF.LIFE,The Tree of Life to win the Academy Award for Best Picture,1,1.1,Feb/21/2012 08:56:32
754197,BEST.PIC:TREE.OF.LIFE,The Tree of Life to win the Academy Award for Best Picture,4,1.0,Feb/21/2012 08:57:37
754197,BEST.PIC:TREE.OF.LIFE,The Tree of Life to win the Academy Award for Best Picture,3,1.0,Feb/21/2012 08:58:29
754197,BEST.PIC:TREE.OF.LIFE,The Tree of Life to win the Academy Award for Best Picture,5,1.0,Feb/21/2012 08:59:32
754197,BEST.PIC:TREE.OF.LIFE,The Tree of Life to win the Academy Award for Best Picture,1,1.0,Feb/21/2012 09:00:33
754197,BEST.PIC:TREE.OF.LIFE,The Tree of Life to win the Academy Award for Best Picture,1,1.0,Feb/21/2012 09:23:51
754197,BEST.PIC:TREE.OF.LIFE,The Tree of Life to win the Academy Award for Best Picture,200,1.5,Feb/21/2012 15:38:58
754197,BEST.PIC:TREE.OF.LIFE,The Tree of Life to win the Academy Award for Best Picture,1,1.5,Feb/21/2012 15:38:58
754197,BEST.PIC:TREE.OF.LIFE,The Tree of Life to win the Academy Award for Best Picture,10,1.5,Feb/22/2012 10:27:19
754197,BEST.PIC:TREE.OF.LIFE,The Tree of Life to win the Academy Award for Best Picture,1,1.5,Feb/22/2012 10:27:19
754197,BEST.PIC:TREE.OF.LIFE,The Tree of Life to win the Academy Award for Best Picture,30,1.5,Feb/22/2012 15:17:44
754197,BEST.PIC:TREE.OF.LIFE,The Tree of Life to win the Academy Award for Best Picture,5,1.7,Feb/22/2012 16:16:47
754197,BEST.PIC:TREE.OF.LIFE,The Tree of Life to win the Academy Award for Best Picture,1,1.7,Feb/22/2012 16:17:25
754197,BEST.PIC:TREE.OF.LIFE,The Tree of Life to win the Academy Award for Best Picture,3,1.9,Feb/22/2012 16:17:25
754197,BEST.PIC:TREE.OF.LIFE,The Tree of Life to win the Academy Award for Best Picture,1,1.7,Feb/22/2012 16:17:25
754197,BEST.PIC:TREE.OF.LIFE,The Tree of Life to win the Academy Award for Best Picture,5,1.0,Feb/23/2012 02:11:50
754197,BEST.PIC:TREE.OF.LIFE,The Tree of Life to win the Academy Award for Best Picture,6,1.0,Feb/23/2012 02:12:08
754197,BEST.PIC:TREE.OF.LIFE,The Tree of Life to win the Academy Award for Best Picture,5,1.0,Feb/23/2012 02:32:15
754197,BEST.PIC:TREE.OF.LIFE,The Tree of Life to win the Academy Award for Best Picture,5,1.0,Feb/23/2012 03:15:30
754197,BEST.PIC:TREE.OF.LIFE,The Tree of Life to win the Academy Award for Best Picture,5,1.0,Feb/23/2012 04:37:55
754197,BEST.PIC:TREE.OF.LIFE,The Tree of Life to win the Academy Award for Best Picture,5,1.0,Feb/23/2012 04:49:55
754197,BEST.PIC:TREE.OF.LIFE,The Tree of Life to win the Academy Award for Best Picture,2,1.0,Feb/23/2012 05:41:13
754197,BEST.PIC:TREE.OF.LIFE,The Tree of Life to win the Academy Award for Best Picture,2,1.4,Feb/23/2012 18:18:53
754197,BEST.PIC:TREE.OF.LIFE,The Tree of Life to win the Academy Award for Best Picture,1,1.0,Feb/24/2012 00:28:06
754197,BEST.PIC:TREE.OF.LIFE,The Tree of Life to win the Academy Award for Best Picture,7,1.3,Feb/24/2012 01:51:21
754197,BEST.PIC:TREE.OF.LIFE,The Tree of Life to win the Academy Award for Best Picture,1,1.3,Feb/24/2012 01:51:21
754197,BEST.PIC:TREE.OF.LIFE,The Tree of Life to win the Academy Award for Best Picture,8,1.4,Feb/24/2012 01:52:01
754197,BEST.PIC:TREE.OF.LIFE,The Tree of Life to win the Academy Award for Best Picture,1,1.5,Feb/24/2012 01:52:36
754197,BEST.PIC:TREE.OF.LIFE,The Tree of Life to win the Academy Award for Best Picture,10,1.5,Feb/24/2012 01:52:36
754197,BEST.PIC:TREE.OF.LIFE,The Tree of Life to win the Academy Award for Best Picture,10,1.6,Feb/24/2012 01:53:30
754197,BEST.PIC:TREE.OF.LIFE,The Tree of Life to win the Academy Award for Best Picture,1,1.7,Feb/24/2012 01:54:16
754197,BEST.PIC:TREE.OF.LIFE,The Tree of Life to win the Academy Award for Best Picture,20,1.7,Feb/24/2012 01:54:16
754197,BEST.PIC:TREE.OF.LIFE,The Tree of Life to win the Academy Award for Best Picture,6,1.8,Feb/24/2012 01:54:34
754197,BEST.PIC:TREE.OF.LIFE,The Tree of Life to win the Academy Award for Best Picture,1,2.0,Feb/24/2012 01:55:00
754197,BEST.PIC:TREE.OF.LIFE,The Tree of Life to win the Academy Award for Best Picture,2,2.0,Feb/24/2012 01:55:00
754197,BEST.PIC:TREE.OF.LIFE,The Tree of Life to win the Academy Award for Best Picture,1,2.1,Feb/24/2012 01:55:39
754197,BEST.PIC:TREE.OF.LIFE,The Tree of Life to win the Academy Award for Best Picture,75,2.1,Feb/24/2012 01:55:39
754197,BEST.PIC:TREE.OF.LIFE,The Tree of Life to win the Academy Award for Best Picture,1,2.1,Feb/24/2012 01:55:39
754197,BEST.PIC:TREE.OF.LIFE,The Tree of Life to win the Academy Award for Best Picture,5,1.0,Feb/24/2012 09:57:46
754197,BEST.PIC:TREE.OF.LIFE,The Tree of Life to win the Academy Award for Best Picture,50,1.9,Feb/24/2012 14:09:28
754197,BEST.PIC:TREE.OF.LIFE,The Tree of Life to win the Academy Award for Best Picture,1,1.9,Feb/24/2012 14:09:28
754197,BEST.PIC:TREE.OF.LIFE,The Tree of Life to win the Academy Award for Best Picture,5,1.0,Feb/24/2012 14:53:40
754197,BEST.PIC:TREE.OF.LIFE,The Tree of Life to win the Academy Award for Best Picture,1,1.0,Feb/24/2012 14:53:50
754197,BEST.PIC:TREE.OF.LIFE,The Tree of Life to win the Academy Award for Best Picture,5,1.0,Feb/24/2012 15:42:29
754197,BEST.PIC:TREE.OF.LIFE,The Tree of Life to win the Academy Award for Best Picture,9,1.2,Feb/24/2012 23:26:42
754197,BEST.PIC:TREE.OF.LIFE,The Tree of Life to win the Academy Award for Best Picture,1,0.6,Feb/25/2012 22:56:08
754197,BEST.PIC:TREE.OF.LIFE,The Tree of Life to win the Academy Award for Best Picture,5,1.0,Feb/26/2012 02:04:34
754197,BEST.PIC:TREE.OF.LIFE,The Tree of Life to win the Academy Award for Best Picture,1,1.0,Feb/26/2012 02:04:34
754197,BEST.PIC:TREE.OF.LIFE,The Tree of Life to win the Academy Award for Best Picture,5,1.1,Feb/26/2012 02:04:54
754197,BEST.PIC:TREE.OF.LIFE,The Tree of Life to win the Academy Award for Best Picture,7,1.4,Feb/26/2012 02:08:00
754197,BEST.PIC:TREE.OF.LIFE,The Tree of Life to win the Academy Award for Best Picture,2,0.6,Feb/26/2012 05:05:28
754197,BEST.PIC:TREE.OF.LIFE,The Tree of Life to win the Academy Award for Best Picture,1,0.7,Feb/26/2012 19:32:32
754197,BEST.PIC:TREE.OF.LIFE,The Tree of Life to win the Academy Award for Best Picture,9,0.7,Feb/26/2012 20:18:41
754197,BEST.PIC:TREE.OF.LIFE,The Tree of Life to win the Academy Award for Best Picture,1,0.7,Feb/26/2012 20:18:41
754197,BEST.PIC:TREE.OF.LIFE,The Tree of Life to win the Academy Award for Best Picture,10,0.8,Feb/26/2012 20:57:17
754197,BEST.PIC:TREE.OF.LIFE,The Tree of Life to win the Academy Award for Best Picture,15,0.7,Feb/26/2012 21:12:01
754197,BEST.PIC:TREE.OF.LIFE,The Tree of Life to win the Academy Award for Best Picture,5,0.7,Feb/26/2012 22:33:57
754197,BEST.PIC:TREE.OF.LIFE,The Tree of Life to win the Academy Award for Best Picture,45,0.7,Feb/26/2012 22:33:57
754197,BEST.PIC:TREE.OF.LIFE,The Tree of Life to win the Academy Award for Best Picture,40,0.7,Feb/26/2012 22:38:38
754197,BEST.PIC:TREE.OF.LIFE,The Tree of Life to win the Academy Award for Best Picture,5,0.7,Feb/26/2012 22:44:17
754197,BEST.PIC:TREE.OF.LIFE,The Tree of Life to win the Academy Award for Best Picture,6,0.7,Feb/26/2012 22:44:37
754197,BEST.PIC:TREE.OF.LIFE,The Tree of Life to win the Academy Award for Best Picture,1,0.5,Feb/26/2012 23:14:23
754197,BEST.PIC:TREE.OF.LIFE,The Tree of Life to win the Academy Award for Best Picture,1,0.8,Feb/26/2012 23:44:25
754197,BEST.PIC:TREE.OF.LIFE,The Tree of Life to win the Academy Award for Best Picture,24,0.5,Feb/26/2012 23:45:04
754197,BEST.PIC:TREE.OF.LIFE,The Tree of Life to win the Academy Award for Best Picture,1,0.3,Feb/27/2012 00:26:03
754197,BEST.PIC:TREE.OF.LIFE,The Tree of Life to win the Academy Award for Best Picture,26,0.5,Feb/27/2012 00:46:55
754197,BEST.PIC:TREE.OF.LIFE,The Tree of Life to win the Academy Award for Best Picture,10,0.5,Feb/27/2012 00:46:55
754197,BEST.PIC:TREE.OF.LIFE,The Tree of Life to win the Academy Award for Best Picture,100,0.5,Feb/27/2012 01:38:28
754197,BEST.PIC:TREE.OF.LIFE,The Tree of Life to win the Academy Award for Best Picture,5,0.5,Feb/27/2012 02:02:53
754197,BEST.PIC:TREE.OF.LIFE,The Tree of Life to win the Academy Award for Best Picture,10,0.4,Feb/27/2012 02:25:30
754197,BEST.PIC:TREE.OF.LIFE,The Tree of Life to win the Academy Award for Best Picture,1,0.5,Feb/27/2012 02:30:55
754197,BEST.PIC:TREE.OF.LIFE,The Tree of Life to win the Academy Award for Best Picture,1,0.3,Feb/27/2012 02:31:21
754197,BEST.PIC:TREE.OF.LIFE,The Tree of Life to win the Academy Award for Best Picture,5,0.3,Feb/27/2012 02:32:04
754197,BEST.PIC:TREE.OF.LIFE,The Tree of Life to win the Academy Award for Best Picture,1,0.3,Feb/27/2012 02:33:00
754197,BEST.PIC:TREE.OF.LIFE,The Tree of Life to win the Academy Award for Best Picture,1,0.3,Feb/27/2012 02:34:10
754197,BEST.PIC:TREE.OF.LIFE,The Tree of Life to win the Academy Award for Best Picture,4,0.5,Feb/27/2012 02:34:28
754197,BEST.PIC:TREE.OF.LIFE,The Tree of Life to win the Academy Award for Best Picture,1,0.3,Feb/27/2012 02:34:49
754197,BEST.PIC:TREE.OF.LIFE,The Tree of Life to win the Academy Award for Best Picture,3,0.3,Feb/27/2012 02:34:56
754197,BEST.PIC:TREE.OF.LIFE,The Tree of Life to win the Academy Award for Best Picture,1,0.3,Feb/27/2012 02:36:39
754197,BEST.PIC:TREE.OF.LIFE,The Tree of Life to win the Academy Award for Best Picture,1,0.3,Feb/27/2012 02:36:43
754197,BEST.PIC:TREE.OF.LIFE,The Tree of Life to win the Academy Award for Best Picture,1,0.3,Feb/27/2012 02:40:53
754197,BEST.PIC:TREE.OF.LIFE,The Tree of Life to win the Academy Award for Best Picture,1,0.3,Feb/27/2012 02:42:20
754197,BEST.PIC:TREE.OF.LIFE,The Tree of Life to win the Academy Award for Best Picture,5,0.3,Feb/27/2012 02:48:26
754197,BEST.PIC:TREE.OF.LIFE,The Tree of Life to win the Academy Award for Best Picture,1,0.3,Feb/27/2012 02:48:46
754197,BEST.PIC:TREE.OF.LIFE,The Tree of Life to win the Academy Award for Best Picture,1,0.3,Feb/27/2012 02:50:00
754197,BEST.PIC:TREE.OF.LIFE,The Tree of Life to win the Academy Award for Best Picture,1,0.3,Feb/27/2012 02:50:07
754197,BEST.PIC:TREE.OF.LIFE,The Tree of Life to win the Academy Award for Best Picture,1,0.3,Feb/27/2012 02:51:26
754197,BEST.PIC:TREE.OF.LIFE,The Tree of Life to win the Academy Award for Best Picture,1,0.3,Feb/27/2012 02:56:44
754197,BEST.PIC:TREE.OF.LIFE,The Tree of Life to win the Academy Award for Best Picture,1,0.3,Feb/27/2012 02:57:15
754197,BEST.PIC:TREE.OF.LIFE,The Tree of Life to win the Academy Award for Best Picture,1,0.3,Feb/27/2012 02:59:11
754197,BEST.PIC:TREE.OF.LIFE,The Tree of Life to win the Academy Award for Best Picture,1,0.3,Feb/27/2012 02:59:24
754197,BEST.PIC:TREE.OF.LIFE,The Tree of Life to win the Academy Award for Best Picture,1,0.3,Feb/27/2012 02:59:46
754197,BEST.PIC:TREE.OF.LIFE,The Tree of Life to win the Academy Award for Best Picture,1,0.3,Feb/27/2012 03:00:03
754197,BEST.PIC:TREE.OF.LIFE,The Tree of Life to win the Academy Award for Best Picture,1,0.3,Feb/27/2012 03:00:10
754197,BEST.PIC:TREE.OF.LIFE,The Tree of Life to win the Academy Award for Best Picture,1,0.3,Feb/27/2012 03:00:24
754197,BEST.PIC:TREE.OF.LIFE,The Tree of Life to win the Academy Award for Best Picture,1,0.3,Feb/27/2012 03:00:45
754197,BEST.PIC:TREE.OF.LIFE,The Tree of Life to win the Academy Award for Best Picture,1,0.3,Feb/27/2012 03:01:29
754197,BEST.PIC:TREE.OF.LIFE,The Tree of Life to win the Academy Award for Best Picture,1,0.3,Feb/27/2012 03:13:19
754197,BEST.PIC:TREE.OF.LIFE,The Tree of Life to win the Academy Award for Best Picture,1,0.3,Feb/27/2012 03:26:30
754197,BEST.PIC:TREE.OF.LIFE,The Tree of Life to win the Academy Award for Best Picture,16,0.3,Feb/27/2012 03:29:55
754197,BEST.PIC:TREE.OF.LIFE,The Tree of Life to win the Academy Award for Best Picture,6,0.3,Feb/27/2012 03:34:50
754197,BEST.PIC:TREE.OF.LIFE,The Tree of Life to win the Academy Award for Best Picture,2,0.1,Feb/27/2012 03:41:35
754197,BEST.PIC:TREE.OF.LIFE,The Tree of Life to win the Academy Award for Best Picture,58,0.3,Feb/27/2012 03:46:48
754197,BEST.PIC:TREE.OF.LIFE,The Tree of Life to win the Academy Award for Best Picture,1,0.1,Feb/27/2012 03:53:22
754197,BEST.PIC:TREE.OF.LIFE,The Tree of Life to win the Academy Award for Best Picture,1,0.2,Feb/27/2012 04:00:02
754197,BEST.PIC:TREE.OF.LIFE,The Tree of Life to win the Academy Award for Best Picture,1,0.2,Feb/27/2012 04:19:45
754197,BEST.PIC:TREE.OF.LIFE,The Tree of Life to win the Academy Award for Best Picture,1,0.2,Feb/27/2012 04:25:16
