market id,market symbol,market name,trade quantity,trade price,date/time [utc]
754186,BEST.PIC:HUGO,Hugo to win the Academy Award for Best Picture,5,10.0,Nov/24/2011 00:17:40
754186,BEST.PIC:HUGO,Hugo to win the Academy Award for Best Picture,20,1.9,Nov/26/2011 12:57:17
754186,BEST.PIC:HUGO,Hugo to win the Academy Award for Best Picture,1,1.9,Nov/26/2011 12:57:17
754186,BEST.PIC:HUGO,Hugo to win the Academy Award for Best Picture,10,2.0,Nov/26/2011 12:57:27
754186,BEST.PIC:HUGO,Hugo to win the Academy Award for Best Picture,20,2.4,Nov/26/2011 20:27:47
754186,BEST.PIC:HUGO,Hugo to win the Academy Award for Best Picture,1,2.5,Nov/26/2011 20:28:09
754186,BEST.PIC:HUGO,Hugo to win the Academy Award for Best Picture,10,2.5,Nov/26/2011 20:28:09
754186,BEST.PIC:HUGO,Hugo to win the Academy Award for Best Picture,10,2.5,Nov/27/2011 07:56:26
754186,BEST.PIC:HUGO,Hugo to win the Academy Award for Best Picture,1,2.5,Nov/27/2011 07:56:26
754186,BEST.PIC:HUGO,Hugo to win the Academy Award for Best Picture,20,2.9,Nov/27/2011 07:56:39
754186,BEST.PIC:HUGO,Hugo to win the Academy Award for Best Picture,2,2.9,Nov/27/2011 07:56:39
754186,BEST.PIC:HUGO,Hugo to win the Academy Award for Best Picture,10,3.0,Nov/27/2011 07:57:05
754186,BEST.PIC:HUGO,Hugo to win the Academy Award for Best Picture,30,4.9,Nov/27/2011 10:00:41
754186,BEST.PIC:HUGO,Hugo to win the Academy Award for Best Picture,1,4.9,Nov/27/2011 10:00:41
754186,BEST.PIC:HUGO,Hugo to win the Academy Award for Best Picture,10,5.0,Nov/27/2011 10:01:16
754186,BEST.PIC:HUGO,Hugo to win the Academy Award for Best Picture,10,5.5,Nov/27/2011 10:01:30
754186,BEST.PIC:HUGO,Hugo to win the Academy Award for Best Picture,3,5.5,Nov/27/2011 10:01:30
754186,BEST.PIC:HUGO,Hugo to win the Academy Award for Best Picture,5,5.9,Nov/27/2011 20:04:41
754186,BEST.PIC:HUGO,Hugo to win the Academy Award for Best Picture,10,4.0,Nov/28/2011 23:36:56
754186,BEST.PIC:HUGO,Hugo to win the Academy Award for Best Picture,1,4.0,Nov/28/2011 23:36:56
754186,BEST.PIC:HUGO,Hugo to win the Academy Award for Best Picture,10,4.0,Nov/29/2011 00:44:58
754186,BEST.PIC:HUGO,Hugo to win the Academy Award for Best Picture,1,4.0,Nov/29/2011 00:44:58
754186,BEST.PIC:HUGO,Hugo to win the Academy Award for Best Picture,1,2.8,Nov/29/2011 16:32:23
754186,BEST.PIC:HUGO,Hugo to win the Academy Award for Best Picture,5,2.8,Nov/29/2011 16:32:23
754186,BEST.PIC:HUGO,Hugo to win the Academy Award for Best Picture,1,3.0,Nov/29/2011 20:02:06
754186,BEST.PIC:HUGO,Hugo to win the Academy Award for Best Picture,1,2.8,Nov/29/2011 20:02:06
754186,BEST.PIC:HUGO,Hugo to win the Academy Award for Best Picture,1,2.5,Nov/29/2011 20:02:06
754186,BEST.PIC:HUGO,Hugo to win the Academy Award for Best Picture,10,2.5,Nov/29/2011 20:02:06
754186,BEST.PIC:HUGO,Hugo to win the Academy Award for Best Picture,7,3.3,Nov/29/2011 20:02:06
754186,BEST.PIC:HUGO,Hugo to win the Academy Award for Best Picture,10,3.0,Nov/29/2011 20:02:06
754186,BEST.PIC:HUGO,Hugo to win the Academy Award for Best Picture,20,2.8,Nov/29/2011 20:02:06
754186,BEST.PIC:HUGO,Hugo to win the Academy Award for Best Picture,10,2.5,Nov/29/2011 22:54:43
754186,BEST.PIC:HUGO,Hugo to win the Academy Award for Best Picture,20,1.2,Nov/30/2011 05:51:45
754186,BEST.PIC:HUGO,Hugo to win the Academy Award for Best Picture,4,1.2,Nov/30/2011 05:51:45
754186,BEST.PIC:HUGO,Hugo to win the Academy Award for Best Picture,1,1.2,Nov/30/2011 11:40:27
754186,BEST.PIC:HUGO,Hugo to win the Academy Award for Best Picture,10,1.3,Nov/30/2011 11:40:27
754186,BEST.PIC:HUGO,Hugo to win the Academy Award for Best Picture,9,1.2,Nov/30/2011 11:40:27
754186,BEST.PIC:HUGO,Hugo to win the Academy Award for Best Picture,10,1.4,Nov/30/2011 14:38:20
754186,BEST.PIC:HUGO,Hugo to win the Academy Award for Best Picture,10,1.2,Dec/01/2011 05:22:30
754186,BEST.PIC:HUGO,Hugo to win the Academy Award for Best Picture,1,1.2,Dec/01/2011 05:22:30
754186,BEST.PIC:HUGO,Hugo to win the Academy Award for Best Picture,10,1.2,Dec/01/2011 19:45:49
754186,BEST.PIC:HUGO,Hugo to win the Academy Award for Best Picture,1,1.2,Dec/01/2011 20:21:19
754186,BEST.PIC:HUGO,Hugo to win the Academy Award for Best Picture,20,1.2,Dec/01/2011 20:21:19
754186,BEST.PIC:HUGO,Hugo to win the Academy Award for Best Picture,60,1.3,Dec/01/2011 20:21:19
754186,BEST.PIC:HUGO,Hugo to win the Academy Award for Best Picture,60,1.5,Dec/01/2011 20:21:29
754186,BEST.PIC:HUGO,Hugo to win the Academy Award for Best Picture,1,1.4,Dec/01/2011 20:21:29
754186,BEST.PIC:HUGO,Hugo to win the Academy Award for Best Picture,1,1.5,Dec/01/2011 20:21:39
754186,BEST.PIC:HUGO,Hugo to win the Academy Award for Best Picture,1,2.0,Dec/01/2011 20:21:39
754186,BEST.PIC:HUGO,Hugo to win the Academy Award for Best Picture,1,1.8,Dec/01/2011 20:21:39
754186,BEST.PIC:HUGO,Hugo to win the Academy Award for Best Picture,1,1.6,Dec/01/2011 20:21:39
754186,BEST.PIC:HUGO,Hugo to win the Academy Award for Best Picture,20,2.0,Dec/01/2011 20:21:39
754186,BEST.PIC:HUGO,Hugo to win the Academy Award for Best Picture,1,5.0,Dec/01/2011 20:21:52
754186,BEST.PIC:HUGO,Hugo to win the Academy Award for Best Picture,10,3.5,Dec/01/2011 20:21:52
754186,BEST.PIC:HUGO,Hugo to win the Academy Award for Best Picture,7,3.5,Dec/01/2011 20:21:52
754186,BEST.PIC:HUGO,Hugo to win the Academy Award for Best Picture,1,5.0,Dec/01/2011 21:18:38
754186,BEST.PIC:HUGO,Hugo to win the Academy Award for Best Picture,9,5.0,Dec/01/2011 21:18:38
754186,BEST.PIC:HUGO,Hugo to win the Academy Award for Best Picture,10,6.0,Dec/01/2011 21:19:01
754186,BEST.PIC:HUGO,Hugo to win the Academy Award for Best Picture,5,6.0,Dec/01/2011 21:19:01
754186,BEST.PIC:HUGO,Hugo to win the Academy Award for Best Picture,10,6.5,Dec/01/2011 21:19:21
754186,BEST.PIC:HUGO,Hugo to win the Academy Award for Best Picture,3,6.5,Dec/01/2011 21:19:21
754186,BEST.PIC:HUGO,Hugo to win the Academy Award for Best Picture,2,7.0,Dec/01/2011 21:19:30
754186,BEST.PIC:HUGO,Hugo to win the Academy Award for Best Picture,20,7.0,Dec/01/2011 21:19:30
754186,BEST.PIC:HUGO,Hugo to win the Academy Award for Best Picture,10,7.5,Dec/01/2011 21:19:42
754186,BEST.PIC:HUGO,Hugo to win the Academy Award for Best Picture,3,7.5,Dec/01/2011 21:19:42
754186,BEST.PIC:HUGO,Hugo to win the Academy Award for Best Picture,10,7.9,Dec/01/2011 21:19:52
754186,BEST.PIC:HUGO,Hugo to win the Academy Award for Best Picture,2,7.9,Dec/01/2011 21:19:52
754186,BEST.PIC:HUGO,Hugo to win the Academy Award for Best Picture,10,8.5,Dec/01/2011 21:20:18
754186,BEST.PIC:HUGO,Hugo to win the Academy Award for Best Picture,3,8.5,Dec/01/2011 21:20:18
754186,BEST.PIC:HUGO,Hugo to win the Academy Award for Best Picture,1,5.3,Dec/01/2011 23:34:33
754186,BEST.PIC:HUGO,Hugo to win the Academy Award for Best Picture,1,5.3,Dec/02/2011 01:22:17
754186,BEST.PIC:HUGO,Hugo to win the Academy Award for Best Picture,1,5.4,Dec/02/2011 01:22:25
754186,BEST.PIC:HUGO,Hugo to win the Academy Award for Best Picture,1,5.5,Dec/02/2011 01:22:35
754186,BEST.PIC:HUGO,Hugo to win the Academy Award for Best Picture,1,5.6,Dec/02/2011 01:22:45
754186,BEST.PIC:HUGO,Hugo to win the Academy Award for Best Picture,1,5.7,Dec/02/2011 01:22:55
754186,BEST.PIC:HUGO,Hugo to win the Academy Award for Best Picture,1,5.8,Dec/02/2011 01:23:04
754186,BEST.PIC:HUGO,Hugo to win the Academy Award for Best Picture,1,5.9,Dec/02/2011 01:23:12
754186,BEST.PIC:HUGO,Hugo to win the Academy Award for Best Picture,1,6.0,Dec/02/2011 01:23:21
754186,BEST.PIC:HUGO,Hugo to win the Academy Award for Best Picture,1,6.7,Dec/02/2011 04:56:52
754186,BEST.PIC:HUGO,Hugo to win the Academy Award for Best Picture,1,6.6,Dec/02/2011 04:56:52
754186,BEST.PIC:HUGO,Hugo to win the Academy Award for Best Picture,1,6.5,Dec/02/2011 04:56:52
754186,BEST.PIC:HUGO,Hugo to win the Academy Award for Best Picture,1,6.4,Dec/02/2011 04:56:52
754186,BEST.PIC:HUGO,Hugo to win the Academy Award for Best Picture,1,6.3,Dec/02/2011 04:56:52
754186,BEST.PIC:HUGO,Hugo to win the Academy Award for Best Picture,1,6.2,Dec/02/2011 04:56:52
754186,BEST.PIC:HUGO,Hugo to win the Academy Award for Best Picture,1,6.1,Dec/02/2011 04:56:52
754186,BEST.PIC:HUGO,Hugo to win the Academy Award for Best Picture,2,8.0,Dec/02/2011 04:56:52
754186,BEST.PIC:HUGO,Hugo to win the Academy Award for Best Picture,10,7.0,Dec/02/2011 04:56:52
754186,BEST.PIC:HUGO,Hugo to win the Academy Award for Best Picture,10,8.0,Dec/02/2011 04:56:52
754186,BEST.PIC:HUGO,Hugo to win the Academy Award for Best Picture,1,6.8,Dec/02/2011 04:56:52
754186,BEST.PIC:HUGO,Hugo to win the Academy Award for Best Picture,1,6.9,Dec/02/2011 04:56:52
754186,BEST.PIC:HUGO,Hugo to win the Academy Award for Best Picture,1,7.0,Dec/02/2011 04:56:52
754186,BEST.PIC:HUGO,Hugo to win the Academy Award for Best Picture,1,8.0,Dec/02/2011 04:56:52
754186,BEST.PIC:HUGO,Hugo to win the Academy Award for Best Picture,1,7.9,Dec/02/2011 04:56:52
754186,BEST.PIC:HUGO,Hugo to win the Academy Award for Best Picture,1,7.8,Dec/02/2011 04:56:52
754186,BEST.PIC:HUGO,Hugo to win the Academy Award for Best Picture,1,7.7,Dec/02/2011 04:56:52
754186,BEST.PIC:HUGO,Hugo to win the Academy Award for Best Picture,1,7.6,Dec/02/2011 04:56:52
754186,BEST.PIC:HUGO,Hugo to win the Academy Award for Best Picture,1,7.5,Dec/02/2011 04:56:52
754186,BEST.PIC:HUGO,Hugo to win the Academy Award for Best Picture,1,7.4,Dec/02/2011 04:56:52
754186,BEST.PIC:HUGO,Hugo to win the Academy Award for Best Picture,1,7.3,Dec/02/2011 04:56:52
754186,BEST.PIC:HUGO,Hugo to win the Academy Award for Best Picture,1,7.2,Dec/02/2011 04:56:52
754186,BEST.PIC:HUGO,Hugo to win the Academy Award for Best Picture,1,7.1,Dec/02/2011 04:56:52
754186,BEST.PIC:HUGO,Hugo to win the Academy Award for Best Picture,8,8.0,Dec/02/2011 04:56:55
754186,BEST.PIC:HUGO,Hugo to win the Academy Award for Best Picture,10,7.0,Dec/03/2011 01:02:29
754186,BEST.PIC:HUGO,Hugo to win the Academy Award for Best Picture,8,6.0,Dec/04/2011 15:26:53
754186,BEST.PIC:HUGO,Hugo to win the Academy Award for Best Picture,10,6.5,Dec/04/2011 19:51:48
754186,BEST.PIC:HUGO,Hugo to win the Academy Award for Best Picture,2,6.0,Dec/04/2011 22:45:57
754186,BEST.PIC:HUGO,Hugo to win the Academy Award for Best Picture,18,5.2,Dec/04/2011 22:46:48
754186,BEST.PIC:HUGO,Hugo to win the Academy Award for Best Picture,11,5.0,Dec/04/2011 22:47:07
754186,BEST.PIC:HUGO,Hugo to win the Academy Award for Best Picture,10,7.0,Dec/04/2011 23:14:05
754186,BEST.PIC:HUGO,Hugo to win the Academy Award for Best Picture,94,6.8,Dec/06/2011 23:34:49
754186,BEST.PIC:HUGO,Hugo to win the Academy Award for Best Picture,42,6.9,Dec/06/2011 23:35:24
754186,BEST.PIC:HUGO,Hugo to win the Academy Award for Best Picture,10,7.0,Dec/06/2011 23:36:44
754186,BEST.PIC:HUGO,Hugo to win the Academy Award for Best Picture,10,7.0,Dec/07/2011 20:51:48
754186,BEST.PIC:HUGO,Hugo to win the Academy Award for Best Picture,4,7.5,Dec/07/2011 21:41:47
754186,BEST.PIC:HUGO,Hugo to win the Academy Award for Best Picture,6,7.5,Dec/08/2011 03:45:48
754186,BEST.PIC:HUGO,Hugo to win the Academy Award for Best Picture,5,7.5,Dec/08/2011 03:45:48
754186,BEST.PIC:HUGO,Hugo to win the Academy Award for Best Picture,5,7.8,Dec/08/2011 03:46:15
754186,BEST.PIC:HUGO,Hugo to win the Academy Award for Best Picture,90,7.8,Dec/08/2011 03:46:15
754186,BEST.PIC:HUGO,Hugo to win the Academy Award for Best Picture,88,7.9,Dec/08/2011 03:53:23
754186,BEST.PIC:HUGO,Hugo to win the Academy Award for Best Picture,5,8.0,Dec/08/2011 05:30:36
754186,BEST.PIC:HUGO,Hugo to win the Academy Award for Best Picture,5,8.0,Dec/08/2011 19:06:08
754186,BEST.PIC:HUGO,Hugo to win the Academy Award for Best Picture,5,8.0,Dec/08/2011 19:06:08
754186,BEST.PIC:HUGO,Hugo to win the Academy Award for Best Picture,5,8.1,Dec/08/2011 19:06:22
754186,BEST.PIC:HUGO,Hugo to win the Academy Award for Best Picture,5,8.3,Dec/08/2011 19:07:05
754186,BEST.PIC:HUGO,Hugo to win the Academy Award for Best Picture,5,8.4,Dec/08/2011 19:07:34
754186,BEST.PIC:HUGO,Hugo to win the Academy Award for Best Picture,10,8.5,Dec/08/2011 19:07:51
754186,BEST.PIC:HUGO,Hugo to win the Academy Award for Best Picture,20,8.5,Dec/08/2011 19:07:51
754186,BEST.PIC:HUGO,Hugo to win the Academy Award for Best Picture,5,8.6,Dec/08/2011 19:08:16
754186,BEST.PIC:HUGO,Hugo to win the Academy Award for Best Picture,5,8.9,Dec/08/2011 19:08:28
754186,BEST.PIC:HUGO,Hugo to win the Academy Award for Best Picture,10,9.0,Dec/08/2011 19:08:46
754186,BEST.PIC:HUGO,Hugo to win the Academy Award for Best Picture,10,9.5,Dec/08/2011 19:29:23
754186,BEST.PIC:HUGO,Hugo to win the Academy Award for Best Picture,10,10.0,Dec/08/2011 19:29:40
754186,BEST.PIC:HUGO,Hugo to win the Academy Award for Best Picture,10,10.0,Dec/08/2011 19:29:40
754186,BEST.PIC:HUGO,Hugo to win the Academy Award for Best Picture,10,11.0,Dec/08/2011 19:29:58
754186,BEST.PIC:HUGO,Hugo to win the Academy Award for Best Picture,10,15.0,Dec/08/2011 19:31:31
754186,BEST.PIC:HUGO,Hugo to win the Academy Award for Best Picture,4,14.0,Dec/08/2011 23:44:59
754186,BEST.PIC:HUGO,Hugo to win the Academy Award for Best Picture,2,12.9,Dec/10/2011 16:14:46
754186,BEST.PIC:HUGO,Hugo to win the Academy Award for Best Picture,1,12.9,Dec/10/2011 18:33:23
754186,BEST.PIC:HUGO,Hugo to win the Academy Award for Best Picture,3,12.9,Dec/10/2011 18:33:23
754186,BEST.PIC:HUGO,Hugo to win the Academy Award for Best Picture,10,13.0,Dec/10/2011 18:34:44
754186,BEST.PIC:HUGO,Hugo to win the Academy Award for Best Picture,19,12.0,Dec/11/2011 07:58:04
754186,BEST.PIC:HUGO,Hugo to win the Academy Award for Best Picture,7,12.4,Dec/12/2011 17:48:58
754186,BEST.PIC:HUGO,Hugo to win the Academy Award for Best Picture,6,12.4,Dec/12/2011 17:48:58
754186,BEST.PIC:HUGO,Hugo to win the Academy Award for Best Picture,10,12.5,Dec/12/2011 17:49:06
754186,BEST.PIC:HUGO,Hugo to win the Academy Award for Best Picture,7,12.5,Dec/12/2011 17:49:06
754186,BEST.PIC:HUGO,Hugo to win the Academy Award for Best Picture,10,13.0,Dec/12/2011 17:49:27
754186,BEST.PIC:HUGO,Hugo to win the Academy Award for Best Picture,4,13.5,Dec/12/2011 17:49:42
754186,BEST.PIC:HUGO,Hugo to win the Academy Award for Best Picture,20,11.0,Dec/13/2011 02:06:00
754186,BEST.PIC:HUGO,Hugo to win the Academy Award for Best Picture,3,10.5,Dec/13/2011 18:37:29
754186,BEST.PIC:HUGO,Hugo to win the Academy Award for Best Picture,20,10.0,Dec/14/2011 14:08:52
754186,BEST.PIC:HUGO,Hugo to win the Academy Award for Best Picture,19,10.0,Dec/14/2011 14:08:52
754186,BEST.PIC:HUGO,Hugo to win the Academy Award for Best Picture,11,10.0,Dec/14/2011 14:08:52
754186,BEST.PIC:HUGO,Hugo to win the Academy Award for Best Picture,10,9.5,Dec/14/2011 15:34:24
754186,BEST.PIC:HUGO,Hugo to win the Academy Award for Best Picture,13,8.5,Dec/14/2011 19:27:08
754186,BEST.PIC:HUGO,Hugo to win the Academy Award for Best Picture,5,9.5,Dec/15/2011 17:49:44
754186,BEST.PIC:HUGO,Hugo to win the Academy Award for Best Picture,1,9.5,Dec/15/2011 18:04:57
754186,BEST.PIC:HUGO,Hugo to win the Academy Award for Best Picture,5,9.5,Dec/15/2011 18:27:23
754186,BEST.PIC:HUGO,Hugo to win the Academy Award for Best Picture,1,9.5,Dec/15/2011 18:27:23
754186,BEST.PIC:HUGO,Hugo to win the Academy Award for Best Picture,5,9.5,Dec/15/2011 18:27:23
754186,BEST.PIC:HUGO,Hugo to win the Academy Award for Best Picture,10,8.5,Dec/17/2011 07:19:14
754186,BEST.PIC:HUGO,Hugo to win the Academy Award for Best Picture,7,8.5,Dec/17/2011 15:20:58
754186,BEST.PIC:HUGO,Hugo to win the Academy Award for Best Picture,10,8.8,Dec/17/2011 15:21:30
754186,BEST.PIC:HUGO,Hugo to win the Academy Award for Best Picture,10,8.0,Dec/17/2011 19:03:29
754186,BEST.PIC:HUGO,Hugo to win the Academy Award for Best Picture,10,7.5,Dec/18/2011 00:41:12
754186,BEST.PIC:HUGO,Hugo to win the Academy Award for Best Picture,10,7.1,Dec/18/2011 00:41:19
754186,BEST.PIC:HUGO,Hugo to win the Academy Award for Best Picture,8,7.9,Dec/18/2011 03:35:07
754186,BEST.PIC:HUGO,Hugo to win the Academy Award for Best Picture,2,7.9,Dec/18/2011 06:34:56
754186,BEST.PIC:HUGO,Hugo to win the Academy Award for Best Picture,92,8.1,Dec/18/2011 06:35:55
754186,BEST.PIC:HUGO,Hugo to win the Academy Award for Best Picture,1,8.2,Dec/18/2011 15:25:44
754186,BEST.PIC:HUGO,Hugo to win the Academy Award for Best Picture,9,8.2,Dec/19/2011 00:26:24
754186,BEST.PIC:HUGO,Hugo to win the Academy Award for Best Picture,10,8.4,Dec/19/2011 00:26:24
754186,BEST.PIC:HUGO,Hugo to win the Academy Award for Best Picture,1,8.5,Dec/19/2011 00:26:24
754186,BEST.PIC:HUGO,Hugo to win the Academy Award for Best Picture,9,8.5,Dec/19/2011 00:27:54
754186,BEST.PIC:HUGO,Hugo to win the Academy Award for Best Picture,10,8.8,Dec/19/2011 00:27:54
754186,BEST.PIC:HUGO,Hugo to win the Academy Award for Best Picture,1,8.8,Dec/19/2011 00:27:54
754186,BEST.PIC:HUGO,Hugo to win the Academy Award for Best Picture,18,8.9,Dec/19/2011 00:29:04
754186,BEST.PIC:HUGO,Hugo to win the Academy Award for Best Picture,1,9.0,Dec/19/2011 00:29:04
754186,BEST.PIC:HUGO,Hugo to win the Academy Award for Best Picture,10,9.0,Dec/19/2011 00:29:04
754186,BEST.PIC:HUGO,Hugo to win the Academy Award for Best Picture,10,9.0,Dec/19/2011 00:29:04
754186,BEST.PIC:HUGO,Hugo to win the Academy Award for Best Picture,2,9.4,Dec/19/2011 00:29:37
754186,BEST.PIC:HUGO,Hugo to win the Academy Award for Best Picture,10,9.4,Dec/19/2011 00:29:37
754186,BEST.PIC:HUGO,Hugo to win the Academy Award for Best Picture,10,7.5,Dec/19/2011 17:00:16
754186,BEST.PIC:HUGO,Hugo to win the Academy Award for Best Picture,10,8.0,Dec/19/2011 20:59:07
754186,BEST.PIC:HUGO,Hugo to win the Academy Award for Best Picture,35,7.1,Dec/20/2011 04:29:28
754186,BEST.PIC:HUGO,Hugo to win the Academy Award for Best Picture,10,4.1,Dec/20/2011 05:46:09
754186,BEST.PIC:HUGO,Hugo to win the Academy Award for Best Picture,1,7.5,Dec/21/2011 21:06:25
754186,BEST.PIC:HUGO,Hugo to win the Academy Award for Best Picture,10,7.5,Dec/22/2011 08:27:22
754186,BEST.PIC:HUGO,Hugo to win the Academy Award for Best Picture,9,7.5,Dec/22/2011 08:27:22
754186,BEST.PIC:HUGO,Hugo to win the Academy Award for Best Picture,10,8.0,Dec/22/2011 08:36:02
754186,BEST.PIC:HUGO,Hugo to win the Academy Award for Best Picture,10,8.0,Dec/22/2011 08:36:02
754186,BEST.PIC:HUGO,Hugo to win the Academy Award for Best Picture,10,8.0,Dec/22/2011 17:25:45
754186,BEST.PIC:HUGO,Hugo to win the Academy Award for Best Picture,10,8.4,Dec/22/2011 17:26:18
754186,BEST.PIC:HUGO,Hugo to win the Academy Award for Best Picture,10,8.5,Dec/22/2011 17:27:12
754186,BEST.PIC:HUGO,Hugo to win the Academy Award for Best Picture,10,8.5,Dec/22/2011 17:27:12
754186,BEST.PIC:HUGO,Hugo to win the Academy Award for Best Picture,10,8.4,Dec/22/2011 17:32:11
754186,BEST.PIC:HUGO,Hugo to win the Academy Award for Best Picture,10,5.0,Dec/22/2011 20:36:41
754186,BEST.PIC:HUGO,Hugo to win the Academy Award for Best Picture,53,4.7,Dec/22/2011 21:15:49
754186,BEST.PIC:HUGO,Hugo to win the Academy Award for Best Picture,53,6.9,Dec/23/2011 00:24:15
754186,BEST.PIC:HUGO,Hugo to win the Academy Award for Best Picture,10,7.0,Dec/23/2011 18:06:31
754186,BEST.PIC:HUGO,Hugo to win the Academy Award for Best Picture,5,7.4,Dec/24/2011 14:48:53
754186,BEST.PIC:HUGO,Hugo to win the Academy Award for Best Picture,10,7.5,Dec/24/2011 14:49:26
754186,BEST.PIC:HUGO,Hugo to win the Academy Award for Best Picture,3,5.4,Dec/25/2011 23:48:22
754186,BEST.PIC:HUGO,Hugo to win the Academy Award for Best Picture,20,7.0,Dec/30/2011 00:55:25
754186,BEST.PIC:HUGO,Hugo to win the Academy Award for Best Picture,10,7.5,Dec/30/2011 01:17:10
754186,BEST.PIC:HUGO,Hugo to win the Academy Award for Best Picture,1,7.5,Dec/30/2011 01:17:10
754186,BEST.PIC:HUGO,Hugo to win the Academy Award for Best Picture,10,8.0,Dec/30/2011 01:17:25
754186,BEST.PIC:HUGO,Hugo to win the Academy Award for Best Picture,3,8.0,Dec/30/2011 01:17:25
754186,BEST.PIC:HUGO,Hugo to win the Academy Award for Best Picture,20,6.0,Jan/01/2012 12:59:21
754186,BEST.PIC:HUGO,Hugo to win the Academy Award for Best Picture,10,7.0,Jan/02/2012 04:23:26
754186,BEST.PIC:HUGO,Hugo to win the Academy Award for Best Picture,10,7.5,Jan/03/2012 18:19:30
754186,BEST.PIC:HUGO,Hugo to win the Academy Award for Best Picture,9,5.4,Jan/04/2012 03:44:16
754186,BEST.PIC:HUGO,Hugo to win the Academy Award for Best Picture,2,5.4,Jan/04/2012 03:54:21
754186,BEST.PIC:HUGO,Hugo to win the Academy Award for Best Picture,100,7.9,Jan/04/2012 23:19:30
754186,BEST.PIC:HUGO,Hugo to win the Academy Award for Best Picture,1,7.5,Jan/06/2012 06:16:58
754186,BEST.PIC:HUGO,Hugo to win the Academy Award for Best Picture,10,7.5,Jan/06/2012 06:16:58
754186,BEST.PIC:HUGO,Hugo to win the Academy Award for Best Picture,1,7.0,Jan/07/2012 14:54:07
754186,BEST.PIC:HUGO,Hugo to win the Academy Award for Best Picture,10,7.0,Jan/07/2012 14:54:07
754186,BEST.PIC:HUGO,Hugo to win the Academy Award for Best Picture,2,7.5,Jan/07/2012 14:54:20
754186,BEST.PIC:HUGO,Hugo to win the Academy Award for Best Picture,10,7.5,Jan/07/2012 14:54:20
754186,BEST.PIC:HUGO,Hugo to win the Academy Award for Best Picture,20,7.0,Jan/08/2012 04:34:00
754186,BEST.PIC:HUGO,Hugo to win the Academy Award for Best Picture,1,7.0,Jan/08/2012 04:34:00
754186,BEST.PIC:HUGO,Hugo to win the Academy Award for Best Picture,20,7.5,Jan/08/2012 17:07:09
754186,BEST.PIC:HUGO,Hugo to win the Academy Award for Best Picture,1,7.5,Jan/08/2012 17:07:09
754186,BEST.PIC:HUGO,Hugo to win the Academy Award for Best Picture,20,7.0,Jan/09/2012 17:08:14
754186,BEST.PIC:HUGO,Hugo to win the Academy Award for Best Picture,1,7.0,Jan/09/2012 17:08:14
754186,BEST.PIC:HUGO,Hugo to win the Academy Award for Best Picture,1,6.5,Jan/10/2012 01:52:38
754186,BEST.PIC:HUGO,Hugo to win the Academy Award for Best Picture,10,6.5,Jan/10/2012 01:52:38
754186,BEST.PIC:HUGO,Hugo to win the Academy Award for Best Picture,20,7.0,Jan/10/2012 01:52:50
754186,BEST.PIC:HUGO,Hugo to win the Academy Award for Best Picture,2,7.0,Jan/10/2012 01:52:50
754186,BEST.PIC:HUGO,Hugo to win the Academy Award for Best Picture,1,7.5,Jan/10/2012 04:37:13
754186,BEST.PIC:HUGO,Hugo to win the Academy Award for Best Picture,20,7.5,Jan/10/2012 04:37:13
754186,BEST.PIC:HUGO,Hugo to win the Academy Award for Best Picture,3,7.9,Jan/10/2012 20:27:23
754186,BEST.PIC:HUGO,Hugo to win the Academy Award for Best Picture,1,7.8,Jan/11/2012 02:16:47
754186,BEST.PIC:HUGO,Hugo to win the Academy Award for Best Picture,289,7.8,Jan/11/2012 02:16:47
754186,BEST.PIC:HUGO,Hugo to win the Academy Award for Best Picture,1,7.0,Jan/12/2012 00:47:07
754186,BEST.PIC:HUGO,Hugo to win the Academy Award for Best Picture,1,7.0,Jan/12/2012 01:20:20
754186,BEST.PIC:HUGO,Hugo to win the Academy Award for Best Picture,19,7.0,Jan/12/2012 01:20:20
754186,BEST.PIC:HUGO,Hugo to win the Academy Award for Best Picture,20,7.5,Jan/12/2012 01:20:40
754186,BEST.PIC:HUGO,Hugo to win the Academy Award for Best Picture,1,7.5,Jan/12/2012 01:20:40
754186,BEST.PIC:HUGO,Hugo to win the Academy Award for Best Picture,3,7.7,Jan/12/2012 20:57:59
754186,BEST.PIC:HUGO,Hugo to win the Academy Award for Best Picture,2,7.0,Jan/12/2012 21:25:59
754186,BEST.PIC:HUGO,Hugo to win the Academy Award for Best Picture,1,8.0,Jan/13/2012 01:02:44
754186,BEST.PIC:HUGO,Hugo to win the Academy Award for Best Picture,20,8.0,Jan/13/2012 01:02:44
754186,BEST.PIC:HUGO,Hugo to win the Academy Award for Best Picture,10,8.0,Jan/13/2012 01:02:44
754186,BEST.PIC:HUGO,Hugo to win the Academy Award for Best Picture,30,8.0,Jan/13/2012 06:30:28
754186,BEST.PIC:HUGO,Hugo to win the Academy Award for Best Picture,1,8.0,Jan/13/2012 06:30:28
754186,BEST.PIC:HUGO,Hugo to win the Academy Award for Best Picture,1,8.4,Jan/13/2012 06:31:48
754186,BEST.PIC:HUGO,Hugo to win the Academy Award for Best Picture,1,8.4,Jan/13/2012 06:31:48
754186,BEST.PIC:HUGO,Hugo to win the Academy Award for Best Picture,1,7.5,Jan/13/2012 20:30:13
754186,BEST.PIC:HUGO,Hugo to win the Academy Award for Best Picture,20,7.5,Jan/13/2012 20:30:13
754186,BEST.PIC:HUGO,Hugo to win the Academy Award for Best Picture,30,8.0,Jan/14/2012 14:53:52
754186,BEST.PIC:HUGO,Hugo to win the Academy Award for Best Picture,1,8.0,Jan/14/2012 14:53:52
754186,BEST.PIC:HUGO,Hugo to win the Academy Award for Best Picture,20,7.5,Jan/14/2012 16:04:32
754186,BEST.PIC:HUGO,Hugo to win the Academy Award for Best Picture,1,7.5,Jan/14/2012 16:04:32
754186,BEST.PIC:HUGO,Hugo to win the Academy Award for Best Picture,10,8.0,Jan/14/2012 16:06:04
754186,BEST.PIC:HUGO,Hugo to win the Academy Award for Best Picture,1,7.5,Jan/15/2012 08:30:51
754186,BEST.PIC:HUGO,Hugo to win the Academy Award for Best Picture,1,7.5,Jan/15/2012 08:32:52
754186,BEST.PIC:HUGO,Hugo to win the Academy Award for Best Picture,5,7.1,Jan/15/2012 15:52:41
754186,BEST.PIC:HUGO,Hugo to win the Academy Award for Best Picture,5,7.0,Jan/15/2012 16:45:05
754186,BEST.PIC:HUGO,Hugo to win the Academy Award for Best Picture,1,5.4,Jan/15/2012 19:22:20
754186,BEST.PIC:HUGO,Hugo to win the Academy Award for Best Picture,2,8.0,Jan/16/2012 03:20:57
754186,BEST.PIC:HUGO,Hugo to win the Academy Award for Best Picture,1,7.5,Jan/16/2012 03:20:57
754186,BEST.PIC:HUGO,Hugo to win the Academy Award for Best Picture,10,8.0,Jan/16/2012 03:20:57
754186,BEST.PIC:HUGO,Hugo to win the Academy Award for Best Picture,20,8.0,Jan/16/2012 03:20:57
754186,BEST.PIC:HUGO,Hugo to win the Academy Award for Best Picture,18,7.5,Jan/16/2012 03:20:57
754186,BEST.PIC:HUGO,Hugo to win the Academy Award for Best Picture,3,8.5,Jan/16/2012 03:41:52
754186,BEST.PIC:HUGO,Hugo to win the Academy Award for Best Picture,20,8.5,Jan/16/2012 03:41:52
754186,BEST.PIC:HUGO,Hugo to win the Academy Award for Best Picture,10,8.5,Jan/16/2012 03:41:52
754186,BEST.PIC:HUGO,Hugo to win the Academy Award for Best Picture,10,8.8,Jan/16/2012 03:42:24
754186,BEST.PIC:HUGO,Hugo to win the Academy Award for Best Picture,2,8.8,Jan/16/2012 03:42:24
754186,BEST.PIC:HUGO,Hugo to win the Academy Award for Best Picture,10,8.9,Jan/16/2012 03:43:27
754186,BEST.PIC:HUGO,Hugo to win the Academy Award for Best Picture,1,9.0,Jan/16/2012 03:45:16
754186,BEST.PIC:HUGO,Hugo to win the Academy Award for Best Picture,10,9.0,Jan/16/2012 03:45:16
754186,BEST.PIC:HUGO,Hugo to win the Academy Award for Best Picture,10,9.0,Jan/16/2012 03:45:16
754186,BEST.PIC:HUGO,Hugo to win the Academy Award for Best Picture,10,9.0,Jan/16/2012 03:45:16
754186,BEST.PIC:HUGO,Hugo to win the Academy Award for Best Picture,10,9.0,Jan/16/2012 03:45:16
754186,BEST.PIC:HUGO,Hugo to win the Academy Award for Best Picture,5,9.5,Jan/16/2012 03:47:15
754186,BEST.PIC:HUGO,Hugo to win the Academy Award for Best Picture,10,9.5,Jan/16/2012 03:48:13
754186,BEST.PIC:HUGO,Hugo to win the Academy Award for Best Picture,5,9.5,Jan/16/2012 03:48:13
754186,BEST.PIC:HUGO,Hugo to win the Academy Award for Best Picture,3,9.5,Jan/16/2012 03:48:38
754186,BEST.PIC:HUGO,Hugo to win the Academy Award for Best Picture,20,5.4,Jan/16/2012 03:58:36
754186,BEST.PIC:HUGO,Hugo to win the Academy Award for Best Picture,23,5.4,Jan/16/2012 04:04:30
754186,BEST.PIC:HUGO,Hugo to win the Academy Award for Best Picture,10,5.3,Jan/16/2012 04:04:30
754186,BEST.PIC:HUGO,Hugo to win the Academy Award for Best Picture,10,8.5,Jan/16/2012 05:59:14
754186,BEST.PIC:HUGO,Hugo to win the Academy Award for Best Picture,2,1.9,Jan/17/2012 17:14:13
754186,BEST.PIC:HUGO,Hugo to win the Academy Award for Best Picture,1,7.0,Jan/17/2012 20:17:56
754186,BEST.PIC:HUGO,Hugo to win the Academy Award for Best Picture,1,8.1,Jan/17/2012 20:18:18
754186,BEST.PIC:HUGO,Hugo to win the Academy Award for Best Picture,1,8.1,Jan/17/2012 20:18:18
754186,BEST.PIC:HUGO,Hugo to win the Academy Award for Best Picture,16,8.3,Jan/17/2012 20:18:57
754186,BEST.PIC:HUGO,Hugo to win the Academy Award for Best Picture,2,5.0,Jan/19/2012 01:10:28
754186,BEST.PIC:HUGO,Hugo to win the Academy Award for Best Picture,2,4.9,Jan/19/2012 20:05:16
754186,BEST.PIC:HUGO,Hugo to win the Academy Award for Best Picture,3,4.9,Jan/19/2012 21:06:25
754186,BEST.PIC:HUGO,Hugo to win the Academy Award for Best Picture,2,5.0,Jan/19/2012 21:14:11
754186,BEST.PIC:HUGO,Hugo to win the Academy Award for Best Picture,2,5.1,Jan/19/2012 21:14:49
754186,BEST.PIC:HUGO,Hugo to win the Academy Award for Best Picture,2,5.2,Jan/19/2012 21:15:56
754186,BEST.PIC:HUGO,Hugo to win the Academy Award for Best Picture,2,5.3,Jan/19/2012 21:16:16
754186,BEST.PIC:HUGO,Hugo to win the Academy Award for Best Picture,2,5.2,Jan/19/2012 23:47:08
754186,BEST.PIC:HUGO,Hugo to win the Academy Award for Best Picture,3,5.2,Jan/20/2012 03:26:02
754186,BEST.PIC:HUGO,Hugo to win the Academy Award for Best Picture,5,5.3,Jan/20/2012 03:26:20
754186,BEST.PIC:HUGO,Hugo to win the Academy Award for Best Picture,4,5.4,Jan/20/2012 03:26:49
754186,BEST.PIC:HUGO,Hugo to win the Academy Award for Best Picture,1,5.4,Jan/20/2012 03:28:07
754186,BEST.PIC:HUGO,Hugo to win the Academy Award for Best Picture,2,5.5,Jan/20/2012 03:28:25
754186,BEST.PIC:HUGO,Hugo to win the Academy Award for Best Picture,2,5.8,Jan/20/2012 03:29:21
754186,BEST.PIC:HUGO,Hugo to win the Academy Award for Best Picture,2,5.2,Jan/20/2012 13:14:23
754186,BEST.PIC:HUGO,Hugo to win the Academy Award for Best Picture,1,5.3,Jan/20/2012 13:14:59
754186,BEST.PIC:HUGO,Hugo to win the Academy Award for Best Picture,2,5.4,Jan/20/2012 13:15:30
754186,BEST.PIC:HUGO,Hugo to win the Academy Award for Best Picture,1,5.5,Jan/20/2012 13:15:48
754186,BEST.PIC:HUGO,Hugo to win the Academy Award for Best Picture,2,5.6,Jan/20/2012 13:16:29
754186,BEST.PIC:HUGO,Hugo to win the Academy Award for Best Picture,1,5.3,Jan/20/2012 14:54:20
754186,BEST.PIC:HUGO,Hugo to win the Academy Award for Best Picture,4,4.0,Jan/20/2012 14:54:20
754186,BEST.PIC:HUGO,Hugo to win the Academy Award for Best Picture,1,5.2,Jan/20/2012 14:54:20
754186,BEST.PIC:HUGO,Hugo to win the Academy Award for Best Picture,2,5.2,Jan/20/2012 14:54:20
754186,BEST.PIC:HUGO,Hugo to win the Academy Award for Best Picture,5,4.0,Jan/20/2012 15:58:04
754186,BEST.PIC:HUGO,Hugo to win the Academy Award for Best Picture,3,5.0,Jan/22/2012 08:01:12
754186,BEST.PIC:HUGO,Hugo to win the Academy Award for Best Picture,10,6.5,Jan/22/2012 08:54:25
754186,BEST.PIC:HUGO,Hugo to win the Academy Award for Best Picture,1,6.5,Jan/22/2012 08:54:25
754186,BEST.PIC:HUGO,Hugo to win the Academy Award for Best Picture,1,5.0,Jan/22/2012 16:27:18
754186,BEST.PIC:HUGO,Hugo to win the Academy Award for Best Picture,5,4.0,Jan/22/2012 23:11:19
754186,BEST.PIC:HUGO,Hugo to win the Academy Award for Best Picture,6,4.0,Jan/23/2012 04:24:48
754186,BEST.PIC:HUGO,Hugo to win the Academy Award for Best Picture,1,6.5,Jan/23/2012 04:52:38
754186,BEST.PIC:HUGO,Hugo to win the Academy Award for Best Picture,10,6.0,Jan/23/2012 23:13:24
754186,BEST.PIC:HUGO,Hugo to win the Academy Award for Best Picture,9,6.5,Jan/23/2012 23:13:42
754186,BEST.PIC:HUGO,Hugo to win the Academy Award for Best Picture,36,6.8,Jan/23/2012 23:34:50
754186,BEST.PIC:HUGO,Hugo to win the Academy Award for Best Picture,10,6.0,Jan/24/2012 02:36:46
754186,BEST.PIC:HUGO,Hugo to win the Academy Award for Best Picture,1,6.0,Jan/24/2012 14:28:35
754186,BEST.PIC:HUGO,Hugo to win the Academy Award for Best Picture,10,6.0,Jan/24/2012 15:04:46
754186,BEST.PIC:HUGO,Hugo to win the Academy Award for Best Picture,20,5.0,Jan/24/2012 15:39:25
754186,BEST.PIC:HUGO,Hugo to win the Academy Award for Best Picture,10,5.5,Jan/24/2012 16:45:28
754186,BEST.PIC:HUGO,Hugo to win the Academy Award for Best Picture,22,5.0,Jan/24/2012 17:47:00
754186,BEST.PIC:HUGO,Hugo to win the Academy Award for Best Picture,5,5.0,Jan/24/2012 18:09:55
754186,BEST.PIC:HUGO,Hugo to win the Academy Award for Best Picture,25,5.5,Jan/24/2012 18:55:19
754186,BEST.PIC:HUGO,Hugo to win the Academy Award for Best Picture,20,5.5,Jan/24/2012 20:57:12
754186,BEST.PIC:HUGO,Hugo to win the Academy Award for Best Picture,5,5.5,Jan/24/2012 20:57:21
754186,BEST.PIC:HUGO,Hugo to win the Academy Award for Best Picture,53,5.0,Jan/25/2012 03:13:00
754186,BEST.PIC:HUGO,Hugo to win the Academy Award for Best Picture,30,5.5,Jan/25/2012 06:01:45
754186,BEST.PIC:HUGO,Hugo to win the Academy Award for Best Picture,20,6.4,Jan/25/2012 20:47:12
754186,BEST.PIC:HUGO,Hugo to win the Academy Award for Best Picture,1,6.0,Jan/25/2012 20:47:12
754186,BEST.PIC:HUGO,Hugo to win the Academy Award for Best Picture,10,6.0,Jan/25/2012 20:47:12
754186,BEST.PIC:HUGO,Hugo to win the Academy Award for Best Picture,9,6.0,Jan/25/2012 20:47:12
754186,BEST.PIC:HUGO,Hugo to win the Academy Award for Best Picture,5,5.5,Jan/25/2012 20:59:44
754186,BEST.PIC:HUGO,Hugo to win the Academy Award for Best Picture,20,5.5,Jan/25/2012 20:59:55
754186,BEST.PIC:HUGO,Hugo to win the Academy Award for Best Picture,20,5.1,Jan/25/2012 23:50:27
754186,BEST.PIC:HUGO,Hugo to win the Academy Award for Best Picture,75,5.2,Jan/25/2012 23:50:27
754186,BEST.PIC:HUGO,Hugo to win the Academy Award for Best Picture,20,5.6,Jan/25/2012 23:50:27
754186,BEST.PIC:HUGO,Hugo to win the Academy Award for Best Picture,20,5.0,Jan/25/2012 23:50:27
754186,BEST.PIC:HUGO,Hugo to win the Academy Award for Best Picture,5,4.8,Jan/26/2012 00:15:48
754186,BEST.PIC:HUGO,Hugo to win the Academy Award for Best Picture,25,5.5,Jan/27/2012 04:04:28
754186,BEST.PIC:HUGO,Hugo to win the Academy Award for Best Picture,11,5.3,Jan/27/2012 04:07:18
754186,BEST.PIC:HUGO,Hugo to win the Academy Award for Best Picture,1,6.5,Jan/27/2012 18:02:22
754186,BEST.PIC:HUGO,Hugo to win the Academy Award for Best Picture,10,6.5,Jan/27/2012 18:02:22
754186,BEST.PIC:HUGO,Hugo to win the Academy Award for Best Picture,17,6.7,Jan/27/2012 18:15:47
754186,BEST.PIC:HUGO,Hugo to win the Academy Award for Best Picture,1,6.8,Jan/27/2012 20:09:45
754186,BEST.PIC:HUGO,Hugo to win the Academy Award for Best Picture,2,6.8,Jan/27/2012 20:09:45
754186,BEST.PIC:HUGO,Hugo to win the Academy Award for Best Picture,1,7.0,Jan/27/2012 20:29:07
754186,BEST.PIC:HUGO,Hugo to win the Academy Award for Best Picture,10,7.0,Jan/27/2012 20:29:07
754186,BEST.PIC:HUGO,Hugo to win the Academy Award for Best Picture,2,7.5,Jan/28/2012 01:23:53
754186,BEST.PIC:HUGO,Hugo to win the Academy Award for Best Picture,8,7.5,Jan/28/2012 05:00:01
754186,BEST.PIC:HUGO,Hugo to win the Academy Award for Best Picture,1,8.0,Jan/28/2012 05:00:01
754186,BEST.PIC:HUGO,Hugo to win the Academy Award for Best Picture,1,7.5,Jan/28/2012 05:00:01
754186,BEST.PIC:HUGO,Hugo to win the Academy Award for Best Picture,1,7.9,Jan/28/2012 10:33:19
754186,BEST.PIC:HUGO,Hugo to win the Academy Award for Best Picture,5,7.9,Jan/28/2012 10:33:19
754186,BEST.PIC:HUGO,Hugo to win the Academy Award for Best Picture,1,7.2,Jan/28/2012 14:35:13
754186,BEST.PIC:HUGO,Hugo to win the Academy Award for Best Picture,1,8.0,Jan/28/2012 16:52:20
754186,BEST.PIC:HUGO,Hugo to win the Academy Award for Best Picture,14,7.2,Jan/28/2012 17:03:54
754186,BEST.PIC:HUGO,Hugo to win the Academy Award for Best Picture,11,7.2,Jan/28/2012 17:46:17
754186,BEST.PIC:HUGO,Hugo to win the Academy Award for Best Picture,40,7.2,Jan/28/2012 18:45:59
754186,BEST.PIC:HUGO,Hugo to win the Academy Award for Best Picture,3,6.7,Jan/29/2012 06:25:34
754186,BEST.PIC:HUGO,Hugo to win the Academy Award for Best Picture,18,3.6,Jan/29/2012 06:46:31
754186,BEST.PIC:HUGO,Hugo to win the Academy Award for Best Picture,1,4.0,Jan/29/2012 06:51:05
754186,BEST.PIC:HUGO,Hugo to win the Academy Award for Best Picture,10,4.0,Jan/29/2012 06:51:05
754186,BEST.PIC:HUGO,Hugo to win the Academy Award for Best Picture,10,4.5,Jan/29/2012 20:58:49
754186,BEST.PIC:HUGO,Hugo to win the Academy Award for Best Picture,1,4.5,Jan/29/2012 20:58:49
754186,BEST.PIC:HUGO,Hugo to win the Academy Award for Best Picture,2,5.0,Jan/30/2012 00:18:31
754186,BEST.PIC:HUGO,Hugo to win the Academy Award for Best Picture,4,5.0,Jan/30/2012 01:45:49
754186,BEST.PIC:HUGO,Hugo to win the Academy Award for Best Picture,4,5.0,Jan/30/2012 05:53:33
754186,BEST.PIC:HUGO,Hugo to win the Academy Award for Best Picture,1,5.0,Jan/30/2012 05:53:33
754186,BEST.PIC:HUGO,Hugo to win the Academy Award for Best Picture,10,5.5,Jan/30/2012 05:53:47
754186,BEST.PIC:HUGO,Hugo to win the Academy Award for Best Picture,2,5.5,Jan/30/2012 05:53:47
754186,BEST.PIC:HUGO,Hugo to win the Academy Award for Best Picture,7,4.5,Jan/31/2012 07:57:40
754186,BEST.PIC:HUGO,Hugo to win the Academy Award for Best Picture,8,4.6,Jan/31/2012 19:40:35
754186,BEST.PIC:HUGO,Hugo to win the Academy Award for Best Picture,1,4.6,Jan/31/2012 19:40:35
754186,BEST.PIC:HUGO,Hugo to win the Academy Award for Best Picture,5,4.6,Jan/31/2012 19:40:35
754186,BEST.PIC:HUGO,Hugo to win the Academy Award for Best Picture,93,4.5,Jan/31/2012 19:40:49
754186,BEST.PIC:HUGO,Hugo to win the Academy Award for Best Picture,1,4.5,Jan/31/2012 22:52:24
754186,BEST.PIC:HUGO,Hugo to win the Academy Award for Best Picture,2,4.5,Jan/31/2012 22:52:24
754186,BEST.PIC:HUGO,Hugo to win the Academy Award for Best Picture,10,4.5,Jan/31/2012 22:52:24
754186,BEST.PIC:HUGO,Hugo to win the Academy Award for Best Picture,1,4.5,Feb/01/2012 15:10:25
754186,BEST.PIC:HUGO,Hugo to win the Academy Award for Best Picture,1,4.4,Feb/01/2012 16:22:46
754186,BEST.PIC:HUGO,Hugo to win the Academy Award for Best Picture,9,4.5,Feb/01/2012 21:46:26
754186,BEST.PIC:HUGO,Hugo to win the Academy Award for Best Picture,1,4.5,Feb/01/2012 21:46:26
754186,BEST.PIC:HUGO,Hugo to win the Academy Award for Best Picture,3,4.9,Feb/01/2012 21:58:09
754186,BEST.PIC:HUGO,Hugo to win the Academy Award for Best Picture,1,4.5,Feb/02/2012 00:28:50
754186,BEST.PIC:HUGO,Hugo to win the Academy Award for Best Picture,2,4.4,Feb/02/2012 03:18:58
754186,BEST.PIC:HUGO,Hugo to win the Academy Award for Best Picture,1,4.4,Feb/02/2012 03:18:58
754186,BEST.PIC:HUGO,Hugo to win the Academy Award for Best Picture,1,4.5,Feb/02/2012 04:03:43
754186,BEST.PIC:HUGO,Hugo to win the Academy Award for Best Picture,9,4.5,Feb/02/2012 04:03:43
754186,BEST.PIC:HUGO,Hugo to win the Academy Award for Best Picture,10,4.4,Feb/02/2012 04:09:15
754186,BEST.PIC:HUGO,Hugo to win the Academy Award for Best Picture,3,4.2,Feb/02/2012 04:10:26
754186,BEST.PIC:HUGO,Hugo to win the Academy Award for Best Picture,1,4.0,Feb/02/2012 07:26:40
754186,BEST.PIC:HUGO,Hugo to win the Academy Award for Best Picture,1,4.5,Feb/02/2012 11:09:09
754186,BEST.PIC:HUGO,Hugo to win the Academy Award for Best Picture,1,4.5,Feb/02/2012 17:04:53
754186,BEST.PIC:HUGO,Hugo to win the Academy Award for Best Picture,9,4.5,Feb/02/2012 17:04:53
754186,BEST.PIC:HUGO,Hugo to win the Academy Award for Best Picture,10,4.8,Feb/02/2012 17:26:51
754186,BEST.PIC:HUGO,Hugo to win the Academy Award for Best Picture,10,4.5,Feb/03/2012 02:52:05
754186,BEST.PIC:HUGO,Hugo to win the Academy Award for Best Picture,1,4.5,Feb/03/2012 02:52:05
754186,BEST.PIC:HUGO,Hugo to win the Academy Award for Best Picture,10,4.8,Feb/03/2012 02:52:23
754186,BEST.PIC:HUGO,Hugo to win the Academy Award for Best Picture,1,4.8,Feb/03/2012 02:52:23
754186,BEST.PIC:HUGO,Hugo to win the Academy Award for Best Picture,1,4.9,Feb/03/2012 09:34:13
754186,BEST.PIC:HUGO,Hugo to win the Academy Award for Best Picture,10,4.9,Feb/03/2012 09:34:13
754186,BEST.PIC:HUGO,Hugo to win the Academy Award for Best Picture,10,5.0,Feb/03/2012 09:59:37
754186,BEST.PIC:HUGO,Hugo to win the Academy Award for Best Picture,10,4.1,Feb/03/2012 18:05:39
754186,BEST.PIC:HUGO,Hugo to win the Academy Award for Best Picture,10,4.5,Feb/03/2012 18:07:07
754186,BEST.PIC:HUGO,Hugo to win the Academy Award for Best Picture,1,4.5,Feb/03/2012 21:34:34
754186,BEST.PIC:HUGO,Hugo to win the Academy Award for Best Picture,1,4.5,Feb/04/2012 00:35:23
754186,BEST.PIC:HUGO,Hugo to win the Academy Award for Best Picture,1,4.5,Feb/04/2012 00:35:43
754186,BEST.PIC:HUGO,Hugo to win the Academy Award for Best Picture,12,4.5,Feb/04/2012 01:17:43
754186,BEST.PIC:HUGO,Hugo to win the Academy Award for Best Picture,20,2.7,Feb/04/2012 23:06:44
754186,BEST.PIC:HUGO,Hugo to win the Academy Award for Best Picture,20,1.8,Feb/04/2012 23:06:44
754186,BEST.PIC:HUGO,Hugo to win the Academy Award for Best Picture,30,2.5,Feb/04/2012 23:06:44
754186,BEST.PIC:HUGO,Hugo to win the Academy Award for Best Picture,30,2.8,Feb/04/2012 23:06:44
754186,BEST.PIC:HUGO,Hugo to win the Academy Award for Best Picture,1,5.0,Feb/06/2012 21:52:37
754186,BEST.PIC:HUGO,Hugo to win the Academy Award for Best Picture,1,2.3,Feb/07/2012 02:24:42
754186,BEST.PIC:HUGO,Hugo to win the Academy Award for Best Picture,1,3.5,Feb/09/2012 16:11:09
754186,BEST.PIC:HUGO,Hugo to win the Academy Award for Best Picture,5,3.5,Feb/09/2012 16:11:09
754186,BEST.PIC:HUGO,Hugo to win the Academy Award for Best Picture,1,3.4,Feb/10/2012 20:10:33
754186,BEST.PIC:HUGO,Hugo to win the Academy Award for Best Picture,24,3.4,Feb/11/2012 00:18:32
754186,BEST.PIC:HUGO,Hugo to win the Academy Award for Best Picture,50,3.2,Feb/11/2012 05:39:26
754186,BEST.PIC:HUGO,Hugo to win the Academy Award for Best Picture,1,3.5,Feb/11/2012 16:05:33
754186,BEST.PIC:HUGO,Hugo to win the Academy Award for Best Picture,10,3.5,Feb/11/2012 16:05:33
754186,BEST.PIC:HUGO,Hugo to win the Academy Award for Best Picture,5,4.0,Feb/11/2012 16:06:25
754186,BEST.PIC:HUGO,Hugo to win the Academy Award for Best Picture,2,4.0,Feb/11/2012 16:06:25
754186,BEST.PIC:HUGO,Hugo to win the Academy Award for Best Picture,9,4.5,Feb/11/2012 16:09:08
754186,BEST.PIC:HUGO,Hugo to win the Academy Award for Best Picture,3,4.5,Feb/11/2012 16:09:08
754186,BEST.PIC:HUGO,Hugo to win the Academy Award for Best Picture,4,4.0,Feb/11/2012 17:23:44
754186,BEST.PIC:HUGO,Hugo to win the Academy Award for Best Picture,1,4.8,Feb/12/2012 02:13:33
754186,BEST.PIC:HUGO,Hugo to win the Academy Award for Best Picture,1,3.5,Feb/12/2012 08:37:36
754186,BEST.PIC:HUGO,Hugo to win the Academy Award for Best Picture,9,3.5,Feb/12/2012 10:11:21
754186,BEST.PIC:HUGO,Hugo to win the Academy Award for Best Picture,16,2.6,Feb/12/2012 22:18:58
754186,BEST.PIC:HUGO,Hugo to win the Academy Award for Best Picture,4,2.6,Feb/12/2012 22:21:49
754186,BEST.PIC:HUGO,Hugo to win the Academy Award for Best Picture,11,2.5,Feb/12/2012 22:24:00
754186,BEST.PIC:HUGO,Hugo to win the Academy Award for Best Picture,2,2.5,Feb/12/2012 22:25:18
754186,BEST.PIC:HUGO,Hugo to win the Academy Award for Best Picture,11,2.4,Feb/12/2012 22:30:49
754186,BEST.PIC:HUGO,Hugo to win the Academy Award for Best Picture,10,4.5,Feb/12/2012 22:46:48
754186,BEST.PIC:HUGO,Hugo to win the Academy Award for Best Picture,2,2.4,Feb/12/2012 23:24:13
754186,BEST.PIC:HUGO,Hugo to win the Academy Award for Best Picture,20,2.5,Feb/13/2012 02:08:14
754186,BEST.PIC:HUGO,Hugo to win the Academy Award for Best Picture,1,2.5,Feb/13/2012 02:08:14
754186,BEST.PIC:HUGO,Hugo to win the Academy Award for Best Picture,4,2.5,Feb/13/2012 19:21:33
754186,BEST.PIC:HUGO,Hugo to win the Academy Award for Best Picture,3,2.5,Feb/13/2012 19:21:33
754186,BEST.PIC:HUGO,Hugo to win the Academy Award for Best Picture,1,2.5,Feb/13/2012 21:02:43
754186,BEST.PIC:HUGO,Hugo to win the Academy Award for Best Picture,3,2.5,Feb/13/2012 21:02:43
754186,BEST.PIC:HUGO,Hugo to win the Academy Award for Best Picture,1,2.8,Feb/14/2012 02:44:36
754186,BEST.PIC:HUGO,Hugo to win the Academy Award for Best Picture,2,2.8,Feb/14/2012 06:45:15
754186,BEST.PIC:HUGO,Hugo to win the Academy Award for Best Picture,1,2.8,Feb/14/2012 06:45:15
754186,BEST.PIC:HUGO,Hugo to win the Academy Award for Best Picture,1,2.5,Feb/14/2012 17:09:30
754186,BEST.PIC:HUGO,Hugo to win the Academy Award for Best Picture,10,2.5,Feb/14/2012 17:09:30
754186,BEST.PIC:HUGO,Hugo to win the Academy Award for Best Picture,1,2.7,Feb/15/2012 03:14:44
754186,BEST.PIC:HUGO,Hugo to win the Academy Award for Best Picture,100,2.7,Feb/15/2012 03:14:44
754186,BEST.PIC:HUGO,Hugo to win the Academy Award for Best Picture,20,2.9,Feb/15/2012 03:20:13
754186,BEST.PIC:HUGO,Hugo to win the Academy Award for Best Picture,1,2.9,Feb/15/2012 03:20:52
754186,BEST.PIC:HUGO,Hugo to win the Academy Award for Best Picture,10,3.0,Feb/15/2012 03:21:40
754186,BEST.PIC:HUGO,Hugo to win the Academy Award for Best Picture,8,3.4,Feb/15/2012 03:21:57
754186,BEST.PIC:HUGO,Hugo to win the Academy Award for Best Picture,2,3.4,Feb/15/2012 03:24:51
754186,BEST.PIC:HUGO,Hugo to win the Academy Award for Best Picture,1,3.4,Feb/15/2012 03:25:43
754186,BEST.PIC:HUGO,Hugo to win the Academy Award for Best Picture,10,3.2,Feb/15/2012 06:38:59
754186,BEST.PIC:HUGO,Hugo to win the Academy Award for Best Picture,10,3.2,Feb/15/2012 15:51:00
754186,BEST.PIC:HUGO,Hugo to win the Academy Award for Best Picture,10,2.5,Feb/15/2012 17:56:27
754186,BEST.PIC:HUGO,Hugo to win the Academy Award for Best Picture,1,2.9,Feb/16/2012 21:03:16
754186,BEST.PIC:HUGO,Hugo to win the Academy Award for Best Picture,1,2.9,Feb/16/2012 21:03:21
754186,BEST.PIC:HUGO,Hugo to win the Academy Award for Best Picture,1,2.9,Feb/17/2012 00:32:00
754186,BEST.PIC:HUGO,Hugo to win the Academy Award for Best Picture,1,2.9,Feb/17/2012 07:48:38
754186,BEST.PIC:HUGO,Hugo to win the Academy Award for Best Picture,27,2.9,Feb/17/2012 07:48:38
754186,BEST.PIC:HUGO,Hugo to win the Academy Award for Best Picture,1,3.0,Feb/17/2012 15:01:12
754186,BEST.PIC:HUGO,Hugo to win the Academy Award for Best Picture,10,3.0,Feb/17/2012 15:01:12
754186,BEST.PIC:HUGO,Hugo to win the Academy Award for Best Picture,30,2.5,Feb/18/2012 06:27:18
754186,BEST.PIC:HUGO,Hugo to win the Academy Award for Best Picture,5,3.0,Feb/19/2012 04:26:59
754186,BEST.PIC:HUGO,Hugo to win the Academy Award for Best Picture,1,3.0,Feb/19/2012 04:37:53
754186,BEST.PIC:HUGO,Hugo to win the Academy Award for Best Picture,5,3.0,Feb/19/2012 04:37:53
754186,BEST.PIC:HUGO,Hugo to win the Academy Award for Best Picture,20,3.5,Feb/19/2012 04:38:41
754186,BEST.PIC:HUGO,Hugo to win the Academy Award for Best Picture,2,3.5,Feb/19/2012 04:38:41
754186,BEST.PIC:HUGO,Hugo to win the Academy Award for Best Picture,10,4.0,Feb/19/2012 07:50:43
754186,BEST.PIC:HUGO,Hugo to win the Academy Award for Best Picture,3,2.7,Feb/20/2012 06:11:35
754186,BEST.PIC:HUGO,Hugo to win the Academy Award for Best Picture,3,3.5,Feb/20/2012 06:17:18
754186,BEST.PIC:HUGO,Hugo to win the Academy Award for Best Picture,5,2.9,Feb/21/2012 01:46:47
754186,BEST.PIC:HUGO,Hugo to win the Academy Award for Best Picture,1,2.9,Feb/21/2012 02:12:32
754186,BEST.PIC:HUGO,Hugo to win the Academy Award for Best Picture,1,2.8,Feb/21/2012 05:40:03
754186,BEST.PIC:HUGO,Hugo to win the Academy Award for Best Picture,1,3.0,Feb/21/2012 06:47:11
754186,BEST.PIC:HUGO,Hugo to win the Academy Award for Best Picture,10,3.0,Feb/21/2012 06:47:11
754186,BEST.PIC:HUGO,Hugo to win the Academy Award for Best Picture,6,2.7,Feb/21/2012 08:45:15
754186,BEST.PIC:HUGO,Hugo to win the Academy Award for Best Picture,5,2.7,Feb/21/2012 08:46:21
754186,BEST.PIC:HUGO,Hugo to win the Academy Award for Best Picture,1,2.7,Feb/21/2012 08:47:23
754186,BEST.PIC:HUGO,Hugo to win the Academy Award for Best Picture,3,2.7,Feb/21/2012 08:48:15
754186,BEST.PIC:HUGO,Hugo to win the Academy Award for Best Picture,9,2.7,Feb/21/2012 08:49:18
754186,BEST.PIC:HUGO,Hugo to win the Academy Award for Best Picture,1,2.7,Feb/21/2012 08:51:18
754186,BEST.PIC:HUGO,Hugo to win the Academy Award for Best Picture,5,2.7,Feb/21/2012 08:51:39
754186,BEST.PIC:HUGO,Hugo to win the Academy Award for Best Picture,6,2.7,Feb/21/2012 08:52:29
754186,BEST.PIC:HUGO,Hugo to win the Academy Award for Best Picture,7,2.7,Feb/21/2012 08:53:30
754186,BEST.PIC:HUGO,Hugo to win the Academy Award for Best Picture,2,2.7,Feb/21/2012 08:54:31
754186,BEST.PIC:HUGO,Hugo to win the Academy Award for Best Picture,4,2.7,Feb/21/2012 08:55:32
754186,BEST.PIC:HUGO,Hugo to win the Academy Award for Best Picture,8,2.7,Feb/21/2012 08:56:32
754186,BEST.PIC:HUGO,Hugo to win the Academy Award for Best Picture,4,2.7,Feb/21/2012 08:57:37
754186,BEST.PIC:HUGO,Hugo to win the Academy Award for Best Picture,3,2.7,Feb/21/2012 08:58:29
754186,BEST.PIC:HUGO,Hugo to win the Academy Award for Best Picture,5,2.7,Feb/21/2012 08:59:32
754186,BEST.PIC:HUGO,Hugo to win the Academy Award for Best Picture,1,2.7,Feb/21/2012 09:00:33
754186,BEST.PIC:HUGO,Hugo to win the Academy Award for Best Picture,1,3.2,Feb/21/2012 09:23:15
754186,BEST.PIC:HUGO,Hugo to win the Academy Award for Best Picture,1,3.4,Feb/21/2012 09:23:23
754186,BEST.PIC:HUGO,Hugo to win the Academy Award for Best Picture,1,5.4,Feb/21/2012 09:23:49
754186,BEST.PIC:HUGO,Hugo to win the Academy Award for Best Picture,10,3.0,Feb/21/2012 13:58:30
754186,BEST.PIC:HUGO,Hugo to win the Academy Award for Best Picture,25,3.0,Feb/21/2012 13:58:44
754186,BEST.PIC:HUGO,Hugo to win the Academy Award for Best Picture,15,3.0,Feb/21/2012 13:59:32
754186,BEST.PIC:HUGO,Hugo to win the Academy Award for Best Picture,1,3.0,Feb/21/2012 15:32:03
754186,BEST.PIC:HUGO,Hugo to win the Academy Award for Best Picture,50,3.8,Feb/21/2012 16:04:42
754186,BEST.PIC:HUGO,Hugo to win the Academy Award for Best Picture,1,3.8,Feb/21/2012 16:04:42
754186,BEST.PIC:HUGO,Hugo to win the Academy Award for Best Picture,1,4.8,Feb/21/2012 16:05:22
754186,BEST.PIC:HUGO,Hugo to win the Academy Award for Best Picture,4,2.7,Feb/21/2012 19:23:27
754186,BEST.PIC:HUGO,Hugo to win the Academy Award for Best Picture,23,2.7,Feb/21/2012 22:46:03
754186,BEST.PIC:HUGO,Hugo to win the Academy Award for Best Picture,50,3.5,Feb/22/2012 10:25:09
754186,BEST.PIC:HUGO,Hugo to win the Academy Award for Best Picture,42,3.5,Feb/22/2012 10:36:51
754186,BEST.PIC:HUGO,Hugo to win the Academy Award for Best Picture,27,2.4,Feb/22/2012 12:24:48
754186,BEST.PIC:HUGO,Hugo to win the Academy Award for Best Picture,5,2.5,Feb/22/2012 16:16:47
754186,BEST.PIC:HUGO,Hugo to win the Academy Award for Best Picture,5,2.5,Feb/22/2012 16:17:25
754186,BEST.PIC:HUGO,Hugo to win the Academy Award for Best Picture,10,2.5,Feb/22/2012 16:32:09
754186,BEST.PIC:HUGO,Hugo to win the Academy Award for Best Picture,2,2.3,Feb/23/2012 02:11:50
754186,BEST.PIC:HUGO,Hugo to win the Academy Award for Best Picture,3,2.0,Feb/23/2012 02:11:50
754186,BEST.PIC:HUGO,Hugo to win the Academy Award for Best Picture,6,2.0,Feb/23/2012 02:12:08
754186,BEST.PIC:HUGO,Hugo to win the Academy Award for Best Picture,5,2.0,Feb/23/2012 02:32:15
754186,BEST.PIC:HUGO,Hugo to win the Academy Award for Best Picture,5,2.0,Feb/23/2012 03:15:30
754186,BEST.PIC:HUGO,Hugo to win the Academy Award for Best Picture,5,2.0,Feb/23/2012 04:37:55
754186,BEST.PIC:HUGO,Hugo to win the Academy Award for Best Picture,5,2.0,Feb/23/2012 04:49:55
754186,BEST.PIC:HUGO,Hugo to win the Academy Award for Best Picture,2,2.1,Feb/23/2012 05:41:13
754186,BEST.PIC:HUGO,Hugo to win the Academy Award for Best Picture,10,2.1,Feb/23/2012 17:31:56
754186,BEST.PIC:HUGO,Hugo to win the Academy Award for Best Picture,2,2.2,Feb/23/2012 18:18:53
754186,BEST.PIC:HUGO,Hugo to win the Academy Award for Best Picture,1,2.2,Feb/23/2012 19:52:40
754186,BEST.PIC:HUGO,Hugo to win the Academy Award for Best Picture,8,2.2,Feb/23/2012 19:52:40
754186,BEST.PIC:HUGO,Hugo to win the Academy Award for Best Picture,1,2.1,Feb/24/2012 00:28:06
754186,BEST.PIC:HUGO,Hugo to win the Academy Award for Best Picture,1,2.1,Feb/24/2012 00:53:39
754186,BEST.PIC:HUGO,Hugo to win the Academy Award for Best Picture,1,2.3,Feb/24/2012 02:00:15
754186,BEST.PIC:HUGO,Hugo to win the Academy Award for Best Picture,7,2.3,Feb/24/2012 02:00:15
754186,BEST.PIC:HUGO,Hugo to win the Academy Award for Best Picture,11,2.9,Feb/24/2012 04:36:31
754186,BEST.PIC:HUGO,Hugo to win the Academy Award for Best Picture,5,2.2,Feb/24/2012 09:57:46
754186,BEST.PIC:HUGO,Hugo to win the Academy Award for Best Picture,5,2.2,Feb/24/2012 14:53:40
754186,BEST.PIC:HUGO,Hugo to win the Academy Award for Best Picture,1,2.2,Feb/24/2012 14:53:50
754186,BEST.PIC:HUGO,Hugo to win the Academy Award for Best Picture,3,2.2,Feb/24/2012 15:42:29
754186,BEST.PIC:HUGO,Hugo to win the Academy Award for Best Picture,2,2.1,Feb/24/2012 15:42:29
754186,BEST.PIC:HUGO,Hugo to win the Academy Award for Best Picture,10,2.5,Feb/24/2012 21:25:35
754186,BEST.PIC:HUGO,Hugo to win the Academy Award for Best Picture,1,2.5,Feb/24/2012 21:25:35
754186,BEST.PIC:HUGO,Hugo to win the Academy Award for Best Picture,4,2.1,Feb/24/2012 23:15:53
754186,BEST.PIC:HUGO,Hugo to win the Academy Award for Best Picture,21,2.0,Feb/24/2012 23:15:53
754186,BEST.PIC:HUGO,Hugo to win the Academy Award for Best Picture,4,2.8,Feb/24/2012 23:25:50
754186,BEST.PIC:HUGO,Hugo to win the Academy Award for Best Picture,1,2.5,Feb/24/2012 23:31:04
754186,BEST.PIC:HUGO,Hugo to win the Academy Award for Best Picture,2,1.9,Feb/24/2012 23:56:49
754186,BEST.PIC:HUGO,Hugo to win the Academy Award for Best Picture,22,1.5,Feb/24/2012 23:56:49
754186,BEST.PIC:HUGO,Hugo to win the Academy Award for Best Picture,11,1.6,Feb/24/2012 23:56:49
754186,BEST.PIC:HUGO,Hugo to win the Academy Award for Best Picture,3,1.5,Feb/25/2012 00:26:08
754186,BEST.PIC:HUGO,Hugo to win the Academy Award for Best Picture,100,2.3,Feb/25/2012 00:35:59
754186,BEST.PIC:HUGO,Hugo to win the Academy Award for Best Picture,5,2.0,Feb/25/2012 22:48:39
754186,BEST.PIC:HUGO,Hugo to win the Academy Award for Best Picture,1,0.6,Feb/25/2012 22:55:43
754186,BEST.PIC:HUGO,Hugo to win the Academy Award for Best Picture,1,1.4,Feb/26/2012 20:39:18
754186,BEST.PIC:HUGO,Hugo to win the Academy Award for Best Picture,10,1.5,Feb/26/2012 20:47:18
754186,BEST.PIC:HUGO,Hugo to win the Academy Award for Best Picture,3,1.5,Feb/26/2012 20:47:18
754186,BEST.PIC:HUGO,Hugo to win the Academy Award for Best Picture,17,1.5,Feb/26/2012 22:15:47
754186,BEST.PIC:HUGO,Hugo to win the Academy Award for Best Picture,10,1.8,Feb/26/2012 22:16:05
754186,BEST.PIC:HUGO,Hugo to win the Academy Award for Best Picture,4,2.0,Feb/26/2012 22:16:19
754186,BEST.PIC:HUGO,Hugo to win the Academy Award for Best Picture,2,2.0,Feb/26/2012 22:16:19
754186,BEST.PIC:HUGO,Hugo to win the Academy Award for Best Picture,20,2.0,Feb/26/2012 22:16:19
754186,BEST.PIC:HUGO,Hugo to win the Academy Award for Best Picture,20,2.0,Feb/26/2012 22:32:47
754186,BEST.PIC:HUGO,Hugo to win the Academy Award for Best Picture,4,2.0,Feb/26/2012 22:40:03
754186,BEST.PIC:HUGO,Hugo to win the Academy Award for Best Picture,5,1.3,Feb/26/2012 22:44:17
754186,BEST.PIC:HUGO,Hugo to win the Academy Award for Best Picture,6,1.3,Feb/26/2012 22:44:37
754186,BEST.PIC:HUGO,Hugo to win the Academy Award for Best Picture,1,1.3,Feb/26/2012 23:14:23
754186,BEST.PIC:HUGO,Hugo to win the Academy Award for Best Picture,16,2.0,Feb/26/2012 23:32:05
754186,BEST.PIC:HUGO,Hugo to win the Academy Award for Best Picture,1,2.0,Feb/26/2012 23:34:48
754186,BEST.PIC:HUGO,Hugo to win the Academy Award for Best Picture,1,2.0,Feb/26/2012 23:44:25
754186,BEST.PIC:HUGO,Hugo to win the Academy Award for Best Picture,8,2.0,Feb/26/2012 23:44:26
754186,BEST.PIC:HUGO,Hugo to win the Academy Award for Best Picture,2,2.0,Feb/26/2012 23:44:26
754186,BEST.PIC:HUGO,Hugo to win the Academy Award for Best Picture,1,1.4,Feb/27/2012 00:26:03
754186,BEST.PIC:HUGO,Hugo to win the Academy Award for Best Picture,1,1.8,Feb/27/2012 00:55:10
754186,BEST.PIC:HUGO,Hugo to win the Academy Award for Best Picture,9,1.8,Feb/27/2012 01:00:25
754186,BEST.PIC:HUGO,Hugo to win the Academy Award for Best Picture,16,1.9,Feb/27/2012 01:00:25
754186,BEST.PIC:HUGO,Hugo to win the Academy Award for Best Picture,10,1.7,Feb/27/2012 01:43:48
754186,BEST.PIC:HUGO,Hugo to win the Academy Award for Best Picture,100,1.9,Feb/27/2012 01:44:00
754186,BEST.PIC:HUGO,Hugo to win the Academy Award for Best Picture,20,2.0,Feb/27/2012 01:44:07
754186,BEST.PIC:HUGO,Hugo to win the Academy Award for Best Picture,10,2.0,Feb/27/2012 01:44:39
754186,BEST.PIC:HUGO,Hugo to win the Academy Award for Best Picture,30,2.5,Feb/27/2012 01:44:39
754186,BEST.PIC:HUGO,Hugo to win the Academy Award for Best Picture,8,2.0,Feb/27/2012 01:44:39
754186,BEST.PIC:HUGO,Hugo to win the Academy Award for Best Picture,30,2.5,Feb/27/2012 01:44:39
754186,BEST.PIC:HUGO,Hugo to win the Academy Award for Best Picture,10,2.1,Feb/27/2012 01:44:39
754186,BEST.PIC:HUGO,Hugo to win the Academy Award for Best Picture,10,2.2,Feb/27/2012 01:44:39
754186,BEST.PIC:HUGO,Hugo to win the Academy Award for Best Picture,10,2.5,Feb/27/2012 01:44:39
754186,BEST.PIC:HUGO,Hugo to win the Academy Award for Best Picture,9,2.5,Feb/27/2012 01:44:39
754186,BEST.PIC:HUGO,Hugo to win the Academy Award for Best Picture,2,2.7,Feb/27/2012 01:45:24
754186,BEST.PIC:HUGO,Hugo to win the Academy Award for Best Picture,30,3.0,Feb/27/2012 01:45:28
754186,BEST.PIC:HUGO,Hugo to win the Academy Award for Best Picture,10,3.0,Feb/27/2012 01:45:28
754186,BEST.PIC:HUGO,Hugo to win the Academy Award for Best Picture,10,2.9,Feb/27/2012 01:45:28
754186,BEST.PIC:HUGO,Hugo to win the Academy Award for Best Picture,8,2.7,Feb/27/2012 01:45:28
754186,BEST.PIC:HUGO,Hugo to win the Academy Award for Best Picture,10,3.0,Feb/27/2012 01:45:28
754186,BEST.PIC:HUGO,Hugo to win the Academy Award for Best Picture,1,6.0,Feb/27/2012 01:46:17
754186,BEST.PIC:HUGO,Hugo to win the Academy Award for Best Picture,50,4.8,Feb/27/2012 01:46:44
754186,BEST.PIC:HUGO,Hugo to win the Academy Award for Best Picture,10,2.7,Feb/27/2012 01:48:11
754186,BEST.PIC:HUGO,Hugo to win the Academy Award for Best Picture,1,3.0,Feb/27/2012 01:48:11
754186,BEST.PIC:HUGO,Hugo to win the Academy Award for Best Picture,50,4.8,Feb/27/2012 01:50:12
754186,BEST.PIC:HUGO,Hugo to win the Academy Award for Best Picture,50,4.9,Feb/27/2012 01:52:44
754186,BEST.PIC:HUGO,Hugo to win the Academy Award for Best Picture,15,4.6,Feb/27/2012 02:05:08
754186,BEST.PIC:HUGO,Hugo to win the Academy Award for Best Picture,5,4.6,Feb/27/2012 02:05:30
754186,BEST.PIC:HUGO,Hugo to win the Academy Award for Best Picture,1,4.9,Feb/27/2012 02:27:03
754186,BEST.PIC:HUGO,Hugo to win the Academy Award for Best Picture,4,4.9,Feb/27/2012 02:27:03
754186,BEST.PIC:HUGO,Hugo to win the Academy Award for Best Picture,4,4.6,Feb/27/2012 02:27:03
754186,BEST.PIC:HUGO,Hugo to win the Academy Award for Best Picture,46,4.9,Feb/27/2012 02:28:29
754186,BEST.PIC:HUGO,Hugo to win the Academy Award for Best Picture,4,5.0,Feb/27/2012 02:28:29
754186,BEST.PIC:HUGO,Hugo to win the Academy Award for Best Picture,5,5.0,Feb/27/2012 02:29:20
754186,BEST.PIC:HUGO,Hugo to win the Academy Award for Best Picture,16,5.0,Feb/27/2012 02:29:30
754186,BEST.PIC:HUGO,Hugo to win the Academy Award for Best Picture,25,5.0,Feb/27/2012 02:29:39
754186,BEST.PIC:HUGO,Hugo to win the Academy Award for Best Picture,10,5.0,Feb/27/2012 02:30:32
754186,BEST.PIC:HUGO,Hugo to win the Academy Award for Best Picture,5,5.4,Feb/27/2012 02:30:33
754186,BEST.PIC:HUGO,Hugo to win the Academy Award for Best Picture,5,5.0,Feb/27/2012 02:30:50
754186,BEST.PIC:HUGO,Hugo to win the Academy Award for Best Picture,30,2.7,Feb/27/2012 02:30:51
754186,BEST.PIC:HUGO,Hugo to win the Academy Award for Best Picture,45,5.4,Feb/27/2012 02:30:52
754186,BEST.PIC:HUGO,Hugo to win the Academy Award for Best Picture,3,2.6,Feb/27/2012 02:30:52
754186,BEST.PIC:HUGO,Hugo to win the Academy Award for Best Picture,1,2.6,Feb/27/2012 02:30:52
754186,BEST.PIC:HUGO,Hugo to win the Academy Award for Best Picture,30,2.5,Feb/27/2012 02:30:56
754186,BEST.PIC:HUGO,Hugo to win the Academy Award for Best Picture,7,5.5,Feb/27/2012 02:31:19
754186,BEST.PIC:HUGO,Hugo to win the Academy Award for Best Picture,1,5.6,Feb/27/2012 02:31:19
754186,BEST.PIC:HUGO,Hugo to win the Academy Award for Best Picture,3,5.4,Feb/27/2012 02:32:11
754186,BEST.PIC:HUGO,Hugo to win the Academy Award for Best Picture,4,5.8,Feb/27/2012 02:32:59
754186,BEST.PIC:HUGO,Hugo to win the Academy Award for Best Picture,1,5.6,Feb/27/2012 02:32:59
754186,BEST.PIC:HUGO,Hugo to win the Academy Award for Best Picture,1,5.7,Feb/27/2012 02:34:08
754186,BEST.PIC:HUGO,Hugo to win the Academy Award for Best Picture,1,5.7,Feb/27/2012 02:34:08
754186,BEST.PIC:HUGO,Hugo to win the Academy Award for Best Picture,9,5.8,Feb/27/2012 02:34:08
754186,BEST.PIC:HUGO,Hugo to win the Academy Award for Best Picture,2,5.8,Feb/27/2012 02:34:16
754186,BEST.PIC:HUGO,Hugo to win the Academy Award for Best Picture,1,5.7,Feb/27/2012 02:34:48
754186,BEST.PIC:HUGO,Hugo to win the Academy Award for Best Picture,10,5.7,Feb/27/2012 02:34:48
754186,BEST.PIC:HUGO,Hugo to win the Academy Award for Best Picture,35,5.8,Feb/27/2012 02:34:48
754186,BEST.PIC:HUGO,Hugo to win the Academy Award for Best Picture,3,5.7,Feb/27/2012 02:34:56
754186,BEST.PIC:HUGO,Hugo to win the Academy Award for Best Picture,1,6.4,Feb/27/2012 02:36:42
754186,BEST.PIC:HUGO,Hugo to win the Academy Award for Best Picture,3,6.8,Feb/27/2012 02:36:54
754186,BEST.PIC:HUGO,Hugo to win the Academy Award for Best Picture,1,6.7,Feb/27/2012 02:40:52
754186,BEST.PIC:HUGO,Hugo to win the Academy Award for Best Picture,1,6.7,Feb/27/2012 02:40:52
754186,BEST.PIC:HUGO,Hugo to win the Academy Award for Best Picture,10,5.5,Feb/27/2012 02:48:14
754186,BEST.PIC:HUGO,Hugo to win the Academy Award for Best Picture,14,6.8,Feb/27/2012 02:48:45
754186,BEST.PIC:HUGO,Hugo to win the Academy Award for Best Picture,1,6.7,Feb/27/2012 02:48:45
754186,BEST.PIC:HUGO,Hugo to win the Academy Award for Best Picture,3,6.8,Feb/27/2012 02:49:59
754186,BEST.PIC:HUGO,Hugo to win the Academy Award for Best Picture,1,6.7,Feb/27/2012 02:49:59
754186,BEST.PIC:HUGO,Hugo to win the Academy Award for Best Picture,1,6.0,Feb/27/2012 02:50:07
754186,BEST.PIC:HUGO,Hugo to win the Academy Award for Best Picture,1,6.6,Feb/27/2012 02:51:25
754186,BEST.PIC:HUGO,Hugo to win the Academy Award for Best Picture,3,6.8,Feb/27/2012 02:51:25
754186,BEST.PIC:HUGO,Hugo to win the Academy Award for Best Picture,2,5.0,Feb/27/2012 02:51:51
754186,BEST.PIC:HUGO,Hugo to win the Academy Award for Best Picture,2,6.5,Feb/27/2012 02:56:43
754186,BEST.PIC:HUGO,Hugo to win the Academy Award for Best Picture,1,6.5,Feb/27/2012 02:56:43
754186,BEST.PIC:HUGO,Hugo to win the Academy Award for Best Picture,27,6.8,Feb/27/2012 02:56:57
754186,BEST.PIC:HUGO,Hugo to win the Academy Award for Best Picture,1,6.8,Feb/27/2012 02:57:15
754186,BEST.PIC:HUGO,Hugo to win the Academy Award for Best Picture,1,4.7,Feb/27/2012 02:57:57
754186,BEST.PIC:HUGO,Hugo to win the Academy Award for Best Picture,1,6.3,Feb/27/2012 02:59:10
754186,BEST.PIC:HUGO,Hugo to win the Academy Award for Best Picture,1,7.2,Feb/27/2012 02:59:23
754186,BEST.PIC:HUGO,Hugo to win the Academy Award for Best Picture,1,7.3,Feb/27/2012 02:59:44
754186,BEST.PIC:HUGO,Hugo to win the Academy Award for Best Picture,1,7.4,Feb/27/2012 03:00:02
754186,BEST.PIC:HUGO,Hugo to win the Academy Award for Best Picture,1,7.4,Feb/27/2012 03:00:09
754186,BEST.PIC:HUGO,Hugo to win the Academy Award for Best Picture,1,7.7,Feb/27/2012 03:00:22
754186,BEST.PIC:HUGO,Hugo to win the Academy Award for Best Picture,1,7.7,Feb/27/2012 03:00:22
754186,BEST.PIC:HUGO,Hugo to win the Academy Award for Best Picture,18,7.8,Feb/27/2012 03:00:42
754186,BEST.PIC:HUGO,Hugo to win the Academy Award for Best Picture,1,7.7,Feb/27/2012 03:00:42
754186,BEST.PIC:HUGO,Hugo to win the Academy Award for Best Picture,1,7.7,Feb/27/2012 03:00:42
754186,BEST.PIC:HUGO,Hugo to win the Academy Award for Best Picture,6,7.8,Feb/27/2012 03:01:06
754186,BEST.PIC:HUGO,Hugo to win the Academy Award for Best Picture,10,7.8,Feb/27/2012 03:02:35
754186,BEST.PIC:HUGO,Hugo to win the Academy Award for Best Picture,10,7.8,Feb/27/2012 03:03:47
754186,BEST.PIC:HUGO,Hugo to win the Academy Award for Best Picture,5,7.8,Feb/27/2012 03:13:18
754186,BEST.PIC:HUGO,Hugo to win the Academy Award for Best Picture,1,7.7,Feb/27/2012 03:13:18
754186,BEST.PIC:HUGO,Hugo to win the Academy Award for Best Picture,1,6.8,Feb/27/2012 03:26:11
754186,BEST.PIC:HUGO,Hugo to win the Academy Award for Best Picture,1,6.9,Feb/27/2012 03:26:28
754186,BEST.PIC:HUGO,Hugo to win the Academy Award for Best Picture,1,6.8,Feb/27/2012 03:27:05
754186,BEST.PIC:HUGO,Hugo to win the Academy Award for Best Picture,1,6.8,Feb/27/2012 03:27:05
754186,BEST.PIC:HUGO,Hugo to win the Academy Award for Best Picture,2,5.3,Feb/27/2012 03:37:38
754186,BEST.PIC:HUGO,Hugo to win the Academy Award for Best Picture,1,7.7,Feb/27/2012 03:41:35
754186,BEST.PIC:HUGO,Hugo to win the Academy Award for Best Picture,5,7.7,Feb/27/2012 03:41:39
754186,BEST.PIC:HUGO,Hugo to win the Academy Award for Best Picture,1,7.6,Feb/27/2012 03:44:17
754186,BEST.PIC:HUGO,Hugo to win the Academy Award for Best Picture,1,7.6,Feb/27/2012 03:44:24
754186,BEST.PIC:HUGO,Hugo to win the Academy Award for Best Picture,22,7.6,Feb/27/2012 03:46:03
754186,BEST.PIC:HUGO,Hugo to win the Academy Award for Best Picture,10,7.6,Feb/27/2012 03:48:57
754186,BEST.PIC:HUGO,Hugo to win the Academy Award for Best Picture,20,7.6,Feb/27/2012 03:50:43
754186,BEST.PIC:HUGO,Hugo to win the Academy Award for Best Picture,1,5.3,Feb/27/2012 03:53:22
754186,BEST.PIC:HUGO,Hugo to win the Academy Award for Best Picture,17,5.3,Feb/27/2012 03:53:32
754186,BEST.PIC:HUGO,Hugo to win the Academy Award for Best Picture,10,5.0,Feb/27/2012 03:53:32
754186,BEST.PIC:HUGO,Hugo to win the Academy Award for Best Picture,1,5.1,Feb/27/2012 03:53:32
754186,BEST.PIC:HUGO,Hugo to win the Academy Award for Best Picture,1,5.4,Feb/27/2012 03:59:00
754186,BEST.PIC:HUGO,Hugo to win the Academy Award for Best Picture,1,2.0,Feb/27/2012 04:01:08
754186,BEST.PIC:HUGO,Hugo to win the Academy Award for Best Picture,1,3.7,Feb/27/2012 04:01:47
754186,BEST.PIC:HUGO,Hugo to win the Academy Award for Best Picture,2,3.5,Feb/27/2012 04:01:47
754186,BEST.PIC:HUGO,Hugo to win the Academy Award for Best Picture,1,3.0,Feb/27/2012 04:01:47
754186,BEST.PIC:HUGO,Hugo to win the Academy Award for Best Picture,1,2.5,Feb/27/2012 04:01:47
754186,BEST.PIC:HUGO,Hugo to win the Academy Award for Best Picture,1,3.5,Feb/27/2012 04:19:45
754186,BEST.PIC:HUGO,Hugo to win the Academy Award for Best Picture,5,2.8,Feb/27/2012 04:21:31
754186,BEST.PIC:HUGO,Hugo to win the Academy Award for Best Picture,1,2.5,Feb/27/2012 04:21:36
754186,BEST.PIC:HUGO,Hugo to win the Academy Award for Best Picture,1,2.5,Feb/27/2012 04:25:16
754186,BEST.PIC:HUGO,Hugo to win the Academy Award for Best Picture,14,2.5,Feb/27/2012 04:25:32
754186,BEST.PIC:HUGO,Hugo to win the Academy Award for Best Picture,2,2.5,Feb/27/2012 04:26:02
754186,BEST.PIC:HUGO,Hugo to win the Academy Award for Best Picture,17,2.5,Feb/27/2012 04:28:12
754186,BEST.PIC:HUGO,Hugo to win the Academy Award for Best Picture,1,1.8,Feb/27/2012 04:35:17
