market id,market symbol,market name,trade quantity,trade price,date/time [utc]
754185,BEST.PIC:THE.HELP,The Help to win the Academy Award for Best Picture,5,12.0,Nov/24/2011 00:26:49
754185,BEST.PIC:THE.HELP,The Help to win the Academy Award for Best Picture,1,11.0,Nov/24/2011 08:01:45
754185,BEST.PIC:THE.HELP,The Help to win the Academy Award for Best Picture,1,5.0,Nov/26/2011 00:14:55
754185,BEST.PIC:THE.HELP,The Help to win the Academy Award for Best Picture,10,5.0,Nov/26/2011 00:14:55
754185,BEST.PIC:THE.HELP,The Help to win the Academy Award for Best Picture,2,3.8,Nov/26/2011 20:42:11
754185,BEST.PIC:THE.HELP,The Help to win the Academy Award for Best Picture,18,3.8,Nov/26/2011 22:39:35
754185,BEST.PIC:THE.HELP,The Help to win the Academy Award for Best Picture,1,3.8,Nov/26/2011 22:39:35
754185,BEST.PIC:THE.HELP,The Help to win the Academy Award for Best Picture,20,3.9,Nov/26/2011 22:39:35
754185,BEST.PIC:THE.HELP,The Help to win the Academy Award for Best Picture,10,4.0,Nov/26/2011 22:39:35
754185,BEST.PIC:THE.HELP,The Help to win the Academy Award for Best Picture,1,3.5,Nov/26/2011 22:39:49
754185,BEST.PIC:THE.HELP,The Help to win the Academy Award for Best Picture,1,2.0,Nov/26/2011 22:40:03
754185,BEST.PIC:THE.HELP,The Help to win the Academy Award for Best Picture,1,2.5,Nov/26/2011 22:40:03
754185,BEST.PIC:THE.HELP,The Help to win the Academy Award for Best Picture,10,4.0,Nov/27/2011 08:16:42
754185,BEST.PIC:THE.HELP,The Help to win the Academy Award for Best Picture,1,4.0,Nov/27/2011 08:16:42
754185,BEST.PIC:THE.HELP,The Help to win the Academy Award for Best Picture,20,4.9,Nov/27/2011 08:20:37
754185,BEST.PIC:THE.HELP,The Help to win the Academy Award for Best Picture,4,4.9,Nov/27/2011 08:20:37
754185,BEST.PIC:THE.HELP,The Help to win the Academy Award for Best Picture,1,5.0,Nov/27/2011 09:34:34
754185,BEST.PIC:THE.HELP,The Help to win the Academy Award for Best Picture,10,5.0,Nov/27/2011 09:34:34
754185,BEST.PIC:THE.HELP,The Help to win the Academy Award for Best Picture,10,6.5,Nov/27/2011 10:29:23
754185,BEST.PIC:THE.HELP,The Help to win the Academy Award for Best Picture,8,6.5,Nov/27/2011 10:29:23
754185,BEST.PIC:THE.HELP,The Help to win the Academy Award for Best Picture,10,4.0,Nov/28/2011 05:45:47
754185,BEST.PIC:THE.HELP,The Help to win the Academy Award for Best Picture,20,3.9,Nov/28/2011 05:45:47
754185,BEST.PIC:THE.HELP,The Help to win the Academy Award for Best Picture,10,4.0,Nov/28/2011 23:35:30
754185,BEST.PIC:THE.HELP,The Help to win the Academy Award for Best Picture,1,4.7,Nov/28/2011 23:56:13
754185,BEST.PIC:THE.HELP,The Help to win the Academy Award for Best Picture,10,4.7,Nov/28/2011 23:56:13
754185,BEST.PIC:THE.HELP,The Help to win the Academy Award for Best Picture,1,4.8,Nov/28/2011 23:56:23
754185,BEST.PIC:THE.HELP,The Help to win the Academy Award for Best Picture,10,4.8,Nov/28/2011 23:56:23
754185,BEST.PIC:THE.HELP,The Help to win the Academy Award for Best Picture,20,4.9,Nov/28/2011 23:56:40
754185,BEST.PIC:THE.HELP,The Help to win the Academy Award for Best Picture,2,4.8,Nov/29/2011 09:45:40
754185,BEST.PIC:THE.HELP,The Help to win the Academy Award for Best Picture,50,2.3,Nov/30/2011 05:52:44
754185,BEST.PIC:THE.HELP,The Help to win the Academy Award for Best Picture,1,2.0,Nov/30/2011 11:44:32
754185,BEST.PIC:THE.HELP,The Help to win the Academy Award for Best Picture,1,2.0,Nov/30/2011 11:44:32
754185,BEST.PIC:THE.HELP,The Help to win the Academy Award for Best Picture,5,1.6,Dec/01/2011 19:41:59
754185,BEST.PIC:THE.HELP,The Help to win the Academy Award for Best Picture,1,1.5,Dec/01/2011 21:59:44
754185,BEST.PIC:THE.HELP,The Help to win the Academy Award for Best Picture,8,1.3,Dec/02/2011 04:56:55
754185,BEST.PIC:THE.HELP,The Help to win the Academy Award for Best Picture,15,1.4,Dec/02/2011 19:24:40
754185,BEST.PIC:THE.HELP,The Help to win the Academy Award for Best Picture,1,1.4,Dec/02/2011 19:24:40
754185,BEST.PIC:THE.HELP,The Help to win the Academy Award for Best Picture,6,1.3,Dec/02/2011 20:48:13
754185,BEST.PIC:THE.HELP,The Help to win the Academy Award for Best Picture,7,1.4,Dec/02/2011 21:10:46
754185,BEST.PIC:THE.HELP,The Help to win the Academy Award for Best Picture,20,1.4,Dec/03/2011 15:12:07
754185,BEST.PIC:THE.HELP,The Help to win the Academy Award for Best Picture,10,1.4,Dec/03/2011 15:12:23
754185,BEST.PIC:THE.HELP,The Help to win the Academy Award for Best Picture,48,1.4,Dec/03/2011 19:42:35
754185,BEST.PIC:THE.HELP,The Help to win the Academy Award for Best Picture,1,1.4,Dec/03/2011 19:43:41
754185,BEST.PIC:THE.HELP,The Help to win the Academy Award for Best Picture,58,1.4,Dec/03/2011 19:43:41
754185,BEST.PIC:THE.HELP,The Help to win the Academy Award for Best Picture,10,1.3,Dec/04/2011 19:53:49
754185,BEST.PIC:THE.HELP,The Help to win the Academy Award for Best Picture,10,1.4,Dec/04/2011 23:16:38
754185,BEST.PIC:THE.HELP,The Help to win the Academy Award for Best Picture,25,1.4,Dec/06/2011 15:18:39
754185,BEST.PIC:THE.HELP,The Help to win the Academy Award for Best Picture,17,1.4,Dec/06/2011 18:47:52
754185,BEST.PIC:THE.HELP,The Help to win the Academy Award for Best Picture,1,1.4,Dec/06/2011 18:47:52
754185,BEST.PIC:THE.HELP,The Help to win the Academy Award for Best Picture,9,1.5,Dec/06/2011 18:48:35
754185,BEST.PIC:THE.HELP,The Help to win the Academy Award for Best Picture,1,1.8,Dec/07/2011 14:34:01
754185,BEST.PIC:THE.HELP,The Help to win the Academy Award for Best Picture,1,2.0,Dec/07/2011 14:34:01
754185,BEST.PIC:THE.HELP,The Help to win the Academy Award for Best Picture,10,1.8,Dec/07/2011 14:34:01
754185,BEST.PIC:THE.HELP,The Help to win the Academy Award for Best Picture,20,2.0,Dec/07/2011 14:34:01
754185,BEST.PIC:THE.HELP,The Help to win the Academy Award for Best Picture,20,2.0,Dec/07/2011 14:34:01
754185,BEST.PIC:THE.HELP,The Help to win the Academy Award for Best Picture,10,2.5,Dec/07/2011 20:23:00
754185,BEST.PIC:THE.HELP,The Help to win the Academy Award for Best Picture,10,2.5,Dec/07/2011 20:23:00
754185,BEST.PIC:THE.HELP,The Help to win the Academy Award for Best Picture,1,2.5,Dec/07/2011 20:23:00
754185,BEST.PIC:THE.HELP,The Help to win the Academy Award for Best Picture,10,2.4,Dec/10/2011 18:42:35
754185,BEST.PIC:THE.HELP,The Help to win the Academy Award for Best Picture,1,2.4,Dec/10/2011 18:42:35
754185,BEST.PIC:THE.HELP,The Help to win the Academy Award for Best Picture,10,2.0,Dec/11/2011 07:33:32
754185,BEST.PIC:THE.HELP,The Help to win the Academy Award for Best Picture,10,2.0,Dec/11/2011 07:53:47
754185,BEST.PIC:THE.HELP,The Help to win the Academy Award for Best Picture,1,2.0,Dec/11/2011 07:53:47
754185,BEST.PIC:THE.HELP,The Help to win the Academy Award for Best Picture,9,2.0,Dec/11/2011 07:53:47
754185,BEST.PIC:THE.HELP,The Help to win the Academy Award for Best Picture,9,2.2,Dec/11/2011 08:05:18
754185,BEST.PIC:THE.HELP,The Help to win the Academy Award for Best Picture,1,2.2,Dec/11/2011 08:05:18
754185,BEST.PIC:THE.HELP,The Help to win the Academy Award for Best Picture,9,2.4,Dec/11/2011 08:05:34
754185,BEST.PIC:THE.HELP,The Help to win the Academy Award for Best Picture,1,2.4,Dec/11/2011 08:05:34
754185,BEST.PIC:THE.HELP,The Help to win the Academy Award for Best Picture,3,2.5,Dec/11/2011 08:06:09
754185,BEST.PIC:THE.HELP,The Help to win the Academy Award for Best Picture,2,1.8,Dec/13/2011 13:54:52
754185,BEST.PIC:THE.HELP,The Help to win the Academy Award for Best Picture,1,2.0,Dec/14/2011 01:28:13
754185,BEST.PIC:THE.HELP,The Help to win the Academy Award for Best Picture,9,2.0,Dec/14/2011 01:28:13
754185,BEST.PIC:THE.HELP,The Help to win the Academy Award for Best Picture,20,2.0,Dec/14/2011 01:28:13
754185,BEST.PIC:THE.HELP,The Help to win the Academy Award for Best Picture,1,2.0,Dec/14/2011 02:54:45
754185,BEST.PIC:THE.HELP,The Help to win the Academy Award for Best Picture,5,2.0,Dec/14/2011 02:54:45
754185,BEST.PIC:THE.HELP,The Help to win the Academy Award for Best Picture,1,2.0,Dec/14/2011 02:54:45
754185,BEST.PIC:THE.HELP,The Help to win the Academy Award for Best Picture,1,2.2,Dec/14/2011 14:16:16
754185,BEST.PIC:THE.HELP,The Help to win the Academy Award for Best Picture,5,2.2,Dec/14/2011 14:16:16
754185,BEST.PIC:THE.HELP,The Help to win the Academy Award for Best Picture,10,2.4,Dec/14/2011 14:16:16
754185,BEST.PIC:THE.HELP,The Help to win the Academy Award for Best Picture,1,2.4,Dec/14/2011 14:16:16
754185,BEST.PIC:THE.HELP,The Help to win the Academy Award for Best Picture,7,2.5,Dec/14/2011 14:16:16
754185,BEST.PIC:THE.HELP,The Help to win the Academy Award for Best Picture,10,2.3,Dec/14/2011 14:16:16
754185,BEST.PIC:THE.HELP,The Help to win the Academy Award for Best Picture,20,2.5,Dec/14/2011 14:16:16
754185,BEST.PIC:THE.HELP,The Help to win the Academy Award for Best Picture,20,2.5,Dec/14/2011 14:16:16
754185,BEST.PIC:THE.HELP,The Help to win the Academy Award for Best Picture,10,2.5,Dec/14/2011 14:16:16
754185,BEST.PIC:THE.HELP,The Help to win the Academy Award for Best Picture,18,3.5,Dec/14/2011 14:22:23
754185,BEST.PIC:THE.HELP,The Help to win the Academy Award for Best Picture,20,3.0,Dec/14/2011 14:22:23
754185,BEST.PIC:THE.HELP,The Help to win the Academy Award for Best Picture,10,3.0,Dec/14/2011 14:22:23
754185,BEST.PIC:THE.HELP,The Help to win the Academy Award for Best Picture,10,3.5,Dec/14/2011 14:22:23
754185,BEST.PIC:THE.HELP,The Help to win the Academy Award for Best Picture,59,2.8,Dec/14/2011 14:22:23
754185,BEST.PIC:THE.HELP,The Help to win the Academy Award for Best Picture,10,3.5,Dec/14/2011 14:22:23
754185,BEST.PIC:THE.HELP,The Help to win the Academy Award for Best Picture,10,3.0,Dec/14/2011 14:22:23
754185,BEST.PIC:THE.HELP,The Help to win the Academy Award for Best Picture,2,2.8,Dec/14/2011 14:22:23
754185,BEST.PIC:THE.HELP,The Help to win the Academy Award for Best Picture,1,3.0,Dec/14/2011 14:22:23
754185,BEST.PIC:THE.HELP,The Help to win the Academy Award for Best Picture,4,3.0,Dec/14/2011 16:48:04
754185,BEST.PIC:THE.HELP,The Help to win the Academy Award for Best Picture,3,3.1,Dec/14/2011 18:46:44
754185,BEST.PIC:THE.HELP,The Help to win the Academy Award for Best Picture,2,3.5,Dec/14/2011 19:32:24
754185,BEST.PIC:THE.HELP,The Help to win the Academy Award for Best Picture,5,3.5,Dec/14/2011 19:32:24
754185,BEST.PIC:THE.HELP,The Help to win the Academy Award for Best Picture,5,3.5,Dec/14/2011 19:32:24
754185,BEST.PIC:THE.HELP,The Help to win the Academy Award for Best Picture,1,3.5,Dec/14/2011 19:32:24
754185,BEST.PIC:THE.HELP,The Help to win the Academy Award for Best Picture,5,3.6,Dec/14/2011 19:53:46
754185,BEST.PIC:THE.HELP,The Help to win the Academy Award for Best Picture,5,3.6,Dec/14/2011 19:53:46
754185,BEST.PIC:THE.HELP,The Help to win the Academy Award for Best Picture,5,3.7,Dec/14/2011 20:37:09
754185,BEST.PIC:THE.HELP,The Help to win the Academy Award for Best Picture,1,3.7,Dec/14/2011 20:37:09
754185,BEST.PIC:THE.HELP,The Help to win the Academy Award for Best Picture,5,3.7,Dec/14/2011 20:37:09
754185,BEST.PIC:THE.HELP,The Help to win the Academy Award for Best Picture,5,3.8,Dec/14/2011 20:37:23
754185,BEST.PIC:THE.HELP,The Help to win the Academy Award for Best Picture,5,3.8,Dec/14/2011 20:37:23
754185,BEST.PIC:THE.HELP,The Help to win the Academy Award for Best Picture,1,4.0,Dec/14/2011 20:37:35
754185,BEST.PIC:THE.HELP,The Help to win the Academy Award for Best Picture,1,4.0,Dec/14/2011 20:42:36
754185,BEST.PIC:THE.HELP,The Help to win the Academy Award for Best Picture,9,4.0,Dec/14/2011 20:42:36
754185,BEST.PIC:THE.HELP,The Help to win the Academy Award for Best Picture,1,4.5,Dec/14/2011 20:42:49
754185,BEST.PIC:THE.HELP,The Help to win the Academy Award for Best Picture,9,4.5,Dec/14/2011 20:43:50
754185,BEST.PIC:THE.HELP,The Help to win the Academy Award for Best Picture,3,4.5,Dec/14/2011 20:43:50
754185,BEST.PIC:THE.HELP,The Help to win the Academy Award for Best Picture,1,5.0,Dec/14/2011 20:43:59
754185,BEST.PIC:THE.HELP,The Help to win the Academy Award for Best Picture,9,5.0,Dec/14/2011 20:48:14
754185,BEST.PIC:THE.HELP,The Help to win the Academy Award for Best Picture,1,5.0,Dec/14/2011 20:48:14
754185,BEST.PIC:THE.HELP,The Help to win the Academy Award for Best Picture,1,5.0,Dec/14/2011 20:49:59
754185,BEST.PIC:THE.HELP,The Help to win the Academy Award for Best Picture,1,6.0,Dec/14/2011 20:50:09
754185,BEST.PIC:THE.HELP,The Help to win the Academy Award for Best Picture,1,5.5,Dec/15/2011 05:53:08
754185,BEST.PIC:THE.HELP,The Help to win the Academy Award for Best Picture,10,5.5,Dec/15/2011 05:53:08
754185,BEST.PIC:THE.HELP,The Help to win the Academy Award for Best Picture,5,5.8,Dec/15/2011 07:50:24
754185,BEST.PIC:THE.HELP,The Help to win the Academy Award for Best Picture,9,6.0,Dec/15/2011 07:51:02
754185,BEST.PIC:THE.HELP,The Help to win the Academy Award for Best Picture,1,5.9,Dec/15/2011 07:51:02
754185,BEST.PIC:THE.HELP,The Help to win the Academy Award for Best Picture,5,6.0,Dec/15/2011 16:13:24
754185,BEST.PIC:THE.HELP,The Help to win the Academy Award for Best Picture,7,6.0,Dec/15/2011 16:13:24
754185,BEST.PIC:THE.HELP,The Help to win the Academy Award for Best Picture,1,6.0,Dec/15/2011 17:49:13
754185,BEST.PIC:THE.HELP,The Help to win the Academy Award for Best Picture,3,6.0,Dec/15/2011 17:49:13
754185,BEST.PIC:THE.HELP,The Help to win the Academy Award for Best Picture,1,6.4,Dec/15/2011 17:49:22
754185,BEST.PIC:THE.HELP,The Help to win the Academy Award for Best Picture,1,6.4,Dec/15/2011 18:01:11
754185,BEST.PIC:THE.HELP,The Help to win the Academy Award for Best Picture,1,6.5,Dec/15/2011 18:01:35
754185,BEST.PIC:THE.HELP,The Help to win the Academy Award for Best Picture,30,5.0,Dec/17/2011 16:52:28
754185,BEST.PIC:THE.HELP,The Help to win the Academy Award for Best Picture,1,5.0,Dec/18/2011 20:55:36
754185,BEST.PIC:THE.HELP,The Help to win the Academy Award for Best Picture,45,3.2,Dec/19/2011 17:58:00
754185,BEST.PIC:THE.HELP,The Help to win the Academy Award for Best Picture,30,3.2,Dec/19/2011 18:43:39
754185,BEST.PIC:THE.HELP,The Help to win the Academy Award for Best Picture,1,3.2,Dec/20/2011 04:32:19
754185,BEST.PIC:THE.HELP,The Help to win the Academy Award for Best Picture,18,3.2,Dec/20/2011 04:32:19
754185,BEST.PIC:THE.HELP,The Help to win the Academy Award for Best Picture,20,3.4,Dec/20/2011 04:32:38
754185,BEST.PIC:THE.HELP,The Help to win the Academy Award for Best Picture,1,3.4,Dec/20/2011 04:32:38
754185,BEST.PIC:THE.HELP,The Help to win the Academy Award for Best Picture,1,3.5,Dec/20/2011 05:03:33
754185,BEST.PIC:THE.HELP,The Help to win the Academy Award for Best Picture,20,3.5,Dec/20/2011 05:03:33
754185,BEST.PIC:THE.HELP,The Help to win the Academy Award for Best Picture,1,3.8,Dec/20/2011 05:03:46
754185,BEST.PIC:THE.HELP,The Help to win the Academy Award for Best Picture,10,3.8,Dec/20/2011 05:03:46
754185,BEST.PIC:THE.HELP,The Help to win the Academy Award for Best Picture,10,4.0,Dec/20/2011 05:04:01
754185,BEST.PIC:THE.HELP,The Help to win the Academy Award for Best Picture,1,4.0,Dec/20/2011 05:04:01
754185,BEST.PIC:THE.HELP,The Help to win the Academy Award for Best Picture,10,4.5,Dec/20/2011 16:15:31
754185,BEST.PIC:THE.HELP,The Help to win the Academy Award for Best Picture,10,4.4,Dec/20/2011 16:15:31
754185,BEST.PIC:THE.HELP,The Help to win the Academy Award for Best Picture,10,4.8,Dec/20/2011 16:15:31
754185,BEST.PIC:THE.HELP,The Help to win the Academy Award for Best Picture,10,4.5,Dec/20/2011 16:15:31
754185,BEST.PIC:THE.HELP,The Help to win the Academy Award for Best Picture,10,4.6,Dec/20/2011 16:15:31
754185,BEST.PIC:THE.HELP,The Help to win the Academy Award for Best Picture,10,4.0,Dec/22/2011 21:37:24
754185,BEST.PIC:THE.HELP,The Help to win the Academy Award for Best Picture,5,4.0,Dec/22/2011 21:37:24
754185,BEST.PIC:THE.HELP,The Help to win the Academy Award for Best Picture,1,4.0,Dec/23/2011 05:18:18
754185,BEST.PIC:THE.HELP,The Help to win the Academy Award for Best Picture,4,4.0,Dec/24/2011 06:45:40
754185,BEST.PIC:THE.HELP,The Help to win the Academy Award for Best Picture,1,4.5,Dec/24/2011 06:46:10
754185,BEST.PIC:THE.HELP,The Help to win the Academy Award for Best Picture,10,4.5,Dec/24/2011 06:46:10
754185,BEST.PIC:THE.HELP,The Help to win the Academy Award for Best Picture,10,5.0,Dec/24/2011 06:46:38
754185,BEST.PIC:THE.HELP,The Help to win the Academy Award for Best Picture,2,5.0,Dec/24/2011 06:46:38
754185,BEST.PIC:THE.HELP,The Help to win the Academy Award for Best Picture,19,5.0,Dec/24/2011 06:46:38
754185,BEST.PIC:THE.HELP,The Help to win the Academy Award for Best Picture,1,5.5,Dec/24/2011 06:47:01
754185,BEST.PIC:THE.HELP,The Help to win the Academy Award for Best Picture,10,5.0,Dec/24/2011 22:55:29
754185,BEST.PIC:THE.HELP,The Help to win the Academy Award for Best Picture,3,3.7,Dec/25/2011 23:48:22
754185,BEST.PIC:THE.HELP,The Help to win the Academy Award for Best Picture,1,5.5,Dec/29/2011 16:06:37
754185,BEST.PIC:THE.HELP,The Help to win the Academy Award for Best Picture,9,5.5,Dec/29/2011 16:06:37
754185,BEST.PIC:THE.HELP,The Help to win the Academy Award for Best Picture,9,5.5,Dec/30/2011 00:38:22
754185,BEST.PIC:THE.HELP,The Help to win the Academy Award for Best Picture,1,5.5,Dec/30/2011 00:38:22
754185,BEST.PIC:THE.HELP,The Help to win the Academy Award for Best Picture,10,5.8,Dec/30/2011 15:14:42
754185,BEST.PIC:THE.HELP,The Help to win the Academy Award for Best Picture,15,6.0,Dec/30/2011 15:14:42
754185,BEST.PIC:THE.HELP,The Help to win the Academy Award for Best Picture,10,6.0,Dec/30/2011 15:14:42
754185,BEST.PIC:THE.HELP,The Help to win the Academy Award for Best Picture,5,6.0,Dec/30/2011 19:00:54
754185,BEST.PIC:THE.HELP,The Help to win the Academy Award for Best Picture,3,5.9,Dec/31/2011 14:50:17
754185,BEST.PIC:THE.HELP,The Help to win the Academy Award for Best Picture,2,5.9,Dec/31/2011 14:52:59
754185,BEST.PIC:THE.HELP,The Help to win the Academy Award for Best Picture,1,5.7,Jan/01/2012 05:40:14
754185,BEST.PIC:THE.HELP,The Help to win the Academy Award for Best Picture,1,6.0,Jan/02/2012 16:44:50
754185,BEST.PIC:THE.HELP,The Help to win the Academy Award for Best Picture,1,6.0,Jan/03/2012 05:44:41
754185,BEST.PIC:THE.HELP,The Help to win the Academy Award for Best Picture,8,6.0,Jan/03/2012 18:20:22
754185,BEST.PIC:THE.HELP,The Help to win the Academy Award for Best Picture,1,6.0,Jan/05/2012 15:52:53
754185,BEST.PIC:THE.HELP,The Help to win the Academy Award for Best Picture,1,6.0,Jan/06/2012 22:29:59
754185,BEST.PIC:THE.HELP,The Help to win the Academy Award for Best Picture,9,6.0,Jan/06/2012 22:29:59
754185,BEST.PIC:THE.HELP,The Help to win the Academy Award for Best Picture,1,6.3,Jan/06/2012 22:30:39
754185,BEST.PIC:THE.HELP,The Help to win the Academy Award for Best Picture,15,6.3,Jan/06/2012 22:30:39
754185,BEST.PIC:THE.HELP,The Help to win the Academy Award for Best Picture,10,6.0,Jan/07/2012 05:11:01
754185,BEST.PIC:THE.HELP,The Help to win the Academy Award for Best Picture,27,6.0,Jan/07/2012 15:32:12
754185,BEST.PIC:THE.HELP,The Help to win the Academy Award for Best Picture,3,6.0,Jan/07/2012 21:09:38
754185,BEST.PIC:THE.HELP,The Help to win the Academy Award for Best Picture,1,6.0,Jan/07/2012 21:09:38
754185,BEST.PIC:THE.HELP,The Help to win the Academy Award for Best Picture,69,6.4,Jan/07/2012 21:12:30
754185,BEST.PIC:THE.HELP,The Help to win the Academy Award for Best Picture,75,6.4,Jan/07/2012 21:37:29
754185,BEST.PIC:THE.HELP,The Help to win the Academy Award for Best Picture,1,6.0,Jan/08/2012 17:07:36
754185,BEST.PIC:THE.HELP,The Help to win the Academy Award for Best Picture,30,6.0,Jan/08/2012 17:07:36
754185,BEST.PIC:THE.HELP,The Help to win the Academy Award for Best Picture,1,6.0,Jan/09/2012 15:25:50
754185,BEST.PIC:THE.HELP,The Help to win the Academy Award for Best Picture,30,6.0,Jan/09/2012 15:25:50
754185,BEST.PIC:THE.HELP,The Help to win the Academy Award for Best Picture,1,6.0,Jan/09/2012 17:38:20
754185,BEST.PIC:THE.HELP,The Help to win the Academy Award for Best Picture,6,5.5,Jan/09/2012 18:06:46
754185,BEST.PIC:THE.HELP,The Help to win the Academy Award for Best Picture,25,5.6,Jan/09/2012 18:06:46
754185,BEST.PIC:THE.HELP,The Help to win the Academy Award for Best Picture,68,6.0,Jan/09/2012 18:06:46
754185,BEST.PIC:THE.HELP,The Help to win the Academy Award for Best Picture,1,5.7,Jan/09/2012 18:06:46
754185,BEST.PIC:THE.HELP,The Help to win the Academy Award for Best Picture,1,5.3,Jan/09/2012 18:06:56
754185,BEST.PIC:THE.HELP,The Help to win the Academy Award for Best Picture,34,5.5,Jan/09/2012 18:06:56
754185,BEST.PIC:THE.HELP,The Help to win the Academy Award for Best Picture,1,5.5,Jan/09/2012 18:06:56
754185,BEST.PIC:THE.HELP,The Help to win the Academy Award for Best Picture,100,4.5,Jan/09/2012 18:06:56
754185,BEST.PIC:THE.HELP,The Help to win the Academy Award for Best Picture,10,4.0,Jan/09/2012 18:07:14
754185,BEST.PIC:THE.HELP,The Help to win the Academy Award for Best Picture,1,4.3,Jan/09/2012 18:07:14
754185,BEST.PIC:THE.HELP,The Help to win the Academy Award for Best Picture,1,4.1,Jan/09/2012 18:07:14
754185,BEST.PIC:THE.HELP,The Help to win the Academy Award for Best Picture,1,4.2,Jan/09/2012 18:07:14
754185,BEST.PIC:THE.HELP,The Help to win the Academy Award for Best Picture,4,3.5,Jan/09/2012 18:07:14
754185,BEST.PIC:THE.HELP,The Help to win the Academy Award for Best Picture,1,3.3,Jan/09/2012 18:07:14
754185,BEST.PIC:THE.HELP,The Help to win the Academy Award for Best Picture,1,3.1,Jan/09/2012 18:07:14
754185,BEST.PIC:THE.HELP,The Help to win the Academy Award for Best Picture,1,3.2,Jan/09/2012 18:07:14
754185,BEST.PIC:THE.HELP,The Help to win the Academy Award for Best Picture,1,6.3,Jan/09/2012 21:01:59
754185,BEST.PIC:THE.HELP,The Help to win the Academy Award for Best Picture,10,6.3,Jan/09/2012 21:01:59
754185,BEST.PIC:THE.HELP,The Help to win the Academy Award for Best Picture,30,6.4,Jan/09/2012 21:02:45
754185,BEST.PIC:THE.HELP,The Help to win the Academy Award for Best Picture,6,3.3,Jan/11/2012 00:59:16
754185,BEST.PIC:THE.HELP,The Help to win the Academy Award for Best Picture,30,4.5,Jan/11/2012 04:41:47
754185,BEST.PIC:THE.HELP,The Help to win the Academy Award for Best Picture,1,3.5,Jan/12/2012 17:40:45
754185,BEST.PIC:THE.HELP,The Help to win the Academy Award for Best Picture,10,3.5,Jan/12/2012 17:40:45
754185,BEST.PIC:THE.HELP,The Help to win the Academy Award for Best Picture,1,3.5,Jan/13/2012 00:59:54
754185,BEST.PIC:THE.HELP,The Help to win the Academy Award for Best Picture,10,3.5,Jan/13/2012 00:59:54
754185,BEST.PIC:THE.HELP,The Help to win the Academy Award for Best Picture,10,3.1,Jan/13/2012 02:41:57
754185,BEST.PIC:THE.HELP,The Help to win the Academy Award for Best Picture,1,3.1,Jan/13/2012 02:41:57
754185,BEST.PIC:THE.HELP,The Help to win the Academy Award for Best Picture,125,3.1,Jan/13/2012 02:41:57
754185,BEST.PIC:THE.HELP,The Help to win the Academy Award for Best Picture,30,3.5,Jan/13/2012 13:51:32
754185,BEST.PIC:THE.HELP,The Help to win the Academy Award for Best Picture,1,3.5,Jan/13/2012 13:51:32
754185,BEST.PIC:THE.HELP,The Help to win the Academy Award for Best Picture,10,3.5,Jan/13/2012 13:51:32
754185,BEST.PIC:THE.HELP,The Help to win the Academy Award for Best Picture,22,3.7,Jan/13/2012 22:56:09
754185,BEST.PIC:THE.HELP,The Help to win the Academy Award for Best Picture,40,3.5,Jan/13/2012 22:56:09
754185,BEST.PIC:THE.HELP,The Help to win the Academy Award for Best Picture,1,3.7,Jan/13/2012 22:56:09
754185,BEST.PIC:THE.HELP,The Help to win the Academy Award for Best Picture,1,3.5,Jan/13/2012 22:56:09
754185,BEST.PIC:THE.HELP,The Help to win the Academy Award for Best Picture,20,3.0,Jan/14/2012 22:22:39
754185,BEST.PIC:THE.HELP,The Help to win the Academy Award for Best Picture,20,2.4,Jan/16/2012 03:58:52
754185,BEST.PIC:THE.HELP,The Help to win the Academy Award for Best Picture,5,2.4,Jan/16/2012 04:04:50
754185,BEST.PIC:THE.HELP,The Help to win the Academy Award for Best Picture,12,2.0,Jan/16/2012 04:04:50
754185,BEST.PIC:THE.HELP,The Help to win the Academy Award for Best Picture,1,2.2,Jan/16/2012 04:04:50
754185,BEST.PIC:THE.HELP,The Help to win the Academy Award for Best Picture,15,2.0,Jan/16/2012 04:04:50
754185,BEST.PIC:THE.HELP,The Help to win the Academy Award for Best Picture,30,3.0,Jan/16/2012 06:01:26
754185,BEST.PIC:THE.HELP,The Help to win the Academy Award for Best Picture,1,3.0,Jan/16/2012 06:01:26
754185,BEST.PIC:THE.HELP,The Help to win the Academy Award for Best Picture,20,2.3,Jan/16/2012 16:42:16
754185,BEST.PIC:THE.HELP,The Help to win the Academy Award for Best Picture,1,2.3,Jan/16/2012 18:07:56
754185,BEST.PIC:THE.HELP,The Help to win the Academy Award for Best Picture,20,2.5,Jan/16/2012 20:12:10
754185,BEST.PIC:THE.HELP,The Help to win the Academy Award for Best Picture,2,2.4,Jan/17/2012 17:14:13
754185,BEST.PIC:THE.HELP,The Help to win the Academy Award for Best Picture,34,2.3,Jan/17/2012 22:07:43
754185,BEST.PIC:THE.HELP,The Help to win the Academy Award for Best Picture,8,2.4,Jan/17/2012 22:07:43
754185,BEST.PIC:THE.HELP,The Help to win the Academy Award for Best Picture,5,2.0,Jan/17/2012 23:19:10
754185,BEST.PIC:THE.HELP,The Help to win the Academy Award for Best Picture,4,2.1,Jan/19/2012 17:38:19
754185,BEST.PIC:THE.HELP,The Help to win the Academy Award for Best Picture,57,2.0,Jan/19/2012 17:39:25
754185,BEST.PIC:THE.HELP,The Help to win the Academy Award for Best Picture,25,2.0,Jan/19/2012 17:40:45
754185,BEST.PIC:THE.HELP,The Help to win the Academy Award for Best Picture,1,3.0,Jan/19/2012 22:56:19
754185,BEST.PIC:THE.HELP,The Help to win the Academy Award for Best Picture,8,2.2,Jan/20/2012 14:54:20
754185,BEST.PIC:THE.HELP,The Help to win the Academy Award for Best Picture,7,2.2,Jan/21/2012 02:03:43
754185,BEST.PIC:THE.HELP,The Help to win the Academy Award for Best Picture,68,2.2,Jan/21/2012 02:03:43
754185,BEST.PIC:THE.HELP,The Help to win the Academy Award for Best Picture,10,3.0,Jan/21/2012 20:16:41
754185,BEST.PIC:THE.HELP,The Help to win the Academy Award for Best Picture,1,2.2,Jan/21/2012 21:18:17
754185,BEST.PIC:THE.HELP,The Help to win the Academy Award for Best Picture,1,3.0,Jan/21/2012 23:51:31
754185,BEST.PIC:THE.HELP,The Help to win the Academy Award for Best Picture,10,3.0,Jan/21/2012 23:51:31
754185,BEST.PIC:THE.HELP,The Help to win the Academy Award for Best Picture,9,3.0,Jan/21/2012 23:51:31
754185,BEST.PIC:THE.HELP,The Help to win the Academy Award for Best Picture,1,2.2,Jan/21/2012 23:55:06
754185,BEST.PIC:THE.HELP,The Help to win the Academy Award for Best Picture,1,2.2,Jan/21/2012 23:55:37
754185,BEST.PIC:THE.HELP,The Help to win the Academy Award for Best Picture,29,2.2,Jan/21/2012 23:58:05
754185,BEST.PIC:THE.HELP,The Help to win the Academy Award for Best Picture,51,2.0,Jan/22/2012 00:06:48
754185,BEST.PIC:THE.HELP,The Help to win the Academy Award for Best Picture,3,2.0,Jan/22/2012 08:01:12
754185,BEST.PIC:THE.HELP,The Help to win the Academy Award for Best Picture,1,3.5,Jan/24/2012 13:24:30
754185,BEST.PIC:THE.HELP,The Help to win the Academy Award for Best Picture,10,3.5,Jan/24/2012 13:24:30
754185,BEST.PIC:THE.HELP,The Help to win the Academy Award for Best Picture,1,3.5,Jan/24/2012 13:24:30
754185,BEST.PIC:THE.HELP,The Help to win the Academy Award for Best Picture,1,4.0,Jan/24/2012 14:02:14
754185,BEST.PIC:THE.HELP,The Help to win the Academy Award for Best Picture,5,2.2,Jan/24/2012 18:09:29
754185,BEST.PIC:THE.HELP,The Help to win the Academy Award for Best Picture,1,2.5,Jan/24/2012 19:29:45
754185,BEST.PIC:THE.HELP,The Help to win the Academy Award for Best Picture,20,2.5,Jan/24/2012 19:29:45
754185,BEST.PIC:THE.HELP,The Help to win the Academy Award for Best Picture,19,2.5,Jan/25/2012 20:14:14
754185,BEST.PIC:THE.HELP,The Help to win the Academy Award for Best Picture,1,2.5,Jan/25/2012 20:14:14
754185,BEST.PIC:THE.HELP,The Help to win the Academy Award for Best Picture,22,2.2,Jan/26/2012 19:14:46
754185,BEST.PIC:THE.HELP,The Help to win the Academy Award for Best Picture,4,2.5,Jan/28/2012 10:44:11
754185,BEST.PIC:THE.HELP,The Help to win the Academy Award for Best Picture,1,2.2,Jan/28/2012 14:35:13
754185,BEST.PIC:THE.HELP,The Help to win the Academy Award for Best Picture,31,2.2,Jan/28/2012 16:44:37
754185,BEST.PIC:THE.HELP,The Help to win the Academy Award for Best Picture,1,2.0,Jan/28/2012 16:48:13
754185,BEST.PIC:THE.HELP,The Help to win the Academy Award for Best Picture,11,1.8,Jan/28/2012 17:46:17
754185,BEST.PIC:THE.HELP,The Help to win the Academy Award for Best Picture,20,1.8,Jan/28/2012 18:39:50
754185,BEST.PIC:THE.HELP,The Help to win the Academy Award for Best Picture,8,1.8,Jan/28/2012 18:46:16
754185,BEST.PIC:THE.HELP,The Help to win the Academy Award for Best Picture,3,1.0,Jan/29/2012 06:25:34
754185,BEST.PIC:THE.HELP,The Help to win the Academy Award for Best Picture,4,1.5,Jan/29/2012 23:57:58
754185,BEST.PIC:THE.HELP,The Help to win the Academy Award for Best Picture,1,1.5,Jan/30/2012 00:28:11
754185,BEST.PIC:THE.HELP,The Help to win the Academy Award for Best Picture,8,1.5,Jan/30/2012 00:28:11
754185,BEST.PIC:THE.HELP,The Help to win the Academy Award for Best Picture,10,1.6,Jan/30/2012 01:13:29
754185,BEST.PIC:THE.HELP,The Help to win the Academy Award for Best Picture,3,1.7,Jan/30/2012 02:55:10
754185,BEST.PIC:THE.HELP,The Help to win the Academy Award for Best Picture,3,2.5,Jan/30/2012 02:56:36
754185,BEST.PIC:THE.HELP,The Help to win the Academy Award for Best Picture,1,1.7,Jan/30/2012 02:56:36
754185,BEST.PIC:THE.HELP,The Help to win the Academy Award for Best Picture,1,2.0,Jan/30/2012 02:56:36
754185,BEST.PIC:THE.HELP,The Help to win the Academy Award for Best Picture,7,1.7,Jan/30/2012 02:56:36
754185,BEST.PIC:THE.HELP,The Help to win the Academy Award for Best Picture,10,1.8,Jan/30/2012 02:56:36
754185,BEST.PIC:THE.HELP,The Help to win the Academy Award for Best Picture,8,2.0,Jan/30/2012 02:56:36
754185,BEST.PIC:THE.HELP,The Help to win the Academy Award for Best Picture,10,2.5,Jan/30/2012 02:56:36
754185,BEST.PIC:THE.HELP,The Help to win the Academy Award for Best Picture,6,2.5,Jan/30/2012 02:56:36
754185,BEST.PIC:THE.HELP,The Help to win the Academy Award for Best Picture,2,3.0,Jan/30/2012 02:56:46
754185,BEST.PIC:THE.HELP,The Help to win the Academy Award for Best Picture,30,3.0,Jan/30/2012 02:56:46
754185,BEST.PIC:THE.HELP,The Help to win the Academy Award for Best Picture,4,3.5,Jan/30/2012 02:58:19
754185,BEST.PIC:THE.HELP,The Help to win the Academy Award for Best Picture,16,3.5,Jan/30/2012 03:00:51
754185,BEST.PIC:THE.HELP,The Help to win the Academy Award for Best Picture,3,3.5,Jan/30/2012 03:00:51
754185,BEST.PIC:THE.HELP,The Help to win the Academy Award for Best Picture,1,3.4,Jan/30/2012 03:00:51
754185,BEST.PIC:THE.HELP,The Help to win the Academy Award for Best Picture,4,4.0,Jan/30/2012 03:01:03
754185,BEST.PIC:THE.HELP,The Help to win the Academy Award for Best Picture,2,4.0,Jan/30/2012 03:02:07
754185,BEST.PIC:THE.HELP,The Help to win the Academy Award for Best Picture,25,4.0,Jan/30/2012 03:02:07
754185,BEST.PIC:THE.HELP,The Help to win the Academy Award for Best Picture,4,3.5,Jan/30/2012 03:39:56
754185,BEST.PIC:THE.HELP,The Help to win the Academy Award for Best Picture,6,3.5,Jan/30/2012 03:46:22
754185,BEST.PIC:THE.HELP,The Help to win the Academy Award for Best Picture,8,4.0,Jan/30/2012 04:32:36
754185,BEST.PIC:THE.HELP,The Help to win the Academy Award for Best Picture,2,4.0,Jan/30/2012 16:58:02
754185,BEST.PIC:THE.HELP,The Help to win the Academy Award for Best Picture,1,4.0,Jan/30/2012 16:58:02
754185,BEST.PIC:THE.HELP,The Help to win the Academy Award for Best Picture,10,4.3,Jan/30/2012 17:07:44
754185,BEST.PIC:THE.HELP,The Help to win the Academy Award for Best Picture,10,4.0,Jan/30/2012 18:36:02
754185,BEST.PIC:THE.HELP,The Help to win the Academy Award for Best Picture,1,3.8,Jan/30/2012 18:38:56
754185,BEST.PIC:THE.HELP,The Help to win the Academy Award for Best Picture,5,4.0,Jan/30/2012 19:57:38
754185,BEST.PIC:THE.HELP,The Help to win the Academy Award for Best Picture,1,4.0,Jan/30/2012 19:57:38
754185,BEST.PIC:THE.HELP,The Help to win the Academy Award for Best Picture,10,4.2,Jan/30/2012 19:58:00
754185,BEST.PIC:THE.HELP,The Help to win the Academy Award for Best Picture,1,4.2,Jan/30/2012 19:58:00
754185,BEST.PIC:THE.HELP,The Help to win the Academy Award for Best Picture,15,4.0,Jan/30/2012 20:17:26
754185,BEST.PIC:THE.HELP,The Help to win the Academy Award for Best Picture,50,4.0,Jan/30/2012 22:38:30
754185,BEST.PIC:THE.HELP,The Help to win the Academy Award for Best Picture,1,4.3,Jan/31/2012 03:18:45
754185,BEST.PIC:THE.HELP,The Help to win the Academy Award for Best Picture,7,2.8,Jan/31/2012 07:57:40
754185,BEST.PIC:THE.HELP,The Help to win the Academy Award for Best Picture,10,4.0,Jan/31/2012 15:33:26
754185,BEST.PIC:THE.HELP,The Help to win the Academy Award for Best Picture,15,2.9,Jan/31/2012 19:39:56
754185,BEST.PIC:THE.HELP,The Help to win the Academy Award for Best Picture,10,2.8,Jan/31/2012 19:40:05
754185,BEST.PIC:THE.HELP,The Help to win the Academy Award for Best Picture,8,2.8,Jan/31/2012 19:40:05
754185,BEST.PIC:THE.HELP,The Help to win the Academy Award for Best Picture,3,3.5,Feb/01/2012 07:02:25
754185,BEST.PIC:THE.HELP,The Help to win the Academy Award for Best Picture,2,3.5,Feb/01/2012 15:13:01
754185,BEST.PIC:THE.HELP,The Help to win the Academy Award for Best Picture,1,3.0,Feb/01/2012 16:22:46
754185,BEST.PIC:THE.HELP,The Help to win the Academy Award for Best Picture,3,3.0,Feb/02/2012 03:18:58
754185,BEST.PIC:THE.HELP,The Help to win the Academy Award for Best Picture,10,3.0,Feb/02/2012 04:09:15
754185,BEST.PIC:THE.HELP,The Help to win the Academy Award for Best Picture,3,3.0,Feb/02/2012 04:10:26
754185,BEST.PIC:THE.HELP,The Help to win the Academy Award for Best Picture,3,3.0,Feb/02/2012 04:11:53
754185,BEST.PIC:THE.HELP,The Help to win the Academy Award for Best Picture,1,2.7,Feb/02/2012 07:27:09
754185,BEST.PIC:THE.HELP,The Help to win the Academy Award for Best Picture,1,3.0,Feb/02/2012 11:09:03
754185,BEST.PIC:THE.HELP,The Help to win the Academy Award for Best Picture,6,3.0,Feb/02/2012 17:29:36
754185,BEST.PIC:THE.HELP,The Help to win the Academy Award for Best Picture,1,3.0,Feb/02/2012 17:29:36
754185,BEST.PIC:THE.HELP,The Help to win the Academy Award for Best Picture,10,3.0,Feb/03/2012 09:34:02
754185,BEST.PIC:THE.HELP,The Help to win the Academy Award for Best Picture,1,3.0,Feb/03/2012 09:34:02
754185,BEST.PIC:THE.HELP,The Help to win the Academy Award for Best Picture,7,3.5,Feb/03/2012 10:07:10
754185,BEST.PIC:THE.HELP,The Help to win the Academy Award for Best Picture,5,3.5,Feb/03/2012 10:07:10
754185,BEST.PIC:THE.HELP,The Help to win the Academy Award for Best Picture,1,3.5,Feb/03/2012 18:01:26
754185,BEST.PIC:THE.HELP,The Help to win the Academy Award for Best Picture,3,3.5,Feb/03/2012 18:01:26
754185,BEST.PIC:THE.HELP,The Help to win the Academy Award for Best Picture,10,3.5,Feb/03/2012 18:05:39
754185,BEST.PIC:THE.HELP,The Help to win the Academy Award for Best Picture,10,3.5,Feb/03/2012 18:06:52
754185,BEST.PIC:THE.HELP,The Help to win the Academy Award for Best Picture,1,3.5,Feb/03/2012 21:34:34
754185,BEST.PIC:THE.HELP,The Help to win the Academy Award for Best Picture,1,3.5,Feb/04/2012 00:35:23
754185,BEST.PIC:THE.HELP,The Help to win the Academy Award for Best Picture,1,3.6,Feb/04/2012 00:35:43
754185,BEST.PIC:THE.HELP,The Help to win the Academy Award for Best Picture,1,3.9,Feb/04/2012 00:36:58
754185,BEST.PIC:THE.HELP,The Help to win the Academy Award for Best Picture,1,3.8,Feb/04/2012 01:17:43
754185,BEST.PIC:THE.HELP,The Help to win the Academy Award for Best Picture,1,3.7,Feb/04/2012 01:17:43
754185,BEST.PIC:THE.HELP,The Help to win the Academy Award for Best Picture,10,3.6,Feb/04/2012 01:17:43
754185,BEST.PIC:THE.HELP,The Help to win the Academy Award for Best Picture,21,3.5,Feb/04/2012 05:11:42
754185,BEST.PIC:THE.HELP,The Help to win the Academy Award for Best Picture,1,3.6,Feb/04/2012 05:11:42
754185,BEST.PIC:THE.HELP,The Help to win the Academy Award for Best Picture,1,3.1,Feb/06/2012 23:09:53
754185,BEST.PIC:THE.HELP,The Help to win the Academy Award for Best Picture,10,3.0,Feb/07/2012 02:53:47
754185,BEST.PIC:THE.HELP,The Help to win the Academy Award for Best Picture,1,3.1,Feb/07/2012 14:30:12
754185,BEST.PIC:THE.HELP,The Help to win the Academy Award for Best Picture,3,3.1,Feb/07/2012 17:28:52
754185,BEST.PIC:THE.HELP,The Help to win the Academy Award for Best Picture,1,3.1,Feb/07/2012 17:28:52
754185,BEST.PIC:THE.HELP,The Help to win the Academy Award for Best Picture,1,3.4,Feb/08/2012 00:58:09
754185,BEST.PIC:THE.HELP,The Help to win the Academy Award for Best Picture,6,3.1,Feb/08/2012 06:10:43
754185,BEST.PIC:THE.HELP,The Help to win the Academy Award for Best Picture,1,3.1,Feb/09/2012 00:57:51
754185,BEST.PIC:THE.HELP,The Help to win the Academy Award for Best Picture,41,3.1,Feb/09/2012 00:57:51
754185,BEST.PIC:THE.HELP,The Help to win the Academy Award for Best Picture,1,3.0,Feb/09/2012 06:01:19
754185,BEST.PIC:THE.HELP,The Help to win the Academy Award for Best Picture,19,3.0,Feb/09/2012 06:01:19
754185,BEST.PIC:THE.HELP,The Help to win the Academy Award for Best Picture,20,3.1,Feb/09/2012 10:48:12
754185,BEST.PIC:THE.HELP,The Help to win the Academy Award for Best Picture,50,3.1,Feb/09/2012 19:59:22
754185,BEST.PIC:THE.HELP,The Help to win the Academy Award for Best Picture,40,3.1,Feb/10/2012 22:31:01
754185,BEST.PIC:THE.HELP,The Help to win the Academy Award for Best Picture,20,3.1,Feb/10/2012 22:31:01
754185,BEST.PIC:THE.HELP,The Help to win the Academy Award for Best Picture,10,3.0,Feb/10/2012 23:06:02
754185,BEST.PIC:THE.HELP,The Help to win the Academy Award for Best Picture,1,3.0,Feb/10/2012 23:06:02
754185,BEST.PIC:THE.HELP,The Help to win the Academy Award for Best Picture,57,3.0,Feb/11/2012 00:04:56
754185,BEST.PIC:THE.HELP,The Help to win the Academy Award for Best Picture,10,3.0,Feb/11/2012 22:54:13
754185,BEST.PIC:THE.HELP,The Help to win the Academy Award for Best Picture,9,2.9,Feb/12/2012 00:50:05
754185,BEST.PIC:THE.HELP,The Help to win the Academy Award for Best Picture,1,3.0,Feb/12/2012 02:12:06
754185,BEST.PIC:THE.HELP,The Help to win the Academy Award for Best Picture,23,3.0,Feb/12/2012 03:48:59
754185,BEST.PIC:THE.HELP,The Help to win the Academy Award for Best Picture,16,3.0,Feb/12/2012 05:20:07
754185,BEST.PIC:THE.HELP,The Help to win the Academy Award for Best Picture,1,3.0,Feb/12/2012 05:20:07
754185,BEST.PIC:THE.HELP,The Help to win the Academy Award for Best Picture,1,3.0,Feb/12/2012 08:37:36
754185,BEST.PIC:THE.HELP,The Help to win the Academy Award for Best Picture,5,3.2,Feb/12/2012 16:57:39
754185,BEST.PIC:THE.HELP,The Help to win the Academy Award for Best Picture,16,3.0,Feb/12/2012 22:18:58
754185,BEST.PIC:THE.HELP,The Help to win the Academy Award for Best Picture,4,3.0,Feb/12/2012 22:21:49
754185,BEST.PIC:THE.HELP,The Help to win the Academy Award for Best Picture,11,3.0,Feb/12/2012 22:24:00
754185,BEST.PIC:THE.HELP,The Help to win the Academy Award for Best Picture,2,3.0,Feb/12/2012 22:25:18
754185,BEST.PIC:THE.HELP,The Help to win the Academy Award for Best Picture,9,3.0,Feb/12/2012 22:30:49
754185,BEST.PIC:THE.HELP,The Help to win the Academy Award for Best Picture,1,2.8,Feb/12/2012 22:30:49
754185,BEST.PIC:THE.HELP,The Help to win the Academy Award for Best Picture,1,2.9,Feb/12/2012 22:30:49
754185,BEST.PIC:THE.HELP,The Help to win the Academy Award for Best Picture,1,3.2,Feb/12/2012 22:47:05
754185,BEST.PIC:THE.HELP,The Help to win the Academy Award for Best Picture,5,3.2,Feb/12/2012 22:47:05
754185,BEST.PIC:THE.HELP,The Help to win the Academy Award for Best Picture,2,3.2,Feb/12/2012 23:24:13
754185,BEST.PIC:THE.HELP,The Help to win the Academy Award for Best Picture,9,3.3,Feb/12/2012 23:52:22
754185,BEST.PIC:THE.HELP,The Help to win the Academy Award for Best Picture,2,3.2,Feb/13/2012 00:14:44
754185,BEST.PIC:THE.HELP,The Help to win the Academy Award for Best Picture,9,2.7,Feb/13/2012 00:14:44
754185,BEST.PIC:THE.HELP,The Help to win the Academy Award for Best Picture,7,2.8,Feb/13/2012 00:14:44
754185,BEST.PIC:THE.HELP,The Help to win the Academy Award for Best Picture,5,2.7,Feb/13/2012 00:14:44
754185,BEST.PIC:THE.HELP,The Help to win the Academy Award for Best Picture,1,2.6,Feb/13/2012 05:16:18
754185,BEST.PIC:THE.HELP,The Help to win the Academy Award for Best Picture,17,2.6,Feb/13/2012 05:16:18
754185,BEST.PIC:THE.HELP,The Help to win the Academy Award for Best Picture,1,2.9,Feb/13/2012 17:14:30
754185,BEST.PIC:THE.HELP,The Help to win the Academy Award for Best Picture,20,2.9,Feb/13/2012 17:14:30
754185,BEST.PIC:THE.HELP,The Help to win the Academy Award for Best Picture,20,3.0,Feb/13/2012 17:15:38
754185,BEST.PIC:THE.HELP,The Help to win the Academy Award for Best Picture,29,3.2,Feb/13/2012 17:16:58
754185,BEST.PIC:THE.HELP,The Help to win the Academy Award for Best Picture,6,3.2,Feb/13/2012 19:00:16
754185,BEST.PIC:THE.HELP,The Help to win the Academy Award for Best Picture,1,3.2,Feb/13/2012 19:00:16
754185,BEST.PIC:THE.HELP,The Help to win the Academy Award for Best Picture,3,3.2,Feb/13/2012 19:00:16
754185,BEST.PIC:THE.HELP,The Help to win the Academy Award for Best Picture,10,3.0,Feb/13/2012 22:02:14
754185,BEST.PIC:THE.HELP,The Help to win the Academy Award for Best Picture,32,2.6,Feb/13/2012 22:02:14
754185,BEST.PIC:THE.HELP,The Help to win the Academy Award for Best Picture,10,3.1,Feb/13/2012 22:46:50
754185,BEST.PIC:THE.HELP,The Help to win the Academy Award for Best Picture,1,3.1,Feb/13/2012 22:46:50
754185,BEST.PIC:THE.HELP,The Help to win the Academy Award for Best Picture,39,3.1,Feb/13/2012 22:46:50
754185,BEST.PIC:THE.HELP,The Help to win the Academy Award for Best Picture,1,3.1,Feb/14/2012 02:44:58
754185,BEST.PIC:THE.HELP,The Help to win the Academy Award for Best Picture,10,2.6,Feb/14/2012 05:18:50
754185,BEST.PIC:THE.HELP,The Help to win the Academy Award for Best Picture,12,2.5,Feb/14/2012 05:19:26
754185,BEST.PIC:THE.HELP,The Help to win the Academy Award for Best Picture,1,2.8,Feb/16/2012 04:51:46
754185,BEST.PIC:THE.HELP,The Help to win the Academy Award for Best Picture,76,3.1,Feb/16/2012 04:51:46
754185,BEST.PIC:THE.HELP,The Help to win the Academy Award for Best Picture,1,2.6,Feb/16/2012 04:51:46
754185,BEST.PIC:THE.HELP,The Help to win the Academy Award for Best Picture,1,2.6,Feb/16/2012 04:51:46
754185,BEST.PIC:THE.HELP,The Help to win the Academy Award for Best Picture,10,3.0,Feb/16/2012 04:51:46
754185,BEST.PIC:THE.HELP,The Help to win the Academy Award for Best Picture,1,3.0,Feb/16/2012 04:51:46
754185,BEST.PIC:THE.HELP,The Help to win the Academy Award for Best Picture,10,2.8,Feb/16/2012 04:51:46
754185,BEST.PIC:THE.HELP,The Help to win the Academy Award for Best Picture,1,3.0,Feb/17/2012 00:32:12
754185,BEST.PIC:THE.HELP,The Help to win the Academy Award for Best Picture,10,2.6,Feb/17/2012 15:36:27
754185,BEST.PIC:THE.HELP,The Help to win the Academy Award for Best Picture,1,2.6,Feb/18/2012 23:02:01
754185,BEST.PIC:THE.HELP,The Help to win the Academy Award for Best Picture,10,2.7,Feb/19/2012 03:34:43
754185,BEST.PIC:THE.HELP,The Help to win the Academy Award for Best Picture,10,3.0,Feb/19/2012 07:47:59
754185,BEST.PIC:THE.HELP,The Help to win the Academy Award for Best Picture,9,3.1,Feb/19/2012 22:42:03
754185,BEST.PIC:THE.HELP,The Help to win the Academy Award for Best Picture,89,3.0,Feb/19/2012 22:42:03
754185,BEST.PIC:THE.HELP,The Help to win the Academy Award for Best Picture,1,3.0,Feb/19/2012 22:42:03
754185,BEST.PIC:THE.HELP,The Help to win the Academy Award for Best Picture,60,3.1,Feb/19/2012 22:42:03
754185,BEST.PIC:THE.HELP,The Help to win the Academy Award for Best Picture,50,3.5,Feb/20/2012 04:24:11
754185,BEST.PIC:THE.HELP,The Help to win the Academy Award for Best Picture,20,2.9,Feb/20/2012 06:11:07
754185,BEST.PIC:THE.HELP,The Help to win the Academy Award for Best Picture,3,2.8,Feb/20/2012 06:11:35
754185,BEST.PIC:THE.HELP,The Help to win the Academy Award for Best Picture,20,2.8,Feb/20/2012 06:12:17
754185,BEST.PIC:THE.HELP,The Help to win the Academy Award for Best Picture,5,2.8,Feb/21/2012 01:46:47
754185,BEST.PIC:THE.HELP,The Help to win the Academy Award for Best Picture,1,2.8,Feb/21/2012 02:12:32
754185,BEST.PIC:THE.HELP,The Help to win the Academy Award for Best Picture,1,2.8,Feb/21/2012 05:40:03
754185,BEST.PIC:THE.HELP,The Help to win the Academy Award for Best Picture,6,2.8,Feb/21/2012 08:45:15
754185,BEST.PIC:THE.HELP,The Help to win the Academy Award for Best Picture,5,2.8,Feb/21/2012 08:46:21
754185,BEST.PIC:THE.HELP,The Help to win the Academy Award for Best Picture,1,2.8,Feb/21/2012 08:47:23
754185,BEST.PIC:THE.HELP,The Help to win the Academy Award for Best Picture,3,2.8,Feb/21/2012 08:48:15
754185,BEST.PIC:THE.HELP,The Help to win the Academy Award for Best Picture,9,2.8,Feb/21/2012 08:49:18
754185,BEST.PIC:THE.HELP,The Help to win the Academy Award for Best Picture,1,2.8,Feb/21/2012 08:51:18
754185,BEST.PIC:THE.HELP,The Help to win the Academy Award for Best Picture,5,2.8,Feb/21/2012 08:51:39
754185,BEST.PIC:THE.HELP,The Help to win the Academy Award for Best Picture,6,2.8,Feb/21/2012 08:52:29
754185,BEST.PIC:THE.HELP,The Help to win the Academy Award for Best Picture,7,2.8,Feb/21/2012 08:53:30
754185,BEST.PIC:THE.HELP,The Help to win the Academy Award for Best Picture,2,2.8,Feb/21/2012 08:54:31
754185,BEST.PIC:THE.HELP,The Help to win the Academy Award for Best Picture,4,2.8,Feb/21/2012 08:55:32
754185,BEST.PIC:THE.HELP,The Help to win the Academy Award for Best Picture,1,2.8,Feb/21/2012 08:56:32
754185,BEST.PIC:THE.HELP,The Help to win the Academy Award for Best Picture,7,2.6,Feb/21/2012 08:56:32
754185,BEST.PIC:THE.HELP,The Help to win the Academy Award for Best Picture,4,2.6,Feb/21/2012 08:57:37
754185,BEST.PIC:THE.HELP,The Help to win the Academy Award for Best Picture,3,2.6,Feb/21/2012 08:58:29
754185,BEST.PIC:THE.HELP,The Help to win the Academy Award for Best Picture,5,2.6,Feb/21/2012 08:59:32
754185,BEST.PIC:THE.HELP,The Help to win the Academy Award for Best Picture,1,2.6,Feb/21/2012 09:00:33
754185,BEST.PIC:THE.HELP,The Help to win the Academy Award for Best Picture,1,2.5,Feb/21/2012 09:23:51
754185,BEST.PIC:THE.HELP,The Help to win the Academy Award for Best Picture,5,2.6,Feb/21/2012 15:58:43
754185,BEST.PIC:THE.HELP,The Help to win the Academy Award for Best Picture,1,2.6,Feb/21/2012 15:58:43
754185,BEST.PIC:THE.HELP,The Help to win the Academy Award for Best Picture,5,2.7,Feb/22/2012 10:26:12
754185,BEST.PIC:THE.HELP,The Help to win the Academy Award for Best Picture,1,2.7,Feb/22/2012 10:26:12
754185,BEST.PIC:THE.HELP,The Help to win the Academy Award for Best Picture,5,2.8,Feb/22/2012 10:26:51
754185,BEST.PIC:THE.HELP,The Help to win the Academy Award for Best Picture,5,2.7,Feb/22/2012 16:16:47
754185,BEST.PIC:THE.HELP,The Help to win the Academy Award for Best Picture,5,2.7,Feb/22/2012 16:17:25
754185,BEST.PIC:THE.HELP,The Help to win the Academy Award for Best Picture,10,2.7,Feb/22/2012 23:44:39
754185,BEST.PIC:THE.HELP,The Help to win the Academy Award for Best Picture,5,2.6,Feb/23/2012 02:11:50
754185,BEST.PIC:THE.HELP,The Help to win the Academy Award for Best Picture,6,2.6,Feb/23/2012 02:12:08
754185,BEST.PIC:THE.HELP,The Help to win the Academy Award for Best Picture,5,2.6,Feb/23/2012 02:32:15
754185,BEST.PIC:THE.HELP,The Help to win the Academy Award for Best Picture,5,2.6,Feb/23/2012 03:15:30
754185,BEST.PIC:THE.HELP,The Help to win the Academy Award for Best Picture,5,2.6,Feb/23/2012 04:37:55
754185,BEST.PIC:THE.HELP,The Help to win the Academy Award for Best Picture,5,2.6,Feb/23/2012 04:49:55
754185,BEST.PIC:THE.HELP,The Help to win the Academy Award for Best Picture,2,2.6,Feb/23/2012 05:41:13
754185,BEST.PIC:THE.HELP,The Help to win the Academy Award for Best Picture,1,2.8,Feb/23/2012 07:08:59
754185,BEST.PIC:THE.HELP,The Help to win the Academy Award for Best Picture,20,2.8,Feb/23/2012 07:08:59
754185,BEST.PIC:THE.HELP,The Help to win the Academy Award for Best Picture,47,2.9,Feb/23/2012 07:09:36
754185,BEST.PIC:THE.HELP,The Help to win the Academy Award for Best Picture,20,2.8,Feb/23/2012 07:37:33
754185,BEST.PIC:THE.HELP,The Help to win the Academy Award for Best Picture,2,2.7,Feb/23/2012 18:18:53
754185,BEST.PIC:THE.HELP,The Help to win the Academy Award for Best Picture,1,2.6,Feb/24/2012 00:28:06
754185,BEST.PIC:THE.HELP,The Help to win the Academy Award for Best Picture,8,2.7,Feb/24/2012 01:59:11
754185,BEST.PIC:THE.HELP,The Help to win the Academy Award for Best Picture,7,2.7,Feb/24/2012 01:59:11
754185,BEST.PIC:THE.HELP,The Help to win the Academy Award for Best Picture,1,2.7,Feb/24/2012 01:59:11
754185,BEST.PIC:THE.HELP,The Help to win the Academy Award for Best Picture,5,2.6,Feb/24/2012 09:57:46
754185,BEST.PIC:THE.HELP,The Help to win the Academy Award for Best Picture,10,2.5,Feb/24/2012 14:33:59
754185,BEST.PIC:THE.HELP,The Help to win the Academy Award for Best Picture,3,2.5,Feb/24/2012 14:33:59
754185,BEST.PIC:THE.HELP,The Help to win the Academy Award for Best Picture,5,2.3,Feb/24/2012 14:53:40
754185,BEST.PIC:THE.HELP,The Help to win the Academy Award for Best Picture,1,2.3,Feb/24/2012 14:53:50
754185,BEST.PIC:THE.HELP,The Help to win the Academy Award for Best Picture,5,2.3,Feb/24/2012 15:42:29
754185,BEST.PIC:THE.HELP,The Help to win the Academy Award for Best Picture,10,2.5,Feb/24/2012 20:04:04
754185,BEST.PIC:THE.HELP,The Help to win the Academy Award for Best Picture,1,2.5,Feb/24/2012 20:04:04
754185,BEST.PIC:THE.HELP,The Help to win the Academy Award for Best Picture,1,2.8,Feb/24/2012 20:04:21
754185,BEST.PIC:THE.HELP,The Help to win the Academy Award for Best Picture,10,2.8,Feb/24/2012 20:04:21
754185,BEST.PIC:THE.HELP,The Help to win the Academy Award for Best Picture,10,3.0,Feb/24/2012 20:05:01
754185,BEST.PIC:THE.HELP,The Help to win the Academy Award for Best Picture,1,3.0,Feb/24/2012 20:05:01
754185,BEST.PIC:THE.HELP,The Help to win the Academy Award for Best Picture,25,3.2,Feb/24/2012 20:06:32
754185,BEST.PIC:THE.HELP,The Help to win the Academy Award for Best Picture,1,3.2,Feb/24/2012 20:10:44
754185,BEST.PIC:THE.HELP,The Help to win the Academy Award for Best Picture,25,3.2,Feb/24/2012 20:10:44
754185,BEST.PIC:THE.HELP,The Help to win the Academy Award for Best Picture,3,3.6,Feb/24/2012 23:26:12
754185,BEST.PIC:THE.HELP,The Help to win the Academy Award for Best Picture,20,2.3,Feb/24/2012 23:28:08
754185,BEST.PIC:THE.HELP,The Help to win the Academy Award for Best Picture,20,2.3,Feb/24/2012 23:28:08
754185,BEST.PIC:THE.HELP,The Help to win the Academy Award for Best Picture,2,1.9,Feb/26/2012 01:14:52
754185,BEST.PIC:THE.HELP,The Help to win the Academy Award for Best Picture,8,2.8,Feb/26/2012 03:55:59
754185,BEST.PIC:THE.HELP,The Help to win the Academy Award for Best Picture,1,2.8,Feb/26/2012 03:55:59
754185,BEST.PIC:THE.HELP,The Help to win the Academy Award for Best Picture,10,2.8,Feb/26/2012 05:36:43
754185,BEST.PIC:THE.HELP,The Help to win the Academy Award for Best Picture,12,2.7,Feb/26/2012 05:36:58
754185,BEST.PIC:THE.HELP,The Help to win the Academy Award for Best Picture,47,3.6,Feb/26/2012 14:04:55
754185,BEST.PIC:THE.HELP,The Help to win the Academy Award for Best Picture,1,3.6,Feb/26/2012 14:04:55
754185,BEST.PIC:THE.HELP,The Help to win the Academy Award for Best Picture,2,3.6,Feb/26/2012 15:01:24
754185,BEST.PIC:THE.HELP,The Help to win the Academy Award for Best Picture,4,3.0,Feb/26/2012 18:35:24
754185,BEST.PIC:THE.HELP,The Help to win the Academy Award for Best Picture,1,2.2,Feb/26/2012 19:33:32
754185,BEST.PIC:THE.HELP,The Help to win the Academy Award for Best Picture,3,2.4,Feb/26/2012 22:07:49
754185,BEST.PIC:THE.HELP,The Help to win the Academy Award for Best Picture,8,2.5,Feb/26/2012 22:18:55
754185,BEST.PIC:THE.HELP,The Help to win the Academy Award for Best Picture,12,2.5,Feb/26/2012 22:41:18
754185,BEST.PIC:THE.HELP,The Help to win the Academy Award for Best Picture,20,2.5,Feb/26/2012 22:41:18
754185,BEST.PIC:THE.HELP,The Help to win the Academy Award for Best Picture,40,2.5,Feb/26/2012 22:41:18
754185,BEST.PIC:THE.HELP,The Help to win the Academy Award for Best Picture,10,2.6,Feb/26/2012 22:42:11
754185,BEST.PIC:THE.HELP,The Help to win the Academy Award for Best Picture,20,2.7,Feb/26/2012 22:42:40
754185,BEST.PIC:THE.HELP,The Help to win the Academy Award for Best Picture,5,2.7,Feb/26/2012 22:44:17
754185,BEST.PIC:THE.HELP,The Help to win the Academy Award for Best Picture,6,2.7,Feb/26/2012 22:44:37
754185,BEST.PIC:THE.HELP,The Help to win the Academy Award for Best Picture,1,2.7,Feb/26/2012 23:14:23
754185,BEST.PIC:THE.HELP,The Help to win the Academy Award for Best Picture,10,2.6,Feb/26/2012 23:44:20
754185,BEST.PIC:THE.HELP,The Help to win the Academy Award for Best Picture,8,2.7,Feb/26/2012 23:44:20
754185,BEST.PIC:THE.HELP,The Help to win the Academy Award for Best Picture,1,2.8,Feb/26/2012 23:44:20
754185,BEST.PIC:THE.HELP,The Help to win the Academy Award for Best Picture,1,2.5,Feb/26/2012 23:44:25
754185,BEST.PIC:THE.HELP,The Help to win the Academy Award for Best Picture,30,2.5,Feb/26/2012 23:58:00
754185,BEST.PIC:THE.HELP,The Help to win the Academy Award for Best Picture,1,2.3,Feb/27/2012 00:26:03
754185,BEST.PIC:THE.HELP,The Help to win the Academy Award for Best Picture,4,2.3,Feb/27/2012 00:29:04
754185,BEST.PIC:THE.HELP,The Help to win the Academy Award for Best Picture,5,2.1,Feb/27/2012 00:29:11
754185,BEST.PIC:THE.HELP,The Help to win the Academy Award for Best Picture,1,2.1,Feb/27/2012 00:58:39
754185,BEST.PIC:THE.HELP,The Help to win the Academy Award for Best Picture,4,2.1,Feb/27/2012 01:27:43
754185,BEST.PIC:THE.HELP,The Help to win the Academy Award for Best Picture,6,2.3,Feb/27/2012 01:28:41
754185,BEST.PIC:THE.HELP,The Help to win the Academy Award for Best Picture,4,2.8,Feb/27/2012 01:29:48
754185,BEST.PIC:THE.HELP,The Help to win the Academy Award for Best Picture,50,2.1,Feb/27/2012 02:19:23
754185,BEST.PIC:THE.HELP,The Help to win the Academy Award for Best Picture,20,2.2,Feb/27/2012 02:19:39
754185,BEST.PIC:THE.HELP,The Help to win the Academy Award for Best Picture,1,2.1,Feb/27/2012 02:30:55
754185,BEST.PIC:THE.HELP,The Help to win the Academy Award for Best Picture,1,1.1,Feb/27/2012 02:31:21
754185,BEST.PIC:THE.HELP,The Help to win the Academy Award for Best Picture,5,1.1,Feb/27/2012 02:31:59
754185,BEST.PIC:THE.HELP,The Help to win the Academy Award for Best Picture,1,1.1,Feb/27/2012 02:33:00
754185,BEST.PIC:THE.HELP,The Help to win the Academy Award for Best Picture,5,2.0,Feb/27/2012 02:33:42
754185,BEST.PIC:THE.HELP,The Help to win the Academy Award for Best Picture,1,1.1,Feb/27/2012 02:34:10
754185,BEST.PIC:THE.HELP,The Help to win the Academy Award for Best Picture,1,1.1,Feb/27/2012 02:34:49
754185,BEST.PIC:THE.HELP,The Help to win the Academy Award for Best Picture,3,1.1,Feb/27/2012 02:34:56
754185,BEST.PIC:THE.HELP,The Help to win the Academy Award for Best Picture,10,1.1,Feb/27/2012 02:35:37
754185,BEST.PIC:THE.HELP,The Help to win the Academy Award for Best Picture,1,1.4,Feb/27/2012 02:35:42
754185,BEST.PIC:THE.HELP,The Help to win the Academy Award for Best Picture,1,2.0,Feb/27/2012 02:35:42
754185,BEST.PIC:THE.HELP,The Help to win the Academy Award for Best Picture,1,1.2,Feb/27/2012 02:36:43
754185,BEST.PIC:THE.HELP,The Help to win the Academy Award for Best Picture,20,1.2,Feb/27/2012 02:38:53
754185,BEST.PIC:THE.HELP,The Help to win the Academy Award for Best Picture,1,1.1,Feb/27/2012 02:40:53
754185,BEST.PIC:THE.HELP,The Help to win the Academy Award for Best Picture,1,1.1,Feb/27/2012 02:41:53
754185,BEST.PIC:THE.HELP,The Help to win the Academy Award for Best Picture,20,1.1,Feb/27/2012 02:42:22
754185,BEST.PIC:THE.HELP,The Help to win the Academy Award for Best Picture,10,1.5,Feb/27/2012 02:47:04
754185,BEST.PIC:THE.HELP,The Help to win the Academy Award for Best Picture,1,1.5,Feb/27/2012 02:48:46
754185,BEST.PIC:THE.HELP,The Help to win the Academy Award for Best Picture,1,1.5,Feb/27/2012 02:50:00
754185,BEST.PIC:THE.HELP,The Help to win the Academy Award for Best Picture,1,1.5,Feb/27/2012 02:50:07
754185,BEST.PIC:THE.HELP,The Help to win the Academy Award for Best Picture,1,1.5,Feb/27/2012 02:51:26
754185,BEST.PIC:THE.HELP,The Help to win the Academy Award for Best Picture,5,1.7,Feb/27/2012 02:51:54
754185,BEST.PIC:THE.HELP,The Help to win the Academy Award for Best Picture,1,1.1,Feb/27/2012 02:56:44
754185,BEST.PIC:THE.HELP,The Help to win the Academy Award for Best Picture,1,1.1,Feb/27/2012 02:57:15
754185,BEST.PIC:THE.HELP,The Help to win the Academy Award for Best Picture,1,0.9,Feb/27/2012 02:59:11
754185,BEST.PIC:THE.HELP,The Help to win the Academy Award for Best Picture,1,0.9,Feb/27/2012 02:59:24
754185,BEST.PIC:THE.HELP,The Help to win the Academy Award for Best Picture,1,0.8,Feb/27/2012 02:59:46
754185,BEST.PIC:THE.HELP,The Help to win the Academy Award for Best Picture,1,0.7,Feb/27/2012 03:00:03
754185,BEST.PIC:THE.HELP,The Help to win the Academy Award for Best Picture,1,0.7,Feb/27/2012 03:00:10
754185,BEST.PIC:THE.HELP,The Help to win the Academy Award for Best Picture,1,0.7,Feb/27/2012 03:00:24
754185,BEST.PIC:THE.HELP,The Help to win the Academy Award for Best Picture,1,0.7,Feb/27/2012 03:00:45
754185,BEST.PIC:THE.HELP,The Help to win the Academy Award for Best Picture,1,0.7,Feb/27/2012 03:01:21
754185,BEST.PIC:THE.HELP,The Help to win the Academy Award for Best Picture,5,1.0,Feb/27/2012 03:07:44
754185,BEST.PIC:THE.HELP,The Help to win the Academy Award for Best Picture,1,0.7,Feb/27/2012 03:13:19
754185,BEST.PIC:THE.HELP,The Help to win the Academy Award for Best Picture,29,0.8,Feb/27/2012 03:21:57
754185,BEST.PIC:THE.HELP,The Help to win the Academy Award for Best Picture,1,0.8,Feb/27/2012 03:26:30
754185,BEST.PIC:THE.HELP,The Help to win the Academy Award for Best Picture,50,0.8,Feb/27/2012 03:31:28
754185,BEST.PIC:THE.HELP,The Help to win the Academy Award for Best Picture,15,0.8,Feb/27/2012 03:35:56
754185,BEST.PIC:THE.HELP,The Help to win the Academy Award for Best Picture,10,0.8,Feb/27/2012 03:40:18
754185,BEST.PIC:THE.HELP,The Help to win the Academy Award for Best Picture,2,0.7,Feb/27/2012 03:40:30
754185,BEST.PIC:THE.HELP,The Help to win the Academy Award for Best Picture,5,0.8,Feb/27/2012 03:42:43
754185,BEST.PIC:THE.HELP,The Help to win the Academy Award for Best Picture,4,1.0,Feb/27/2012 03:42:43
754185,BEST.PIC:THE.HELP,The Help to win the Academy Award for Best Picture,15,1.0,Feb/27/2012 03:42:43
754185,BEST.PIC:THE.HELP,The Help to win the Academy Award for Best Picture,1,1.1,Feb/27/2012 03:42:43
754185,BEST.PIC:THE.HELP,The Help to win the Academy Award for Best Picture,1,1.2,Feb/27/2012 03:42:43
754185,BEST.PIC:THE.HELP,The Help to win the Academy Award for Best Picture,2,0.9,Feb/27/2012 03:42:43
754185,BEST.PIC:THE.HELP,The Help to win the Academy Award for Best Picture,1,1.4,Feb/27/2012 03:43:12
754185,BEST.PIC:THE.HELP,The Help to win the Academy Award for Best Picture,1,1.3,Feb/27/2012 03:43:12
754185,BEST.PIC:THE.HELP,The Help to win the Academy Award for Best Picture,5,1.0,Feb/27/2012 03:52:53
754185,BEST.PIC:THE.HELP,The Help to win the Academy Award for Best Picture,1,0.7,Feb/27/2012 03:53:22
754185,BEST.PIC:THE.HELP,The Help to win the Academy Award for Best Picture,5,1.0,Feb/27/2012 03:55:34
754185,BEST.PIC:THE.HELP,The Help to win the Academy Award for Best Picture,1,0.7,Feb/27/2012 03:57:18
754185,BEST.PIC:THE.HELP,The Help to win the Academy Award for Best Picture,1,1.0,Feb/27/2012 03:59:24
754185,BEST.PIC:THE.HELP,The Help to win the Academy Award for Best Picture,1,0.5,Feb/27/2012 04:01:46
754185,BEST.PIC:THE.HELP,The Help to win the Academy Award for Best Picture,21,0.5,Feb/27/2012 04:12:43
754185,BEST.PIC:THE.HELP,The Help to win the Academy Award for Best Picture,1,0.7,Feb/27/2012 04:19:45
754185,BEST.PIC:THE.HELP,The Help to win the Academy Award for Best Picture,1,0.7,Feb/27/2012 04:25:16
754185,BEST.PIC:THE.HELP,The Help to win the Academy Award for Best Picture,1,0.7,Feb/27/2012 04:32:24
754185,BEST.PIC:THE.HELP,The Help to win the Academy Award for Best Picture,1,0.3,Feb/27/2012 04:35:17
754185,BEST.PIC:THE.HELP,The Help to win the Academy Award for Best Picture,1,4.0,Feb/27/2012 04:35:21
