market id,market symbol,market name,trade quantity,trade price,date/time [utc]
754190,BEST.PIC:J.EDGAR,J. Edgar to win the Academy Award for Best Picture,3,1.7,Nov/25/2011 13:39:58
754190,BEST.PIC:J.EDGAR,J. Edgar to win the Academy Award for Best Picture,20,1.8,Nov/26/2011 12:57:57
754190,BEST.PIC:J.EDGAR,J. Edgar to win the Academy Award for Best Picture,1,1.8,Nov/26/2011 12:57:57
754190,BEST.PIC:J.EDGAR,J. Edgar to win the Academy Award for Best Picture,20,1.9,Nov/26/2011 12:58:10
754190,BEST.PIC:J.EDGAR,J. Edgar to win the Academy Award for Best Picture,10,2.0,Nov/26/2011 12:58:19
754190,BEST.PIC:J.EDGAR,J. Edgar to win the Academy Award for Best Picture,1,2.0,Nov/26/2011 12:58:19
754190,BEST.PIC:J.EDGAR,J. Edgar to win the Academy Award for Best Picture,10,1.0,Nov/27/2011 08:04:41
754190,BEST.PIC:J.EDGAR,J. Edgar to win the Academy Award for Best Picture,1,1.0,Nov/27/2011 08:04:41
754190,BEST.PIC:J.EDGAR,J. Edgar to win the Academy Award for Best Picture,20,1.4,Nov/27/2011 08:04:56
754190,BEST.PIC:J.EDGAR,J. Edgar to win the Academy Award for Best Picture,2,1.4,Nov/27/2011 08:04:56
754190,BEST.PIC:J.EDGAR,J. Edgar to win the Academy Award for Best Picture,10,1.5,Nov/27/2011 08:05:07
754190,BEST.PIC:J.EDGAR,J. Edgar to win the Academy Award for Best Picture,1,1.7,Nov/27/2011 08:14:23
754190,BEST.PIC:J.EDGAR,J. Edgar to win the Academy Award for Best Picture,10,1.7,Nov/27/2011 08:14:23
754190,BEST.PIC:J.EDGAR,J. Edgar to win the Academy Award for Best Picture,10,2.0,Nov/27/2011 08:14:45
754190,BEST.PIC:J.EDGAR,J. Edgar to win the Academy Award for Best Picture,2,2.0,Nov/27/2011 08:14:45
754190,BEST.PIC:J.EDGAR,J. Edgar to win the Academy Award for Best Picture,1,3.0,Nov/27/2011 10:10:57
754190,BEST.PIC:J.EDGAR,J. Edgar to win the Academy Award for Best Picture,10,3.0,Nov/27/2011 10:10:57
754190,BEST.PIC:J.EDGAR,J. Edgar to win the Academy Award for Best Picture,1,1.4,Nov/28/2011 05:37:07
754190,BEST.PIC:J.EDGAR,J. Edgar to win the Academy Award for Best Picture,20,1.4,Nov/28/2011 05:37:07
754190,BEST.PIC:J.EDGAR,J. Edgar to win the Academy Award for Best Picture,10,1.5,Nov/28/2011 05:37:07
754190,BEST.PIC:J.EDGAR,J. Edgar to win the Academy Award for Best Picture,10,1.5,Nov/28/2011 23:52:53
754190,BEST.PIC:J.EDGAR,J. Edgar to win the Academy Award for Best Picture,1,1.5,Nov/28/2011 23:52:53
754190,BEST.PIC:J.EDGAR,J. Edgar to win the Academy Award for Best Picture,20,1.6,Nov/28/2011 23:53:08
754190,BEST.PIC:J.EDGAR,J. Edgar to win the Academy Award for Best Picture,20,1.6,Nov/29/2011 05:42:15
754190,BEST.PIC:J.EDGAR,J. Edgar to win the Academy Award for Best Picture,20,1.7,Nov/29/2011 05:43:44
754190,BEST.PIC:J.EDGAR,J. Edgar to win the Academy Award for Best Picture,10,1.0,Nov/29/2011 19:38:58
754190,BEST.PIC:J.EDGAR,J. Edgar to win the Academy Award for Best Picture,4,1.0,Nov/29/2011 20:48:47
754190,BEST.PIC:J.EDGAR,J. Edgar to win the Academy Award for Best Picture,88,1.0,Nov/30/2011 05:44:57
754190,BEST.PIC:J.EDGAR,J. Edgar to win the Academy Award for Best Picture,5,1.0,Dec/01/2011 12:06:29
754190,BEST.PIC:J.EDGAR,J. Edgar to win the Academy Award for Best Picture,53,0.9,Dec/01/2011 23:23:28
754190,BEST.PIC:J.EDGAR,J. Edgar to win the Academy Award for Best Picture,8,0.9,Dec/02/2011 04:56:55
754190,BEST.PIC:J.EDGAR,J. Edgar to win the Academy Award for Best Picture,35,0.9,Dec/02/2011 16:24:41
754190,BEST.PIC:J.EDGAR,J. Edgar to win the Academy Award for Best Picture,4,0.9,Dec/02/2011 21:00:35
754190,BEST.PIC:J.EDGAR,J. Edgar to win the Academy Award for Best Picture,20,0.5,Dec/03/2011 13:11:33
754190,BEST.PIC:J.EDGAR,J. Edgar to win the Academy Award for Best Picture,10,0.5,Dec/04/2011 19:52:17
754190,BEST.PIC:J.EDGAR,J. Edgar to win the Academy Award for Best Picture,10,0.5,Dec/04/2011 23:14:29
754190,BEST.PIC:J.EDGAR,J. Edgar to win the Academy Award for Best Picture,100,0.4,Dec/05/2011 22:59:21
754190,BEST.PIC:J.EDGAR,J. Edgar to win the Academy Award for Best Picture,31,0.4,Dec/05/2011 23:18:46
754190,BEST.PIC:J.EDGAR,J. Edgar to win the Academy Award for Best Picture,5,0.5,Dec/06/2011 09:56:50
754190,BEST.PIC:J.EDGAR,J. Edgar to win the Academy Award for Best Picture,15,0.5,Dec/06/2011 09:56:50
754190,BEST.PIC:J.EDGAR,J. Edgar to win the Academy Award for Best Picture,1,0.5,Dec/06/2011 15:20:25
754190,BEST.PIC:J.EDGAR,J. Edgar to win the Academy Award for Best Picture,19,0.6,Dec/06/2011 15:20:25
754190,BEST.PIC:J.EDGAR,J. Edgar to win the Academy Award for Best Picture,5,0.5,Dec/06/2011 15:20:25
754190,BEST.PIC:J.EDGAR,J. Edgar to win the Academy Award for Best Picture,5,0.6,Dec/06/2011 15:20:25
754190,BEST.PIC:J.EDGAR,J. Edgar to win the Academy Award for Best Picture,1,0.8,Dec/06/2011 22:41:55
754190,BEST.PIC:J.EDGAR,J. Edgar to win the Academy Award for Best Picture,1,0.6,Dec/06/2011 22:41:55
754190,BEST.PIC:J.EDGAR,J. Edgar to win the Academy Award for Best Picture,20,0.9,Dec/06/2011 22:41:55
754190,BEST.PIC:J.EDGAR,J. Edgar to win the Academy Award for Best Picture,20,0.7,Dec/06/2011 22:41:55
754190,BEST.PIC:J.EDGAR,J. Edgar to win the Academy Award for Best Picture,1,0.6,Dec/06/2011 22:41:55
754190,BEST.PIC:J.EDGAR,J. Edgar to win the Academy Award for Best Picture,10,0.7,Dec/06/2011 22:41:55
754190,BEST.PIC:J.EDGAR,J. Edgar to win the Academy Award for Best Picture,10,0.8,Dec/06/2011 22:41:55
754190,BEST.PIC:J.EDGAR,J. Edgar to win the Academy Award for Best Picture,7,1.0,Dec/06/2011 22:41:55
754190,BEST.PIC:J.EDGAR,J. Edgar to win the Academy Award for Best Picture,10,1.0,Dec/06/2011 22:41:55
754190,BEST.PIC:J.EDGAR,J. Edgar to win the Academy Award for Best Picture,20,1.0,Dec/06/2011 22:41:55
754190,BEST.PIC:J.EDGAR,J. Edgar to win the Academy Award for Best Picture,18,1.0,Dec/07/2011 20:25:37
754190,BEST.PIC:J.EDGAR,J. Edgar to win the Academy Award for Best Picture,5,1.0,Dec/07/2011 20:25:37
754190,BEST.PIC:J.EDGAR,J. Edgar to win the Academy Award for Best Picture,4,1.0,Dec/07/2011 20:25:37
754190,BEST.PIC:J.EDGAR,J. Edgar to win the Academy Award for Best Picture,23,1.0,Dec/07/2011 20:25:37
754190,BEST.PIC:J.EDGAR,J. Edgar to win the Academy Award for Best Picture,2,1.0,Dec/08/2011 00:46:38
754190,BEST.PIC:J.EDGAR,J. Edgar to win the Academy Award for Best Picture,1,1.0,Dec/08/2011 00:46:38
754190,BEST.PIC:J.EDGAR,J. Edgar to win the Academy Award for Best Picture,3,1.0,Dec/08/2011 00:46:38
754190,BEST.PIC:J.EDGAR,J. Edgar to win the Academy Award for Best Picture,10,1.0,Dec/10/2011 18:30:01
754190,BEST.PIC:J.EDGAR,J. Edgar to win the Academy Award for Best Picture,10,1.0,Dec/10/2011 18:30:01
754190,BEST.PIC:J.EDGAR,J. Edgar to win the Academy Award for Best Picture,20,1.0,Dec/10/2011 18:30:01
754190,BEST.PIC:J.EDGAR,J. Edgar to win the Academy Award for Best Picture,20,1.0,Dec/10/2011 18:30:01
754190,BEST.PIC:J.EDGAR,J. Edgar to win the Academy Award for Best Picture,20,1.0,Dec/10/2011 18:30:01
754190,BEST.PIC:J.EDGAR,J. Edgar to win the Academy Award for Best Picture,1,1.0,Dec/10/2011 18:30:01
754190,BEST.PIC:J.EDGAR,J. Edgar to win the Academy Award for Best Picture,17,1.0,Dec/10/2011 18:30:01
754190,BEST.PIC:J.EDGAR,J. Edgar to win the Academy Award for Best Picture,15,1.0,Dec/11/2011 08:11:21
754190,BEST.PIC:J.EDGAR,J. Edgar to win the Academy Award for Best Picture,20,1.0,Dec/11/2011 08:11:21
754190,BEST.PIC:J.EDGAR,J. Edgar to win the Academy Award for Best Picture,1,1.0,Dec/11/2011 08:11:21
754190,BEST.PIC:J.EDGAR,J. Edgar to win the Academy Award for Best Picture,1,1.1,Dec/11/2011 08:11:32
754190,BEST.PIC:J.EDGAR,J. Edgar to win the Academy Award for Best Picture,100,0.9,Dec/14/2011 14:18:28
754190,BEST.PIC:J.EDGAR,J. Edgar to win the Academy Award for Best Picture,82,0.9,Dec/14/2011 15:34:36
754190,BEST.PIC:J.EDGAR,J. Edgar to win the Academy Award for Best Picture,18,0.9,Dec/14/2011 15:55:25
754190,BEST.PIC:J.EDGAR,J. Edgar to win the Academy Award for Best Picture,75,0.5,Dec/14/2011 20:45:41
754190,BEST.PIC:J.EDGAR,J. Edgar to win the Academy Award for Best Picture,100,0.4,Dec/15/2011 18:00:31
754190,BEST.PIC:J.EDGAR,J. Edgar to win the Academy Award for Best Picture,1,0.4,Dec/16/2011 05:57:59
754190,BEST.PIC:J.EDGAR,J. Edgar to win the Academy Award for Best Picture,20,0.4,Dec/16/2011 05:57:59
754190,BEST.PIC:J.EDGAR,J. Edgar to win the Academy Award for Best Picture,42,0.3,Dec/19/2011 18:46:20
754190,BEST.PIC:J.EDGAR,J. Edgar to win the Academy Award for Best Picture,1,0.4,Dec/20/2011 04:56:55
754190,BEST.PIC:J.EDGAR,J. Edgar to win the Academy Award for Best Picture,10,0.4,Dec/20/2011 04:56:55
754190,BEST.PIC:J.EDGAR,J. Edgar to win the Academy Award for Best Picture,40,0.5,Dec/20/2011 04:57:12
754190,BEST.PIC:J.EDGAR,J. Edgar to win the Academy Award for Best Picture,40,0.5,Dec/20/2011 04:57:12
754190,BEST.PIC:J.EDGAR,J. Edgar to win the Academy Award for Best Picture,50,0.5,Dec/20/2011 04:57:12
754190,BEST.PIC:J.EDGAR,J. Edgar to win the Academy Award for Best Picture,25,0.6,Dec/20/2011 05:12:36
754190,BEST.PIC:J.EDGAR,J. Edgar to win the Academy Award for Best Picture,1,0.6,Dec/20/2011 05:12:36
754190,BEST.PIC:J.EDGAR,J. Edgar to win the Academy Award for Best Picture,25,0.7,Dec/20/2011 05:12:46
754190,BEST.PIC:J.EDGAR,J. Edgar to win the Academy Award for Best Picture,10,0.8,Dec/20/2011 05:12:54
754190,BEST.PIC:J.EDGAR,J. Edgar to win the Academy Award for Best Picture,1,0.8,Dec/20/2011 05:12:54
754190,BEST.PIC:J.EDGAR,J. Edgar to win the Academy Award for Best Picture,10,0.9,Dec/20/2011 05:13:06
754190,BEST.PIC:J.EDGAR,J. Edgar to win the Academy Award for Best Picture,20,0.5,Dec/22/2011 05:27:44
754190,BEST.PIC:J.EDGAR,J. Edgar to win the Academy Award for Best Picture,1,0.5,Dec/22/2011 05:27:44
754190,BEST.PIC:J.EDGAR,J. Edgar to win the Academy Award for Best Picture,3,0.4,Dec/25/2011 23:48:22
754190,BEST.PIC:J.EDGAR,J. Edgar to win the Academy Award for Best Picture,1,0.5,Dec/29/2011 15:34:46
754190,BEST.PIC:J.EDGAR,J. Edgar to win the Academy Award for Best Picture,126,0.5,Jan/06/2012 01:32:20
754190,BEST.PIC:J.EDGAR,J. Edgar to win the Academy Award for Best Picture,40,0.5,Jan/06/2012 01:32:20
754190,BEST.PIC:J.EDGAR,J. Edgar to win the Academy Award for Best Picture,1,0.5,Jan/06/2012 01:32:20
754190,BEST.PIC:J.EDGAR,J. Edgar to win the Academy Award for Best Picture,6,0.5,Jan/06/2012 01:32:20
754190,BEST.PIC:J.EDGAR,J. Edgar to win the Academy Award for Best Picture,10,0.6,Jan/06/2012 01:32:37
754190,BEST.PIC:J.EDGAR,J. Edgar to win the Academy Award for Best Picture,10,0.7,Jan/06/2012 01:32:52
754190,BEST.PIC:J.EDGAR,J. Edgar to win the Academy Award for Best Picture,1,0.7,Jan/06/2012 01:32:52
754190,BEST.PIC:J.EDGAR,J. Edgar to win the Academy Award for Best Picture,10,0.8,Jan/06/2012 01:33:06
754190,BEST.PIC:J.EDGAR,J. Edgar to win the Academy Award for Best Picture,10,0.8,Jan/06/2012 01:33:06
754190,BEST.PIC:J.EDGAR,J. Edgar to win the Academy Award for Best Picture,20,0.5,Jan/06/2012 01:39:30
754190,BEST.PIC:J.EDGAR,J. Edgar to win the Academy Award for Best Picture,10,0.6,Jan/06/2012 01:39:41
754190,BEST.PIC:J.EDGAR,J. Edgar to win the Academy Award for Best Picture,10,0.7,Jan/06/2012 01:39:56
754190,BEST.PIC:J.EDGAR,J. Edgar to win the Academy Award for Best Picture,1,0.5,Jan/06/2012 06:17:45
754190,BEST.PIC:J.EDGAR,J. Edgar to win the Academy Award for Best Picture,20,0.5,Jan/06/2012 06:17:45
754190,BEST.PIC:J.EDGAR,J. Edgar to win the Academy Award for Best Picture,50,0.5,Jan/07/2012 15:33:32
754190,BEST.PIC:J.EDGAR,J. Edgar to win the Academy Award for Best Picture,1,0.5,Jan/07/2012 15:33:32
754190,BEST.PIC:J.EDGAR,J. Edgar to win the Academy Award for Best Picture,20,0.6,Jan/07/2012 15:33:48
754190,BEST.PIC:J.EDGAR,J. Edgar to win the Academy Award for Best Picture,1,0.5,Jan/08/2012 04:37:59
754190,BEST.PIC:J.EDGAR,J. Edgar to win the Academy Award for Best Picture,50,0.5,Jan/08/2012 04:37:59
754190,BEST.PIC:J.EDGAR,J. Edgar to win the Academy Award for Best Picture,10,0.6,Jan/08/2012 16:03:43
754190,BEST.PIC:J.EDGAR,J. Edgar to win the Academy Award for Best Picture,1,0.6,Jan/08/2012 16:03:43
754190,BEST.PIC:J.EDGAR,J. Edgar to win the Academy Award for Best Picture,20,0.7,Jan/08/2012 16:03:56
754190,BEST.PIC:J.EDGAR,J. Edgar to win the Academy Award for Best Picture,31,0.4,Jan/09/2012 21:08:55
754190,BEST.PIC:J.EDGAR,J. Edgar to win the Academy Award for Best Picture,69,0.4,Jan/12/2012 08:28:02
754190,BEST.PIC:J.EDGAR,J. Edgar to win the Academy Award for Best Picture,1,0.3,Jan/12/2012 08:31:08
754190,BEST.PIC:J.EDGAR,J. Edgar to win the Academy Award for Best Picture,3,0.3,Jan/12/2012 15:51:09
754190,BEST.PIC:J.EDGAR,J. Edgar to win the Academy Award for Best Picture,16,0.3,Jan/13/2012 00:58:25
754190,BEST.PIC:J.EDGAR,J. Edgar to win the Academy Award for Best Picture,25,0.2,Jan/13/2012 20:19:46
754190,BEST.PIC:J.EDGAR,J. Edgar to win the Academy Award for Best Picture,5,0.5,Jan/14/2012 03:10:23
754190,BEST.PIC:J.EDGAR,J. Edgar to win the Academy Award for Best Picture,20,0.1,Jan/16/2012 04:08:47
754190,BEST.PIC:J.EDGAR,J. Edgar to win the Academy Award for Best Picture,1,0.1,Jan/20/2012 19:10:26
754190,BEST.PIC:J.EDGAR,J. Edgar to win the Academy Award for Best Picture,75,0.1,Jan/20/2012 19:10:26
754190,BEST.PIC:J.EDGAR,J. Edgar to win the Academy Award for Best Picture,62,0.2,Jan/20/2012 19:10:52
754190,BEST.PIC:J.EDGAR,J. Edgar to win the Academy Award for Best Picture,5,0.1,Jan/21/2012 00:17:49
754190,BEST.PIC:J.EDGAR,J. Edgar to win the Academy Award for Best Picture,1,0.1,Jan/21/2012 00:17:49
754190,BEST.PIC:J.EDGAR,J. Edgar to win the Academy Award for Best Picture,16,0.1,Jan/21/2012 02:05:25
754190,BEST.PIC:J.EDGAR,J. Edgar to win the Academy Award for Best Picture,3,0.1,Jan/22/2012 08:01:12
754190,BEST.PIC:J.EDGAR,J. Edgar to win the Academy Award for Best Picture,40,0.1,Jan/22/2012 16:12:39
