market id,market symbol,market name,trade quantity,trade price,date/time [utc]
705993,TIGER.PLAYS.APR10,Tiger Woods to play in PGA Tour event before 30 Apr 2010,2,54.0,Dec/21/2009 18:48:34
705993,TIGER.PLAYS.APR10,Tiger Woods to play in PGA Tour event before 30 Apr 2010,20,60.0,Dec/21/2009 18:52:54
705993,TIGER.PLAYS.APR10,Tiger Woods to play in PGA Tour event before 30 Apr 2010,1,62.0,Dec/22/2009 20:05:11
705993,TIGER.PLAYS.APR10,Tiger Woods to play in PGA Tour event before 30 Apr 2010,10,68.0,Dec/23/2009 12:33:21
705993,TIGER.PLAYS.APR10,Tiger Woods to play in PGA Tour event before 30 Apr 2010,1,68.0,Dec/24/2009 21:45:29
705993,TIGER.PLAYS.APR10,Tiger Woods to play in PGA Tour event before 30 Apr 2010,4,70.0,Dec/24/2009 21:45:29
705993,TIGER.PLAYS.APR10,Tiger Woods to play in PGA Tour event before 30 Apr 2010,2,70.0,Dec/26/2009 05:45:24
705993,TIGER.PLAYS.APR10,Tiger Woods to play in PGA Tour event before 30 Apr 2010,5,55.0,Dec/28/2009 08:53:26
705993,TIGER.PLAYS.APR10,Tiger Woods to play in PGA Tour event before 30 Apr 2010,1,56.0,Dec/28/2009 08:53:26
705993,TIGER.PLAYS.APR10,Tiger Woods to play in PGA Tour event before 30 Apr 2010,3,50.0,Dec/28/2009 17:48:23
705993,TIGER.PLAYS.APR10,Tiger Woods to play in PGA Tour event before 30 Apr 2010,6,51.5,Dec/28/2009 17:48:23
705993,TIGER.PLAYS.APR10,Tiger Woods to play in PGA Tour event before 30 Apr 2010,1,52.0,Dec/28/2009 17:48:23
705993,TIGER.PLAYS.APR10,Tiger Woods to play in PGA Tour event before 30 Apr 2010,1,50.5,Dec/29/2009 00:01:31
705993,TIGER.PLAYS.APR10,Tiger Woods to play in PGA Tour event before 30 Apr 2010,9,65.0,Dec/29/2009 00:11:06
705993,TIGER.PLAYS.APR10,Tiger Woods to play in PGA Tour event before 30 Apr 2010,1,64.9,Dec/29/2009 00:11:06
705993,TIGER.PLAYS.APR10,Tiger Woods to play in PGA Tour event before 30 Apr 2010,1,55.0,Dec/30/2009 00:06:05
705993,TIGER.PLAYS.APR10,Tiger Woods to play in PGA Tour event before 30 Apr 2010,10,55.0,Dec/31/2009 08:13:10
705993,TIGER.PLAYS.APR10,Tiger Woods to play in PGA Tour event before 30 Apr 2010,10,55.0,Dec/31/2009 18:34:53
705993,TIGER.PLAYS.APR10,Tiger Woods to play in PGA Tour event before 30 Apr 2010,10,55.0,Jan/01/2010 04:28:15
705993,TIGER.PLAYS.APR10,Tiger Woods to play in PGA Tour event before 30 Apr 2010,1,50.5,Jan/01/2010 04:29:24
705993,TIGER.PLAYS.APR10,Tiger Woods to play in PGA Tour event before 30 Apr 2010,5,50.5,Jan/01/2010 04:29:24
705993,TIGER.PLAYS.APR10,Tiger Woods to play in PGA Tour event before 30 Apr 2010,17,50.0,Jan/01/2010 04:29:24
705993,TIGER.PLAYS.APR10,Tiger Woods to play in PGA Tour event before 30 Apr 2010,10,55.0,Jan/02/2010 16:06:44
705993,TIGER.PLAYS.APR10,Tiger Woods to play in PGA Tour event before 30 Apr 2010,1,50.0,Jan/02/2010 16:38:00
705993,TIGER.PLAYS.APR10,Tiger Woods to play in PGA Tour event before 30 Apr 2010,20,45.0,Jan/02/2010 16:38:07
705993,TIGER.PLAYS.APR10,Tiger Woods to play in PGA Tour event before 30 Apr 2010,1,46.0,Jan/02/2010 19:44:19
705993,TIGER.PLAYS.APR10,Tiger Woods to play in PGA Tour event before 30 Apr 2010,5,46.0,Jan/03/2010 00:51:03
705993,TIGER.PLAYS.APR10,Tiger Woods to play in PGA Tour event before 30 Apr 2010,3,40.0,Jan/03/2010 16:33:58
705993,TIGER.PLAYS.APR10,Tiger Woods to play in PGA Tour event before 30 Apr 2010,4,38.4,Jan/03/2010 16:34:07
705993,TIGER.PLAYS.APR10,Tiger Woods to play in PGA Tour event before 30 Apr 2010,2,38.0,Jan/03/2010 16:34:14
705993,TIGER.PLAYS.APR10,Tiger Woods to play in PGA Tour event before 30 Apr 2010,1,43.0,Jan/03/2010 18:51:24
705993,TIGER.PLAYS.APR10,Tiger Woods to play in PGA Tour event before 30 Apr 2010,1,31.4,Jan/04/2010 01:36:32
705993,TIGER.PLAYS.APR10,Tiger Woods to play in PGA Tour event before 30 Apr 2010,1,35.0,Jan/04/2010 21:20:44
705993,TIGER.PLAYS.APR10,Tiger Woods to play in PGA Tour event before 30 Apr 2010,1,36.0,Jan/04/2010 21:20:44
705993,TIGER.PLAYS.APR10,Tiger Woods to play in PGA Tour event before 30 Apr 2010,1,37.0,Jan/04/2010 21:20:44
705993,TIGER.PLAYS.APR10,Tiger Woods to play in PGA Tour event before 30 Apr 2010,1,38.0,Jan/04/2010 21:20:44
705993,TIGER.PLAYS.APR10,Tiger Woods to play in PGA Tour event before 30 Apr 2010,1,39.0,Jan/04/2010 21:20:44
705993,TIGER.PLAYS.APR10,Tiger Woods to play in PGA Tour event before 30 Apr 2010,15,39.9,Jan/04/2010 21:20:44
705993,TIGER.PLAYS.APR10,Tiger Woods to play in PGA Tour event before 30 Apr 2010,20,40.0,Jan/04/2010 21:20:44
705993,TIGER.PLAYS.APR10,Tiger Woods to play in PGA Tour event before 30 Apr 2010,1,43.9,Jan/04/2010 23:13:41
705993,TIGER.PLAYS.APR10,Tiger Woods to play in PGA Tour event before 30 Apr 2010,1,43.0,Jan/04/2010 23:13:41
705993,TIGER.PLAYS.APR10,Tiger Woods to play in PGA Tour event before 30 Apr 2010,1,42.0,Jan/04/2010 23:13:41
705993,TIGER.PLAYS.APR10,Tiger Woods to play in PGA Tour event before 30 Apr 2010,7,44.0,Jan/04/2010 23:13:41
705993,TIGER.PLAYS.APR10,Tiger Woods to play in PGA Tour event before 30 Apr 2010,3,44.1,Jan/05/2010 02:15:52
705993,TIGER.PLAYS.APR10,Tiger Woods to play in PGA Tour event before 30 Apr 2010,14,44.0,Jan/05/2010 02:15:52
705993,TIGER.PLAYS.APR10,Tiger Woods to play in PGA Tour event before 30 Apr 2010,1,44.9,Jan/05/2010 02:15:52
705993,TIGER.PLAYS.APR10,Tiger Woods to play in PGA Tour event before 30 Apr 2010,7,44.7,Jan/05/2010 02:15:52
705993,TIGER.PLAYS.APR10,Tiger Woods to play in PGA Tour event before 30 Apr 2010,15,45.0,Jan/05/2010 02:15:52
705993,TIGER.PLAYS.APR10,Tiger Woods to play in PGA Tour event before 30 Apr 2010,1,48.0,Jan/05/2010 22:34:36
705993,TIGER.PLAYS.APR10,Tiger Woods to play in PGA Tour event before 30 Apr 2010,1,49.0,Jan/05/2010 22:34:36
705993,TIGER.PLAYS.APR10,Tiger Woods to play in PGA Tour event before 30 Apr 2010,1,50.0,Jan/05/2010 22:34:36
705993,TIGER.PLAYS.APR10,Tiger Woods to play in PGA Tour event before 30 Apr 2010,1,47.0,Jan/05/2010 22:34:36
705993,TIGER.PLAYS.APR10,Tiger Woods to play in PGA Tour event before 30 Apr 2010,1,46.0,Jan/05/2010 22:34:36
705993,TIGER.PLAYS.APR10,Tiger Woods to play in PGA Tour event before 30 Apr 2010,1,45.0,Jan/05/2010 22:34:36
705993,TIGER.PLAYS.APR10,Tiger Woods to play in PGA Tour event before 30 Apr 2010,1,44.0,Jan/05/2010 22:34:36
705993,TIGER.PLAYS.APR10,Tiger Woods to play in PGA Tour event before 30 Apr 2010,5,50.0,Jan/05/2010 22:34:36
705993,TIGER.PLAYS.APR10,Tiger Woods to play in PGA Tour event before 30 Apr 2010,5,48.0,Jan/05/2010 22:34:36
705993,TIGER.PLAYS.APR10,Tiger Woods to play in PGA Tour event before 30 Apr 2010,5,46.0,Jan/05/2010 22:34:36
705993,TIGER.PLAYS.APR10,Tiger Woods to play in PGA Tour event before 30 Apr 2010,3,50.0,Jan/05/2010 23:09:53
705993,TIGER.PLAYS.APR10,Tiger Woods to play in PGA Tour event before 30 Apr 2010,20,55.0,Jan/06/2010 20:11:56
705993,TIGER.PLAYS.APR10,Tiger Woods to play in PGA Tour event before 30 Apr 2010,20,58.0,Jan/06/2010 20:12:10
705993,TIGER.PLAYS.APR10,Tiger Woods to play in PGA Tour event before 30 Apr 2010,1,59.0,Jan/06/2010 20:16:06
705993,TIGER.PLAYS.APR10,Tiger Woods to play in PGA Tour event before 30 Apr 2010,1,60.0,Jan/06/2010 20:16:16
705993,TIGER.PLAYS.APR10,Tiger Woods to play in PGA Tour event before 30 Apr 2010,1,61.0,Jan/06/2010 20:16:30
705993,TIGER.PLAYS.APR10,Tiger Woods to play in PGA Tour event before 30 Apr 2010,1,62.0,Jan/06/2010 20:16:39
705993,TIGER.PLAYS.APR10,Tiger Woods to play in PGA Tour event before 30 Apr 2010,1,63.0,Jan/06/2010 20:16:59
705993,TIGER.PLAYS.APR10,Tiger Woods to play in PGA Tour event before 30 Apr 2010,1,44.0,Jan/07/2010 01:11:09
705993,TIGER.PLAYS.APR10,Tiger Woods to play in PGA Tour event before 30 Apr 2010,1,54.0,Jan/09/2010 02:58:30
705993,TIGER.PLAYS.APR10,Tiger Woods to play in PGA Tour event before 30 Apr 2010,5,65.0,Jan/10/2010 14:51:50
705993,TIGER.PLAYS.APR10,Tiger Woods to play in PGA Tour event before 30 Apr 2010,5,70.0,Jan/10/2010 14:51:58
705993,TIGER.PLAYS.APR10,Tiger Woods to play in PGA Tour event before 30 Apr 2010,5,75.0,Jan/10/2010 14:52:06
705993,TIGER.PLAYS.APR10,Tiger Woods to play in PGA Tour event before 30 Apr 2010,1,60.1,Jan/10/2010 16:18:52
705993,TIGER.PLAYS.APR10,Tiger Woods to play in PGA Tour event before 30 Apr 2010,2,60.1,Jan/11/2010 02:52:24
705993,TIGER.PLAYS.APR10,Tiger Woods to play in PGA Tour event before 30 Apr 2010,3,60.1,Jan/11/2010 02:54:11
705993,TIGER.PLAYS.APR10,Tiger Woods to play in PGA Tour event before 30 Apr 2010,5,56.1,Jan/11/2010 18:10:18
705993,TIGER.PLAYS.APR10,Tiger Woods to play in PGA Tour event before 30 Apr 2010,1,63.0,Jan/11/2010 20:09:09
705993,TIGER.PLAYS.APR10,Tiger Woods to play in PGA Tour event before 30 Apr 2010,3,65.0,Jan/11/2010 20:09:47
705993,TIGER.PLAYS.APR10,Tiger Woods to play in PGA Tour event before 30 Apr 2010,3,68.0,Jan/11/2010 20:10:16
705993,TIGER.PLAYS.APR10,Tiger Woods to play in PGA Tour event before 30 Apr 2010,3,69.0,Jan/11/2010 20:11:23
705993,TIGER.PLAYS.APR10,Tiger Woods to play in PGA Tour event before 30 Apr 2010,1,64.0,Jan/12/2010 23:11:56
705993,TIGER.PLAYS.APR10,Tiger Woods to play in PGA Tour event before 30 Apr 2010,1,63.0,Jan/12/2010 23:11:56
705993,TIGER.PLAYS.APR10,Tiger Woods to play in PGA Tour event before 30 Apr 2010,1,62.0,Jan/12/2010 23:11:56
705993,TIGER.PLAYS.APR10,Tiger Woods to play in PGA Tour event before 30 Apr 2010,1,65.0,Jan/12/2010 23:11:56
705993,TIGER.PLAYS.APR10,Tiger Woods to play in PGA Tour event before 30 Apr 2010,1,66.0,Jan/12/2010 23:11:56
705993,TIGER.PLAYS.APR10,Tiger Woods to play in PGA Tour event before 30 Apr 2010,5,66.0,Jan/13/2010 23:02:28
705993,TIGER.PLAYS.APR10,Tiger Woods to play in PGA Tour event before 30 Apr 2010,5,67.0,Jan/13/2010 23:02:36
705993,TIGER.PLAYS.APR10,Tiger Woods to play in PGA Tour event before 30 Apr 2010,5,67.5,Jan/13/2010 23:02:47
705993,TIGER.PLAYS.APR10,Tiger Woods to play in PGA Tour event before 30 Apr 2010,5,68.0,Jan/13/2010 23:03:01
705993,TIGER.PLAYS.APR10,Tiger Woods to play in PGA Tour event before 30 Apr 2010,5,69.0,Jan/13/2010 23:03:41
705993,TIGER.PLAYS.APR10,Tiger Woods to play in PGA Tour event before 30 Apr 2010,12,56.6,Jan/15/2010 13:35:18
705993,TIGER.PLAYS.APR10,Tiger Woods to play in PGA Tour event before 30 Apr 2010,33,56.5,Jan/15/2010 13:35:39
705993,TIGER.PLAYS.APR10,Tiger Woods to play in PGA Tour event before 30 Apr 2010,1,65.0,Jan/15/2010 19:38:22
705993,TIGER.PLAYS.APR10,Tiger Woods to play in PGA Tour event before 30 Apr 2010,10,66.0,Jan/15/2010 20:35:59
705993,TIGER.PLAYS.APR10,Tiger Woods to play in PGA Tour event before 30 Apr 2010,1,59.0,Jan/17/2010 04:24:47
705993,TIGER.PLAYS.APR10,Tiger Woods to play in PGA Tour event before 30 Apr 2010,3,59.0,Jan/17/2010 04:25:06
705993,TIGER.PLAYS.APR10,Tiger Woods to play in PGA Tour event before 30 Apr 2010,1,59.0,Jan/17/2010 04:25:28
705993,TIGER.PLAYS.APR10,Tiger Woods to play in PGA Tour event before 30 Apr 2010,15,59.0,Jan/17/2010 04:25:28
705993,TIGER.PLAYS.APR10,Tiger Woods to play in PGA Tour event before 30 Apr 2010,2,59.0,Jan/18/2010 04:01:43
705993,TIGER.PLAYS.APR10,Tiger Woods to play in PGA Tour event before 30 Apr 2010,8,60.0,Jan/18/2010 14:45:16
705993,TIGER.PLAYS.APR10,Tiger Woods to play in PGA Tour event before 30 Apr 2010,5,65.2,Jan/18/2010 17:57:26
705993,TIGER.PLAYS.APR10,Tiger Woods to play in PGA Tour event before 30 Apr 2010,5,65.0,Jan/18/2010 17:57:26
705993,TIGER.PLAYS.APR10,Tiger Woods to play in PGA Tour event before 30 Apr 2010,5,65.4,Jan/18/2010 18:38:21
705993,TIGER.PLAYS.APR10,Tiger Woods to play in PGA Tour event before 30 Apr 2010,5,65.6,Jan/18/2010 18:38:30
705993,TIGER.PLAYS.APR10,Tiger Woods to play in PGA Tour event before 30 Apr 2010,4,65.8,Jan/18/2010 18:38:42
705993,TIGER.PLAYS.APR10,Tiger Woods to play in PGA Tour event before 30 Apr 2010,1,65.8,Jan/18/2010 19:36:50
705993,TIGER.PLAYS.APR10,Tiger Woods to play in PGA Tour event before 30 Apr 2010,10,67.0,Jan/18/2010 19:36:50
705993,TIGER.PLAYS.APR10,Tiger Woods to play in PGA Tour event before 30 Apr 2010,1,69.8,Jan/18/2010 22:40:11
705993,TIGER.PLAYS.APR10,Tiger Woods to play in PGA Tour event before 30 Apr 2010,3,69.9,Jan/18/2010 22:40:11
705993,TIGER.PLAYS.APR10,Tiger Woods to play in PGA Tour event before 30 Apr 2010,6,70.0,Jan/18/2010 22:40:11
705993,TIGER.PLAYS.APR10,Tiger Woods to play in PGA Tour event before 30 Apr 2010,1,66.0,Jan/19/2010 01:42:52
705993,TIGER.PLAYS.APR10,Tiger Woods to play in PGA Tour event before 30 Apr 2010,5,65.8,Jan/19/2010 04:22:53
705993,TIGER.PLAYS.APR10,Tiger Woods to play in PGA Tour event before 30 Apr 2010,4,65.9,Jan/19/2010 04:22:53
705993,TIGER.PLAYS.APR10,Tiger Woods to play in PGA Tour event before 30 Apr 2010,1,66.0,Jan/19/2010 04:22:53
705993,TIGER.PLAYS.APR10,Tiger Woods to play in PGA Tour event before 30 Apr 2010,2,65.7,Jan/19/2010 04:39:43
705993,TIGER.PLAYS.APR10,Tiger Woods to play in PGA Tour event before 30 Apr 2010,1,65.7,Jan/19/2010 23:50:44
705993,TIGER.PLAYS.APR10,Tiger Woods to play in PGA Tour event before 30 Apr 2010,7,69.8,Jan/20/2010 05:05:27
705993,TIGER.PLAYS.APR10,Tiger Woods to play in PGA Tour event before 30 Apr 2010,49,69.9,Jan/20/2010 05:05:34
705993,TIGER.PLAYS.APR10,Tiger Woods to play in PGA Tour event before 30 Apr 2010,14,70.0,Jan/20/2010 05:19:12
705993,TIGER.PLAYS.APR10,Tiger Woods to play in PGA Tour event before 30 Apr 2010,1,69.9,Jan/20/2010 05:19:12
705993,TIGER.PLAYS.APR10,Tiger Woods to play in PGA Tour event before 30 Apr 2010,10,71.0,Jan/20/2010 22:00:37
705993,TIGER.PLAYS.APR10,Tiger Woods to play in PGA Tour event before 30 Apr 2010,10,70.0,Jan/20/2010 22:12:31
705993,TIGER.PLAYS.APR10,Tiger Woods to play in PGA Tour event before 30 Apr 2010,50,70.0,Jan/21/2010 02:33:49
705993,TIGER.PLAYS.APR10,Tiger Woods to play in PGA Tour event before 30 Apr 2010,19,74.0,Jan/21/2010 03:18:06
705993,TIGER.PLAYS.APR10,Tiger Woods to play in PGA Tour event before 30 Apr 2010,3,70.0,Jan/21/2010 04:32:49
705993,TIGER.PLAYS.APR10,Tiger Woods to play in PGA Tour event before 30 Apr 2010,3,70.0,Jan/21/2010 05:48:02
705993,TIGER.PLAYS.APR10,Tiger Woods to play in PGA Tour event before 30 Apr 2010,9,69.8,Jan/21/2010 14:30:28
705993,TIGER.PLAYS.APR10,Tiger Woods to play in PGA Tour event before 30 Apr 2010,6,68.9,Jan/21/2010 15:12:59
705993,TIGER.PLAYS.APR10,Tiger Woods to play in PGA Tour event before 30 Apr 2010,9,69.0,Jan/21/2010 15:12:59
705993,TIGER.PLAYS.APR10,Tiger Woods to play in PGA Tour event before 30 Apr 2010,3,68.9,Jan/21/2010 23:11:29
705993,TIGER.PLAYS.APR10,Tiger Woods to play in PGA Tour event before 30 Apr 2010,1,73.5,Jan/22/2010 14:43:26
705993,TIGER.PLAYS.APR10,Tiger Woods to play in PGA Tour event before 30 Apr 2010,1,73.5,Jan/22/2010 14:59:50
705993,TIGER.PLAYS.APR10,Tiger Woods to play in PGA Tour event before 30 Apr 2010,1,73.3,Jan/22/2010 15:43:55
705993,TIGER.PLAYS.APR10,Tiger Woods to play in PGA Tour event before 30 Apr 2010,1,73.2,Jan/22/2010 15:55:35
705993,TIGER.PLAYS.APR10,Tiger Woods to play in PGA Tour event before 30 Apr 2010,1,73.3,Jan/22/2010 15:55:35
705993,TIGER.PLAYS.APR10,Tiger Woods to play in PGA Tour event before 30 Apr 2010,3,73.5,Jan/22/2010 15:55:35
705993,TIGER.PLAYS.APR10,Tiger Woods to play in PGA Tour event before 30 Apr 2010,4,72.0,Jan/23/2010 02:45:19
705993,TIGER.PLAYS.APR10,Tiger Woods to play in PGA Tour event before 30 Apr 2010,5,73.5,Jan/23/2010 18:00:42
705993,TIGER.PLAYS.APR10,Tiger Woods to play in PGA Tour event before 30 Apr 2010,1,74.0,Jan/23/2010 18:00:50
705993,TIGER.PLAYS.APR10,Tiger Woods to play in PGA Tour event before 30 Apr 2010,3,72.2,Jan/24/2010 00:14:34
705993,TIGER.PLAYS.APR10,Tiger Woods to play in PGA Tour event before 30 Apr 2010,28,72.1,Jan/24/2010 00:14:34
705993,TIGER.PLAYS.APR10,Tiger Woods to play in PGA Tour event before 30 Apr 2010,5,72.1,Jan/26/2010 04:29:38
705993,TIGER.PLAYS.APR10,Tiger Woods to play in PGA Tour event before 30 Apr 2010,10,76.0,Jan/26/2010 15:33:36
705993,TIGER.PLAYS.APR10,Tiger Woods to play in PGA Tour event before 30 Apr 2010,1,80.0,Jan/27/2010 04:56:24
705993,TIGER.PLAYS.APR10,Tiger Woods to play in PGA Tour event before 30 Apr 2010,10,81.0,Jan/28/2010 01:50:45
705993,TIGER.PLAYS.APR10,Tiger Woods to play in PGA Tour event before 30 Apr 2010,10,81.0,Jan/28/2010 07:45:07
705993,TIGER.PLAYS.APR10,Tiger Woods to play in PGA Tour event before 30 Apr 2010,20,82.0,Jan/29/2010 14:20:05
705993,TIGER.PLAYS.APR10,Tiger Woods to play in PGA Tour event before 30 Apr 2010,1,78.1,Jan/29/2010 22:36:07
705993,TIGER.PLAYS.APR10,Tiger Woods to play in PGA Tour event before 30 Apr 2010,1,78.1,Jan/30/2010 04:10:21
705993,TIGER.PLAYS.APR10,Tiger Woods to play in PGA Tour event before 30 Apr 2010,35,78.1,Jan/30/2010 08:28:16
705993,TIGER.PLAYS.APR10,Tiger Woods to play in PGA Tour event before 30 Apr 2010,100,78.0,Jan/30/2010 08:28:16
705993,TIGER.PLAYS.APR10,Tiger Woods to play in PGA Tour event before 30 Apr 2010,10,77.0,Jan/30/2010 17:22:57
705993,TIGER.PLAYS.APR10,Tiger Woods to play in PGA Tour event before 30 Apr 2010,5,75.1,Jan/30/2010 17:22:57
705993,TIGER.PLAYS.APR10,Tiger Woods to play in PGA Tour event before 30 Apr 2010,16,71.5,Jan/30/2010 17:22:57
705993,TIGER.PLAYS.APR10,Tiger Woods to play in PGA Tour event before 30 Apr 2010,3,65.0,Jan/30/2010 18:41:50
705993,TIGER.PLAYS.APR10,Tiger Woods to play in PGA Tour event before 30 Apr 2010,1,70.1,Jan/31/2010 17:42:18
705993,TIGER.PLAYS.APR10,Tiger Woods to play in PGA Tour event before 30 Apr 2010,2,68.0,Feb/01/2010 19:52:56
705993,TIGER.PLAYS.APR10,Tiger Woods to play in PGA Tour event before 30 Apr 2010,1,65.1,Feb/02/2010 03:05:27
705993,TIGER.PLAYS.APR10,Tiger Woods to play in PGA Tour event before 30 Apr 2010,10,65.0,Feb/02/2010 03:05:53
705993,TIGER.PLAYS.APR10,Tiger Woods to play in PGA Tour event before 30 Apr 2010,20,55.0,Feb/02/2010 16:54:34
705993,TIGER.PLAYS.APR10,Tiger Woods to play in PGA Tour event before 30 Apr 2010,1,60.0,Feb/02/2010 19:56:32
705993,TIGER.PLAYS.APR10,Tiger Woods to play in PGA Tour event before 30 Apr 2010,1,55.1,Feb/02/2010 20:45:17
705993,TIGER.PLAYS.APR10,Tiger Woods to play in PGA Tour event before 30 Apr 2010,2,60.0,Feb/03/2010 19:47:49
705993,TIGER.PLAYS.APR10,Tiger Woods to play in PGA Tour event before 30 Apr 2010,7,60.0,Feb/03/2010 20:26:37
705993,TIGER.PLAYS.APR10,Tiger Woods to play in PGA Tour event before 30 Apr 2010,10,65.0,Feb/03/2010 20:46:49
705993,TIGER.PLAYS.APR10,Tiger Woods to play in PGA Tour event before 30 Apr 2010,10,65.0,Feb/03/2010 20:47:05
705993,TIGER.PLAYS.APR10,Tiger Woods to play in PGA Tour event before 30 Apr 2010,10,73.0,Feb/03/2010 23:21:39
705993,TIGER.PLAYS.APR10,Tiger Woods to play in PGA Tour event before 30 Apr 2010,20,75.0,Feb/03/2010 23:22:37
705993,TIGER.PLAYS.APR10,Tiger Woods to play in PGA Tour event before 30 Apr 2010,6,77.0,Feb/04/2010 05:10:59
705993,TIGER.PLAYS.APR10,Tiger Woods to play in PGA Tour event before 30 Apr 2010,2,75.0,Feb/04/2010 07:35:49
705993,TIGER.PLAYS.APR10,Tiger Woods to play in PGA Tour event before 30 Apr 2010,1,77.0,Feb/04/2010 07:56:47
705993,TIGER.PLAYS.APR10,Tiger Woods to play in PGA Tour event before 30 Apr 2010,16,78.0,Feb/04/2010 07:58:23
705993,TIGER.PLAYS.APR10,Tiger Woods to play in PGA Tour event before 30 Apr 2010,3,78.0,Feb/04/2010 09:56:58
705993,TIGER.PLAYS.APR10,Tiger Woods to play in PGA Tour event before 30 Apr 2010,2,75.0,Feb/04/2010 11:05:30
705993,TIGER.PLAYS.APR10,Tiger Woods to play in PGA Tour event before 30 Apr 2010,1,75.0,Feb/04/2010 11:05:44
705993,TIGER.PLAYS.APR10,Tiger Woods to play in PGA Tour event before 30 Apr 2010,1,78.0,Feb/04/2010 13:05:21
705993,TIGER.PLAYS.APR10,Tiger Woods to play in PGA Tour event before 30 Apr 2010,4,78.0,Feb/04/2010 18:04:57
705993,TIGER.PLAYS.APR10,Tiger Woods to play in PGA Tour event before 30 Apr 2010,5,78.0,Feb/04/2010 23:24:06
705993,TIGER.PLAYS.APR10,Tiger Woods to play in PGA Tour event before 30 Apr 2010,20,78.0,Feb/04/2010 23:24:35
705993,TIGER.PLAYS.APR10,Tiger Woods to play in PGA Tour event before 30 Apr 2010,8,81.5,Feb/05/2010 01:01:26
705993,TIGER.PLAYS.APR10,Tiger Woods to play in PGA Tour event before 30 Apr 2010,4,79.0,Feb/05/2010 15:20:17
705993,TIGER.PLAYS.APR10,Tiger Woods to play in PGA Tour event before 30 Apr 2010,1,79.0,Feb/05/2010 16:22:25
705993,TIGER.PLAYS.APR10,Tiger Woods to play in PGA Tour event before 30 Apr 2010,1,79.0,Feb/05/2010 22:00:02
705993,TIGER.PLAYS.APR10,Tiger Woods to play in PGA Tour event before 30 Apr 2010,5,74.0,Feb/07/2010 07:29:44
705993,TIGER.PLAYS.APR10,Tiger Woods to play in PGA Tour event before 30 Apr 2010,1,74.1,Feb/07/2010 21:12:18
705993,TIGER.PLAYS.APR10,Tiger Woods to play in PGA Tour event before 30 Apr 2010,2,81.5,Feb/07/2010 21:22:38
705993,TIGER.PLAYS.APR10,Tiger Woods to play in PGA Tour event before 30 Apr 2010,1,80.0,Feb/07/2010 21:22:38
705993,TIGER.PLAYS.APR10,Tiger Woods to play in PGA Tour event before 30 Apr 2010,1,81.9,Feb/08/2010 15:21:02
705993,TIGER.PLAYS.APR10,Tiger Woods to play in PGA Tour event before 30 Apr 2010,3,82.0,Feb/08/2010 16:10:39
705993,TIGER.PLAYS.APR10,Tiger Woods to play in PGA Tour event before 30 Apr 2010,1,83.0,Feb/08/2010 16:10:49
705993,TIGER.PLAYS.APR10,Tiger Woods to play in PGA Tour event before 30 Apr 2010,16,85.0,Feb/08/2010 16:11:11
705993,TIGER.PLAYS.APR10,Tiger Woods to play in PGA Tour event before 30 Apr 2010,1,79.1,Feb/08/2010 22:32:45
705993,TIGER.PLAYS.APR10,Tiger Woods to play in PGA Tour event before 30 Apr 2010,1,80.1,Feb/08/2010 22:32:45
705993,TIGER.PLAYS.APR10,Tiger Woods to play in PGA Tour event before 30 Apr 2010,1,79.0,Feb/08/2010 22:34:17
705993,TIGER.PLAYS.APR10,Tiger Woods to play in PGA Tour event before 30 Apr 2010,1,79.0,Feb/08/2010 22:34:17
705993,TIGER.PLAYS.APR10,Tiger Woods to play in PGA Tour event before 30 Apr 2010,1,78.1,Feb/09/2010 01:00:39
705993,TIGER.PLAYS.APR10,Tiger Woods to play in PGA Tour event before 30 Apr 2010,1,79.0,Feb/09/2010 01:00:39
705993,TIGER.PLAYS.APR10,Tiger Woods to play in PGA Tour event before 30 Apr 2010,1,77.1,Feb/09/2010 03:30:09
705993,TIGER.PLAYS.APR10,Tiger Woods to play in PGA Tour event before 30 Apr 2010,1,76.1,Feb/09/2010 03:30:21
705993,TIGER.PLAYS.APR10,Tiger Woods to play in PGA Tour event before 30 Apr 2010,1,75.0,Feb/09/2010 03:30:30
705993,TIGER.PLAYS.APR10,Tiger Woods to play in PGA Tour event before 30 Apr 2010,1,76.0,Feb/09/2010 19:50:13
705993,TIGER.PLAYS.APR10,Tiger Woods to play in PGA Tour event before 30 Apr 2010,3,77.0,Feb/10/2010 00:10:26
705993,TIGER.PLAYS.APR10,Tiger Woods to play in PGA Tour event before 30 Apr 2010,1,76.0,Feb/10/2010 00:11:56
705993,TIGER.PLAYS.APR10,Tiger Woods to play in PGA Tour event before 30 Apr 2010,10,73.0,Feb/10/2010 23:34:49
705993,TIGER.PLAYS.APR10,Tiger Woods to play in PGA Tour event before 30 Apr 2010,5,75.0,Feb/11/2010 00:13:39
705993,TIGER.PLAYS.APR10,Tiger Woods to play in PGA Tour event before 30 Apr 2010,5,75.0,Feb/11/2010 05:05:03
705993,TIGER.PLAYS.APR10,Tiger Woods to play in PGA Tour event before 30 Apr 2010,1,78.0,Feb/12/2010 01:30:36
705993,TIGER.PLAYS.APR10,Tiger Woods to play in PGA Tour event before 30 Apr 2010,1,75.0,Feb/14/2010 07:57:32
705993,TIGER.PLAYS.APR10,Tiger Woods to play in PGA Tour event before 30 Apr 2010,1,80.0,Feb/16/2010 20:11:09
705993,TIGER.PLAYS.APR10,Tiger Woods to play in PGA Tour event before 30 Apr 2010,1,77.8,Feb/16/2010 20:11:09
705993,TIGER.PLAYS.APR10,Tiger Woods to play in PGA Tour event before 30 Apr 2010,4,76.9,Feb/16/2010 20:11:09
705993,TIGER.PLAYS.APR10,Tiger Woods to play in PGA Tour event before 30 Apr 2010,1,80.0,Feb/17/2010 19:55:49
705993,TIGER.PLAYS.APR10,Tiger Woods to play in PGA Tour event before 30 Apr 2010,1,88.7,Feb/17/2010 21:09:20
705993,TIGER.PLAYS.APR10,Tiger Woods to play in PGA Tour event before 30 Apr 2010,1,88.5,Feb/17/2010 21:09:20
705993,TIGER.PLAYS.APR10,Tiger Woods to play in PGA Tour event before 30 Apr 2010,4,88.7,Feb/17/2010 21:59:51
705993,TIGER.PLAYS.APR10,Tiger Woods to play in PGA Tour event before 30 Apr 2010,1,89.0,Feb/17/2010 22:00:26
705993,TIGER.PLAYS.APR10,Tiger Woods to play in PGA Tour event before 30 Apr 2010,5,89.0,Feb/17/2010 22:00:49
705993,TIGER.PLAYS.APR10,Tiger Woods to play in PGA Tour event before 30 Apr 2010,8,89.9,Feb/17/2010 23:02:56
705993,TIGER.PLAYS.APR10,Tiger Woods to play in PGA Tour event before 30 Apr 2010,5,89.0,Feb/17/2010 23:15:29
705993,TIGER.PLAYS.APR10,Tiger Woods to play in PGA Tour event before 30 Apr 2010,6,90.0,Feb/18/2010 01:14:20
705993,TIGER.PLAYS.APR10,Tiger Woods to play in PGA Tour event before 30 Apr 2010,5,89.0,Feb/18/2010 01:26:14
705993,TIGER.PLAYS.APR10,Tiger Woods to play in PGA Tour event before 30 Apr 2010,14,90.0,Feb/18/2010 01:27:04
705993,TIGER.PLAYS.APR10,Tiger Woods to play in PGA Tour event before 30 Apr 2010,1,88.7,Feb/18/2010 05:43:27
705993,TIGER.PLAYS.APR10,Tiger Woods to play in PGA Tour event before 30 Apr 2010,12,75.0,Feb/18/2010 05:50:53
705993,TIGER.PLAYS.APR10,Tiger Woods to play in PGA Tour event before 30 Apr 2010,5,76.0,Feb/18/2010 05:50:53
705993,TIGER.PLAYS.APR10,Tiger Woods to play in PGA Tour event before 30 Apr 2010,1,77.0,Feb/18/2010 13:27:53
705993,TIGER.PLAYS.APR10,Tiger Woods to play in PGA Tour event before 30 Apr 2010,7,86.7,Feb/18/2010 17:39:06
705993,TIGER.PLAYS.APR10,Tiger Woods to play in PGA Tour event before 30 Apr 2010,1,90.0,Feb/18/2010 18:54:29
705993,TIGER.PLAYS.APR10,Tiger Woods to play in PGA Tour event before 30 Apr 2010,1,85.0,Feb/19/2010 02:04:49
705993,TIGER.PLAYS.APR10,Tiger Woods to play in PGA Tour event before 30 Apr 2010,1,89.9,Feb/19/2010 02:13:14
705993,TIGER.PLAYS.APR10,Tiger Woods to play in PGA Tour event before 30 Apr 2010,5,85.0,Feb/19/2010 04:26:01
705993,TIGER.PLAYS.APR10,Tiger Woods to play in PGA Tour event before 30 Apr 2010,10,85.0,Feb/19/2010 04:50:14
705993,TIGER.PLAYS.APR10,Tiger Woods to play in PGA Tour event before 30 Apr 2010,4,85.0,Feb/19/2010 04:51:36
705993,TIGER.PLAYS.APR10,Tiger Woods to play in PGA Tour event before 30 Apr 2010,6,80.0,Feb/19/2010 06:10:07
705993,TIGER.PLAYS.APR10,Tiger Woods to play in PGA Tour event before 30 Apr 2010,2,88.0,Feb/19/2010 06:46:41
705993,TIGER.PLAYS.APR10,Tiger Woods to play in PGA Tour event before 30 Apr 2010,1,90.0,Feb/19/2010 06:46:41
705993,TIGER.PLAYS.APR10,Tiger Woods to play in PGA Tour event before 30 Apr 2010,1,80.0,Feb/19/2010 06:53:48
705993,TIGER.PLAYS.APR10,Tiger Woods to play in PGA Tour event before 30 Apr 2010,2,81.0,Feb/19/2010 08:47:07
705993,TIGER.PLAYS.APR10,Tiger Woods to play in PGA Tour event before 30 Apr 2010,13,80.0,Feb/19/2010 08:47:25
705993,TIGER.PLAYS.APR10,Tiger Woods to play in PGA Tour event before 30 Apr 2010,20,85.0,Feb/19/2010 14:02:56
705993,TIGER.PLAYS.APR10,Tiger Woods to play in PGA Tour event before 30 Apr 2010,1,78.5,Feb/19/2010 14:41:31
705993,TIGER.PLAYS.APR10,Tiger Woods to play in PGA Tour event before 30 Apr 2010,1,78.5,Feb/19/2010 15:01:28
705993,TIGER.PLAYS.APR10,Tiger Woods to play in PGA Tour event before 30 Apr 2010,20,88.0,Feb/19/2010 15:50:28
705993,TIGER.PLAYS.APR10,Tiger Woods to play in PGA Tour event before 30 Apr 2010,1,87.7,Feb/19/2010 15:50:28
705993,TIGER.PLAYS.APR10,Tiger Woods to play in PGA Tour event before 30 Apr 2010,2,90.0,Feb/19/2010 15:59:34
705993,TIGER.PLAYS.APR10,Tiger Woods to play in PGA Tour event before 30 Apr 2010,1,71.0,Feb/19/2010 16:09:19
705993,TIGER.PLAYS.APR10,Tiger Woods to play in PGA Tour event before 30 Apr 2010,8,71.0,Feb/19/2010 16:09:41
705993,TIGER.PLAYS.APR10,Tiger Woods to play in PGA Tour event before 30 Apr 2010,5,72.0,Feb/19/2010 16:13:22
705993,TIGER.PLAYS.APR10,Tiger Woods to play in PGA Tour event before 30 Apr 2010,1,50.1,Feb/19/2010 16:13:22
705993,TIGER.PLAYS.APR10,Tiger Woods to play in PGA Tour event before 30 Apr 2010,2,56.0,Feb/19/2010 16:13:22
705993,TIGER.PLAYS.APR10,Tiger Woods to play in PGA Tour event before 30 Apr 2010,1,45.1,Feb/19/2010 16:13:36
705993,TIGER.PLAYS.APR10,Tiger Woods to play in PGA Tour event before 30 Apr 2010,10,35.0,Feb/19/2010 16:14:07
705993,TIGER.PLAYS.APR10,Tiger Woods to play in PGA Tour event before 30 Apr 2010,3,30.7,Feb/19/2010 16:14:54
705993,TIGER.PLAYS.APR10,Tiger Woods to play in PGA Tour event before 30 Apr 2010,7,31.0,Feb/19/2010 16:14:54
705993,TIGER.PLAYS.APR10,Tiger Woods to play in PGA Tour event before 30 Apr 2010,5,30.0,Feb/19/2010 16:14:54
705993,TIGER.PLAYS.APR10,Tiger Woods to play in PGA Tour event before 30 Apr 2010,5,20.0,Feb/19/2010 16:15:37
705993,TIGER.PLAYS.APR10,Tiger Woods to play in PGA Tour event before 30 Apr 2010,28,20.0,Feb/19/2010 16:17:29
705993,TIGER.PLAYS.APR10,Tiger Woods to play in PGA Tour event before 30 Apr 2010,22,15.0,Feb/19/2010 16:17:42
705993,TIGER.PLAYS.APR10,Tiger Woods to play in PGA Tour event before 30 Apr 2010,20,20.0,Feb/19/2010 16:18:27
705993,TIGER.PLAYS.APR10,Tiger Woods to play in PGA Tour event before 30 Apr 2010,10,20.0,Feb/19/2010 16:18:33
705993,TIGER.PLAYS.APR10,Tiger Woods to play in PGA Tour event before 30 Apr 2010,20,20.0,Feb/19/2010 16:18:55
705993,TIGER.PLAYS.APR10,Tiger Woods to play in PGA Tour event before 30 Apr 2010,5,20.0,Feb/19/2010 16:20:55
705993,TIGER.PLAYS.APR10,Tiger Woods to play in PGA Tour event before 30 Apr 2010,10,20.0,Feb/19/2010 16:20:55
705993,TIGER.PLAYS.APR10,Tiger Woods to play in PGA Tour event before 30 Apr 2010,20,29.0,Feb/19/2010 16:21:37
705993,TIGER.PLAYS.APR10,Tiger Woods to play in PGA Tour event before 30 Apr 2010,5,20.0,Feb/19/2010 16:21:39
705993,TIGER.PLAYS.APR10,Tiger Woods to play in PGA Tour event before 30 Apr 2010,1,20.0,Feb/19/2010 16:22:05
705993,TIGER.PLAYS.APR10,Tiger Woods to play in PGA Tour event before 30 Apr 2010,14,20.0,Feb/19/2010 16:22:33
705993,TIGER.PLAYS.APR10,Tiger Woods to play in PGA Tour event before 30 Apr 2010,35,39.0,Feb/19/2010 16:37:57
705993,TIGER.PLAYS.APR10,Tiger Woods to play in PGA Tour event before 30 Apr 2010,1,25.0,Feb/19/2010 16:52:20
705993,TIGER.PLAYS.APR10,Tiger Woods to play in PGA Tour event before 30 Apr 2010,21,24.9,Feb/19/2010 16:58:29
705993,TIGER.PLAYS.APR10,Tiger Woods to play in PGA Tour event before 30 Apr 2010,4,25.0,Feb/19/2010 16:58:29
705993,TIGER.PLAYS.APR10,Tiger Woods to play in PGA Tour event before 30 Apr 2010,11,24.9,Feb/19/2010 16:59:21
705993,TIGER.PLAYS.APR10,Tiger Woods to play in PGA Tour event before 30 Apr 2010,5,38.0,Feb/19/2010 17:29:49
705993,TIGER.PLAYS.APR10,Tiger Woods to play in PGA Tour event before 30 Apr 2010,1,38.9,Feb/19/2010 17:31:06
705993,TIGER.PLAYS.APR10,Tiger Woods to play in PGA Tour event before 30 Apr 2010,1,38.9,Feb/19/2010 17:32:14
705993,TIGER.PLAYS.APR10,Tiger Woods to play in PGA Tour event before 30 Apr 2010,1,38.9,Feb/19/2010 17:32:14
705993,TIGER.PLAYS.APR10,Tiger Woods to play in PGA Tour event before 30 Apr 2010,5,39.0,Feb/19/2010 17:33:50
705993,TIGER.PLAYS.APR10,Tiger Woods to play in PGA Tour event before 30 Apr 2010,2,39.0,Feb/19/2010 17:33:50
705993,TIGER.PLAYS.APR10,Tiger Woods to play in PGA Tour event before 30 Apr 2010,3,39.0,Feb/19/2010 17:36:00
705993,TIGER.PLAYS.APR10,Tiger Woods to play in PGA Tour event before 30 Apr 2010,2,30.1,Feb/19/2010 17:50:45
705993,TIGER.PLAYS.APR10,Tiger Woods to play in PGA Tour event before 30 Apr 2010,2,30.1,Feb/19/2010 17:50:45
705993,TIGER.PLAYS.APR10,Tiger Woods to play in PGA Tour event before 30 Apr 2010,2,35.0,Feb/19/2010 18:05:19
705993,TIGER.PLAYS.APR10,Tiger Woods to play in PGA Tour event before 30 Apr 2010,6,40.0,Feb/19/2010 18:47:34
705993,TIGER.PLAYS.APR10,Tiger Woods to play in PGA Tour event before 30 Apr 2010,9,40.0,Feb/19/2010 19:04:21
705993,TIGER.PLAYS.APR10,Tiger Woods to play in PGA Tour event before 30 Apr 2010,1,40.0,Feb/19/2010 19:34:27
705993,TIGER.PLAYS.APR10,Tiger Woods to play in PGA Tour event before 30 Apr 2010,1,40.0,Feb/19/2010 20:15:38
705993,TIGER.PLAYS.APR10,Tiger Woods to play in PGA Tour event before 30 Apr 2010,1,40.0,Feb/19/2010 20:21:01
705993,TIGER.PLAYS.APR10,Tiger Woods to play in PGA Tour event before 30 Apr 2010,12,40.0,Feb/19/2010 20:21:39
705993,TIGER.PLAYS.APR10,Tiger Woods to play in PGA Tour event before 30 Apr 2010,10,43.0,Feb/19/2010 20:24:05
705993,TIGER.PLAYS.APR10,Tiger Woods to play in PGA Tour event before 30 Apr 2010,1,40.0,Feb/19/2010 20:27:02
705993,TIGER.PLAYS.APR10,Tiger Woods to play in PGA Tour event before 30 Apr 2010,5,35.0,Feb/19/2010 20:27:47
705993,TIGER.PLAYS.APR10,Tiger Woods to play in PGA Tour event before 30 Apr 2010,15,40.0,Feb/19/2010 21:57:34
705993,TIGER.PLAYS.APR10,Tiger Woods to play in PGA Tour event before 30 Apr 2010,10,36.0,Feb/19/2010 22:30:38
705993,TIGER.PLAYS.APR10,Tiger Woods to play in PGA Tour event before 30 Apr 2010,3,35.0,Feb/19/2010 22:30:38
705993,TIGER.PLAYS.APR10,Tiger Woods to play in PGA Tour event before 30 Apr 2010,5,35.0,Feb/19/2010 22:30:53
705993,TIGER.PLAYS.APR10,Tiger Woods to play in PGA Tour event before 30 Apr 2010,1,41.9,Feb/19/2010 23:09:25
705993,TIGER.PLAYS.APR10,Tiger Woods to play in PGA Tour event before 30 Apr 2010,1,39.0,Feb/20/2010 02:21:25
705993,TIGER.PLAYS.APR10,Tiger Woods to play in PGA Tour event before 30 Apr 2010,9,39.0,Feb/20/2010 02:49:42
705993,TIGER.PLAYS.APR10,Tiger Woods to play in PGA Tour event before 30 Apr 2010,1,39.0,Feb/20/2010 02:49:42
705993,TIGER.PLAYS.APR10,Tiger Woods to play in PGA Tour event before 30 Apr 2010,5,35.0,Feb/20/2010 02:49:44
705993,TIGER.PLAYS.APR10,Tiger Woods to play in PGA Tour event before 30 Apr 2010,17,35.0,Feb/20/2010 02:49:44
705993,TIGER.PLAYS.APR10,Tiger Woods to play in PGA Tour event before 30 Apr 2010,3,39.0,Feb/20/2010 12:55:41
705993,TIGER.PLAYS.APR10,Tiger Woods to play in PGA Tour event before 30 Apr 2010,1,39.9,Feb/20/2010 19:36:13
705993,TIGER.PLAYS.APR10,Tiger Woods to play in PGA Tour event before 30 Apr 2010,6,39.9,Feb/20/2010 20:36:27
705993,TIGER.PLAYS.APR10,Tiger Woods to play in PGA Tour event before 30 Apr 2010,1,35.1,Feb/21/2010 01:16:44
705993,TIGER.PLAYS.APR10,Tiger Woods to play in PGA Tour event before 30 Apr 2010,1,36.1,Feb/21/2010 01:16:44
705993,TIGER.PLAYS.APR10,Tiger Woods to play in PGA Tour event before 30 Apr 2010,1,35.0,Feb/21/2010 01:16:44
705993,TIGER.PLAYS.APR10,Tiger Woods to play in PGA Tour event before 30 Apr 2010,1,35.0,Feb/21/2010 20:39:26
705993,TIGER.PLAYS.APR10,Tiger Woods to play in PGA Tour event before 30 Apr 2010,1,34.1,Feb/22/2010 01:54:02
705993,TIGER.PLAYS.APR10,Tiger Woods to play in PGA Tour event before 30 Apr 2010,10,35.0,Feb/22/2010 01:54:02
705993,TIGER.PLAYS.APR10,Tiger Woods to play in PGA Tour event before 30 Apr 2010,1,33.1,Feb/22/2010 01:54:02
705993,TIGER.PLAYS.APR10,Tiger Woods to play in PGA Tour event before 30 Apr 2010,18,35.0,Feb/22/2010 01:54:02
705993,TIGER.PLAYS.APR10,Tiger Woods to play in PGA Tour event before 30 Apr 2010,22,40.0,Feb/22/2010 01:55:08
705993,TIGER.PLAYS.APR10,Tiger Woods to play in PGA Tour event before 30 Apr 2010,1,39.9,Feb/22/2010 01:55:08
705993,TIGER.PLAYS.APR10,Tiger Woods to play in PGA Tour event before 30 Apr 2010,7,45.0,Feb/22/2010 01:55:33
705993,TIGER.PLAYS.APR10,Tiger Woods to play in PGA Tour event before 30 Apr 2010,10,44.0,Feb/22/2010 02:54:50
705993,TIGER.PLAYS.APR10,Tiger Woods to play in PGA Tour event before 30 Apr 2010,3,44.0,Feb/22/2010 02:54:50
705993,TIGER.PLAYS.APR10,Tiger Woods to play in PGA Tour event before 30 Apr 2010,7,45.0,Feb/22/2010 02:54:50
705993,TIGER.PLAYS.APR10,Tiger Woods to play in PGA Tour event before 30 Apr 2010,5,40.0,Feb/22/2010 22:02:35
705993,TIGER.PLAYS.APR10,Tiger Woods to play in PGA Tour event before 30 Apr 2010,2,44.5,Feb/23/2010 06:30:56
705993,TIGER.PLAYS.APR10,Tiger Woods to play in PGA Tour event before 30 Apr 2010,17,50.0,Feb/23/2010 06:30:56
705993,TIGER.PLAYS.APR10,Tiger Woods to play in PGA Tour event before 30 Apr 2010,1,44.9,Feb/23/2010 06:30:56
705993,TIGER.PLAYS.APR10,Tiger Woods to play in PGA Tour event before 30 Apr 2010,3,40.1,Feb/24/2010 02:22:25
705993,TIGER.PLAYS.APR10,Tiger Woods to play in PGA Tour event before 30 Apr 2010,1,40.2,Feb/24/2010 02:22:25
705993,TIGER.PLAYS.APR10,Tiger Woods to play in PGA Tour event before 30 Apr 2010,1,42.1,Feb/25/2010 16:27:53
705993,TIGER.PLAYS.APR10,Tiger Woods to play in PGA Tour event before 30 Apr 2010,2,42.1,Feb/25/2010 18:19:51
705993,TIGER.PLAYS.APR10,Tiger Woods to play in PGA Tour event before 30 Apr 2010,2,42.1,Feb/25/2010 19:49:41
705993,TIGER.PLAYS.APR10,Tiger Woods to play in PGA Tour event before 30 Apr 2010,2,41.7,Feb/25/2010 23:26:21
705993,TIGER.PLAYS.APR10,Tiger Woods to play in PGA Tour event before 30 Apr 2010,8,41.6,Feb/25/2010 23:26:21
705993,TIGER.PLAYS.APR10,Tiger Woods to play in PGA Tour event before 30 Apr 2010,7,41.6,Feb/27/2010 04:49:27
705993,TIGER.PLAYS.APR10,Tiger Woods to play in PGA Tour event before 30 Apr 2010,1,40.1,Feb/27/2010 04:49:27
705993,TIGER.PLAYS.APR10,Tiger Woods to play in PGA Tour event before 30 Apr 2010,1,40.1,Feb/27/2010 04:49:27
705993,TIGER.PLAYS.APR10,Tiger Woods to play in PGA Tour event before 30 Apr 2010,11,40.0,Feb/27/2010 04:49:27
705993,TIGER.PLAYS.APR10,Tiger Woods to play in PGA Tour event before 30 Apr 2010,8,40.0,Feb/27/2010 17:20:22
705993,TIGER.PLAYS.APR10,Tiger Woods to play in PGA Tour event before 30 Apr 2010,1,36.1,Mar/01/2010 04:25:31
705993,TIGER.PLAYS.APR10,Tiger Woods to play in PGA Tour event before 30 Apr 2010,1,35.1,Mar/01/2010 04:59:37
705993,TIGER.PLAYS.APR10,Tiger Woods to play in PGA Tour event before 30 Apr 2010,1,33.0,Mar/01/2010 05:41:26
705993,TIGER.PLAYS.APR10,Tiger Woods to play in PGA Tour event before 30 Apr 2010,1,30.1,Mar/01/2010 05:43:01
705993,TIGER.PLAYS.APR10,Tiger Woods to play in PGA Tour event before 30 Apr 2010,5,36.1,Mar/01/2010 05:56:23
705993,TIGER.PLAYS.APR10,Tiger Woods to play in PGA Tour event before 30 Apr 2010,15,30.0,Mar/01/2010 14:32:18
705993,TIGER.PLAYS.APR10,Tiger Woods to play in PGA Tour event before 30 Apr 2010,5,30.1,Mar/01/2010 14:32:18
705993,TIGER.PLAYS.APR10,Tiger Woods to play in PGA Tour event before 30 Apr 2010,5,30.0,Mar/01/2010 14:32:31
705993,TIGER.PLAYS.APR10,Tiger Woods to play in PGA Tour event before 30 Apr 2010,10,30.0,Mar/02/2010 05:26:11
705993,TIGER.PLAYS.APR10,Tiger Woods to play in PGA Tour event before 30 Apr 2010,2,32.0,Mar/02/2010 15:49:53
705993,TIGER.PLAYS.APR10,Tiger Woods to play in PGA Tour event before 30 Apr 2010,1,35.0,Mar/02/2010 16:15:51
705993,TIGER.PLAYS.APR10,Tiger Woods to play in PGA Tour event before 30 Apr 2010,1,36.0,Mar/02/2010 16:15:51
705993,TIGER.PLAYS.APR10,Tiger Woods to play in PGA Tour event before 30 Apr 2010,1,39.0,Mar/02/2010 16:15:51
705993,TIGER.PLAYS.APR10,Tiger Woods to play in PGA Tour event before 30 Apr 2010,1,38.0,Mar/02/2010 16:15:51
705993,TIGER.PLAYS.APR10,Tiger Woods to play in PGA Tour event before 30 Apr 2010,1,37.0,Mar/02/2010 16:15:51
705993,TIGER.PLAYS.APR10,Tiger Woods to play in PGA Tour event before 30 Apr 2010,1,40.0,Mar/02/2010 16:15:58
705993,TIGER.PLAYS.APR10,Tiger Woods to play in PGA Tour event before 30 Apr 2010,20,40.0,Mar/02/2010 16:15:58
705993,TIGER.PLAYS.APR10,Tiger Woods to play in PGA Tour event before 30 Apr 2010,32,44.0,Mar/02/2010 16:16:46
705993,TIGER.PLAYS.APR10,Tiger Woods to play in PGA Tour event before 30 Apr 2010,1,41.0,Mar/02/2010 16:16:46
705993,TIGER.PLAYS.APR10,Tiger Woods to play in PGA Tour event before 30 Apr 2010,1,42.0,Mar/02/2010 16:16:46
705993,TIGER.PLAYS.APR10,Tiger Woods to play in PGA Tour event before 30 Apr 2010,1,42.9,Mar/02/2010 16:16:46
705993,TIGER.PLAYS.APR10,Tiger Woods to play in PGA Tour event before 30 Apr 2010,1,43.9,Mar/02/2010 16:16:46
705993,TIGER.PLAYS.APR10,Tiger Woods to play in PGA Tour event before 30 Apr 2010,1,44.9,Mar/02/2010 17:00:00
705993,TIGER.PLAYS.APR10,Tiger Woods to play in PGA Tour event before 30 Apr 2010,1,45.9,Mar/02/2010 17:19:03
705993,TIGER.PLAYS.APR10,Tiger Woods to play in PGA Tour event before 30 Apr 2010,1,46.9,Mar/02/2010 17:22:49
705993,TIGER.PLAYS.APR10,Tiger Woods to play in PGA Tour event before 30 Apr 2010,1,47.9,Mar/02/2010 17:22:49
705993,TIGER.PLAYS.APR10,Tiger Woods to play in PGA Tour event before 30 Apr 2010,1,48.9,Mar/02/2010 17:22:49
705993,TIGER.PLAYS.APR10,Tiger Woods to play in PGA Tour event before 30 Apr 2010,1,49.9,Mar/02/2010 17:22:49
705993,TIGER.PLAYS.APR10,Tiger Woods to play in PGA Tour event before 30 Apr 2010,1,50.9,Mar/02/2010 17:22:49
705993,TIGER.PLAYS.APR10,Tiger Woods to play in PGA Tour event before 30 Apr 2010,1,45.0,Mar/02/2010 18:46:11
705993,TIGER.PLAYS.APR10,Tiger Woods to play in PGA Tour event before 30 Apr 2010,1,51.9,Mar/02/2010 18:46:38
705993,TIGER.PLAYS.APR10,Tiger Woods to play in PGA Tour event before 30 Apr 2010,1,52.9,Mar/02/2010 18:47:00
705993,TIGER.PLAYS.APR10,Tiger Woods to play in PGA Tour event before 30 Apr 2010,1,53.9,Mar/02/2010 18:47:22
705993,TIGER.PLAYS.APR10,Tiger Woods to play in PGA Tour event before 30 Apr 2010,1,54.9,Mar/02/2010 18:47:39
705993,TIGER.PLAYS.APR10,Tiger Woods to play in PGA Tour event before 30 Apr 2010,1,49.8,Mar/03/2010 00:16:51
705993,TIGER.PLAYS.APR10,Tiger Woods to play in PGA Tour event before 30 Apr 2010,1,49.9,Mar/03/2010 00:17:29
705993,TIGER.PLAYS.APR10,Tiger Woods to play in PGA Tour event before 30 Apr 2010,1,50.9,Mar/03/2010 00:17:47
705993,TIGER.PLAYS.APR10,Tiger Woods to play in PGA Tour event before 30 Apr 2010,1,51.9,Mar/03/2010 00:18:08
705993,TIGER.PLAYS.APR10,Tiger Woods to play in PGA Tour event before 30 Apr 2010,1,52.9,Mar/03/2010 00:18:29
705993,TIGER.PLAYS.APR10,Tiger Woods to play in PGA Tour event before 30 Apr 2010,1,53.9,Mar/03/2010 00:18:44
705993,TIGER.PLAYS.APR10,Tiger Woods to play in PGA Tour event before 30 Apr 2010,1,54.9,Mar/03/2010 00:19:02
705993,TIGER.PLAYS.APR10,Tiger Woods to play in PGA Tour event before 30 Apr 2010,3,55.0,Mar/03/2010 00:20:18
705993,TIGER.PLAYS.APR10,Tiger Woods to play in PGA Tour event before 30 Apr 2010,5,55.0,Mar/03/2010 00:30:49
705993,TIGER.PLAYS.APR10,Tiger Woods to play in PGA Tour event before 30 Apr 2010,15,55.0,Mar/03/2010 00:30:49
705993,TIGER.PLAYS.APR10,Tiger Woods to play in PGA Tour event before 30 Apr 2010,15,55.0,Mar/03/2010 00:30:58
705993,TIGER.PLAYS.APR10,Tiger Woods to play in PGA Tour event before 30 Apr 2010,2,65.0,Mar/03/2010 02:49:05
705993,TIGER.PLAYS.APR10,Tiger Woods to play in PGA Tour event before 30 Apr 2010,4,55.0,Mar/03/2010 06:09:21
705993,TIGER.PLAYS.APR10,Tiger Woods to play in PGA Tour event before 30 Apr 2010,5,60.0,Mar/03/2010 06:53:12
705993,TIGER.PLAYS.APR10,Tiger Woods to play in PGA Tour event before 30 Apr 2010,3,60.0,Mar/03/2010 13:32:23
705993,TIGER.PLAYS.APR10,Tiger Woods to play in PGA Tour event before 30 Apr 2010,1,59.9,Mar/03/2010 17:57:43
705993,TIGER.PLAYS.APR10,Tiger Woods to play in PGA Tour event before 30 Apr 2010,9,59.9,Mar/03/2010 18:06:03
705993,TIGER.PLAYS.APR10,Tiger Woods to play in PGA Tour event before 30 Apr 2010,1,60.0,Mar/03/2010 18:06:03
705993,TIGER.PLAYS.APR10,Tiger Woods to play in PGA Tour event before 30 Apr 2010,1,60.0,Mar/03/2010 19:53:24
705993,TIGER.PLAYS.APR10,Tiger Woods to play in PGA Tour event before 30 Apr 2010,1,50.0,Mar/03/2010 20:27:08
705993,TIGER.PLAYS.APR10,Tiger Woods to play in PGA Tour event before 30 Apr 2010,13,70.0,Mar/04/2010 02:51:04
705993,TIGER.PLAYS.APR10,Tiger Woods to play in PGA Tour event before 30 Apr 2010,6,69.9,Mar/04/2010 02:51:04
705993,TIGER.PLAYS.APR10,Tiger Woods to play in PGA Tour event before 30 Apr 2010,1,65.0,Mar/04/2010 02:51:04
705993,TIGER.PLAYS.APR10,Tiger Woods to play in PGA Tour event before 30 Apr 2010,10,70.0,Mar/04/2010 18:15:39
705993,TIGER.PLAYS.APR10,Tiger Woods to play in PGA Tour event before 30 Apr 2010,6,60.1,Mar/05/2010 07:41:45
705993,TIGER.PLAYS.APR10,Tiger Woods to play in PGA Tour event before 30 Apr 2010,1,61.8,Mar/05/2010 22:52:31
705993,TIGER.PLAYS.APR10,Tiger Woods to play in PGA Tour event before 30 Apr 2010,1,61.1,Mar/06/2010 03:50:20
705993,TIGER.PLAYS.APR10,Tiger Woods to play in PGA Tour event before 30 Apr 2010,3,60.1,Mar/06/2010 03:50:20
705993,TIGER.PLAYS.APR10,Tiger Woods to play in PGA Tour event before 30 Apr 2010,1,61.0,Mar/06/2010 03:50:20
705993,TIGER.PLAYS.APR10,Tiger Woods to play in PGA Tour event before 30 Apr 2010,3,60.0,Mar/06/2010 05:30:27
705993,TIGER.PLAYS.APR10,Tiger Woods to play in PGA Tour event before 30 Apr 2010,2,60.1,Mar/06/2010 05:30:27
705993,TIGER.PLAYS.APR10,Tiger Woods to play in PGA Tour event before 30 Apr 2010,10,62.9,Mar/06/2010 14:14:04
705993,TIGER.PLAYS.APR10,Tiger Woods to play in PGA Tour event before 30 Apr 2010,4,63.0,Mar/06/2010 14:14:04
705993,TIGER.PLAYS.APR10,Tiger Woods to play in PGA Tour event before 30 Apr 2010,2,61.9,Mar/06/2010 14:14:04
705993,TIGER.PLAYS.APR10,Tiger Woods to play in PGA Tour event before 30 Apr 2010,10,62.5,Mar/06/2010 14:14:04
705993,TIGER.PLAYS.APR10,Tiger Woods to play in PGA Tour event before 30 Apr 2010,5,62.0,Mar/06/2010 14:14:04
705993,TIGER.PLAYS.APR10,Tiger Woods to play in PGA Tour event before 30 Apr 2010,2,60.6,Mar/07/2010 01:40:12
705993,TIGER.PLAYS.APR10,Tiger Woods to play in PGA Tour event before 30 Apr 2010,3,60.5,Mar/07/2010 01:40:12
705993,TIGER.PLAYS.APR10,Tiger Woods to play in PGA Tour event before 30 Apr 2010,5,60.1,Mar/07/2010 01:40:12
705993,TIGER.PLAYS.APR10,Tiger Woods to play in PGA Tour event before 30 Apr 2010,5,60.1,Mar/07/2010 16:21:45
705993,TIGER.PLAYS.APR10,Tiger Woods to play in PGA Tour event before 30 Apr 2010,5,60.0,Mar/07/2010 16:22:07
705993,TIGER.PLAYS.APR10,Tiger Woods to play in PGA Tour event before 30 Apr 2010,5,61.8,Mar/08/2010 01:34:44
705993,TIGER.PLAYS.APR10,Tiger Woods to play in PGA Tour event before 30 Apr 2010,20,61.9,Mar/08/2010 02:01:18
705993,TIGER.PLAYS.APR10,Tiger Woods to play in PGA Tour event before 30 Apr 2010,2,62.0,Mar/08/2010 02:05:15
705993,TIGER.PLAYS.APR10,Tiger Woods to play in PGA Tour event before 30 Apr 2010,7,59.0,Mar/08/2010 02:15:28
705993,TIGER.PLAYS.APR10,Tiger Woods to play in PGA Tour event before 30 Apr 2010,5,59.9,Mar/08/2010 03:43:28
705993,TIGER.PLAYS.APR10,Tiger Woods to play in PGA Tour event before 30 Apr 2010,10,59.0,Mar/08/2010 03:43:28
705993,TIGER.PLAYS.APR10,Tiger Woods to play in PGA Tour event before 30 Apr 2010,10,62.0,Mar/08/2010 05:15:29
705993,TIGER.PLAYS.APR10,Tiger Woods to play in PGA Tour event before 30 Apr 2010,1,62.0,Mar/08/2010 05:21:30
705993,TIGER.PLAYS.APR10,Tiger Woods to play in PGA Tour event before 30 Apr 2010,7,62.0,Mar/08/2010 05:36:18
705993,TIGER.PLAYS.APR10,Tiger Woods to play in PGA Tour event before 30 Apr 2010,1,69.5,Mar/08/2010 09:01:05
705993,TIGER.PLAYS.APR10,Tiger Woods to play in PGA Tour event before 30 Apr 2010,3,69.5,Mar/08/2010 10:09:34
705993,TIGER.PLAYS.APR10,Tiger Woods to play in PGA Tour event before 30 Apr 2010,1,73.0,Mar/08/2010 11:40:52
705993,TIGER.PLAYS.APR10,Tiger Woods to play in PGA Tour event before 30 Apr 2010,21,75.0,Mar/08/2010 11:41:48
705993,TIGER.PLAYS.APR10,Tiger Woods to play in PGA Tour event before 30 Apr 2010,9,75.0,Mar/08/2010 11:41:48
705993,TIGER.PLAYS.APR10,Tiger Woods to play in PGA Tour event before 30 Apr 2010,23,70.0,Mar/08/2010 16:34:51
705993,TIGER.PLAYS.APR10,Tiger Woods to play in PGA Tour event before 30 Apr 2010,3,74.0,Mar/08/2010 19:14:28
705993,TIGER.PLAYS.APR10,Tiger Woods to play in PGA Tour event before 30 Apr 2010,2,65.0,Mar/09/2010 02:26:28
705993,TIGER.PLAYS.APR10,Tiger Woods to play in PGA Tour event before 30 Apr 2010,5,65.0,Mar/09/2010 04:14:59
705993,TIGER.PLAYS.APR10,Tiger Woods to play in PGA Tour event before 30 Apr 2010,3,63.0,Mar/09/2010 04:15:17
705993,TIGER.PLAYS.APR10,Tiger Woods to play in PGA Tour event before 30 Apr 2010,2,63.1,Mar/09/2010 04:15:17
705993,TIGER.PLAYS.APR10,Tiger Woods to play in PGA Tour event before 30 Apr 2010,5,64.0,Mar/09/2010 13:53:05
705993,TIGER.PLAYS.APR10,Tiger Woods to play in PGA Tour event before 30 Apr 2010,2,66.0,Mar/09/2010 20:15:04
705993,TIGER.PLAYS.APR10,Tiger Woods to play in PGA Tour event before 30 Apr 2010,4,67.0,Mar/09/2010 20:15:04
705993,TIGER.PLAYS.APR10,Tiger Woods to play in PGA Tour event before 30 Apr 2010,3,68.0,Mar/09/2010 20:15:04
705993,TIGER.PLAYS.APR10,Tiger Woods to play in PGA Tour event before 30 Apr 2010,2,69.0,Mar/09/2010 20:15:04
705993,TIGER.PLAYS.APR10,Tiger Woods to play in PGA Tour event before 30 Apr 2010,1,70.0,Mar/09/2010 20:15:04
705993,TIGER.PLAYS.APR10,Tiger Woods to play in PGA Tour event before 30 Apr 2010,5,74.7,Mar/09/2010 20:19:55
705993,TIGER.PLAYS.APR10,Tiger Woods to play in PGA Tour event before 30 Apr 2010,1,71.0,Mar/10/2010 02:47:58
705993,TIGER.PLAYS.APR10,Tiger Woods to play in PGA Tour event before 30 Apr 2010,1,72.0,Mar/10/2010 02:47:58
705993,TIGER.PLAYS.APR10,Tiger Woods to play in PGA Tour event before 30 Apr 2010,26,70.0,Mar/10/2010 02:47:58
705993,TIGER.PLAYS.APR10,Tiger Woods to play in PGA Tour event before 30 Apr 2010,1,78.9,Mar/10/2010 08:34:38
705993,TIGER.PLAYS.APR10,Tiger Woods to play in PGA Tour event before 30 Apr 2010,1,77.9,Mar/10/2010 08:34:38
705993,TIGER.PLAYS.APR10,Tiger Woods to play in PGA Tour event before 30 Apr 2010,1,76.9,Mar/10/2010 08:34:38
705993,TIGER.PLAYS.APR10,Tiger Woods to play in PGA Tour event before 30 Apr 2010,1,75.9,Mar/10/2010 08:34:38
705993,TIGER.PLAYS.APR10,Tiger Woods to play in PGA Tour event before 30 Apr 2010,1,74.9,Mar/10/2010 08:34:38
705993,TIGER.PLAYS.APR10,Tiger Woods to play in PGA Tour event before 30 Apr 2010,20,80.0,Mar/10/2010 10:31:55
705993,TIGER.PLAYS.APR10,Tiger Woods to play in PGA Tour event before 30 Apr 2010,23,79.9,Mar/10/2010 10:31:55
705993,TIGER.PLAYS.APR10,Tiger Woods to play in PGA Tour event before 30 Apr 2010,1,79.8,Mar/10/2010 10:31:55
705993,TIGER.PLAYS.APR10,Tiger Woods to play in PGA Tour event before 30 Apr 2010,1,80.0,Mar/10/2010 12:28:56
705993,TIGER.PLAYS.APR10,Tiger Woods to play in PGA Tour event before 30 Apr 2010,3,70.0,Mar/10/2010 17:28:14
705993,TIGER.PLAYS.APR10,Tiger Woods to play in PGA Tour event before 30 Apr 2010,5,80.0,Mar/10/2010 23:11:12
705993,TIGER.PLAYS.APR10,Tiger Woods to play in PGA Tour event before 30 Apr 2010,8,82.0,Mar/11/2010 05:30:49
705993,TIGER.PLAYS.APR10,Tiger Woods to play in PGA Tour event before 30 Apr 2010,2,75.0,Mar/11/2010 13:07:00
705993,TIGER.PLAYS.APR10,Tiger Woods to play in PGA Tour event before 30 Apr 2010,1,80.0,Mar/11/2010 15:01:40
705993,TIGER.PLAYS.APR10,Tiger Woods to play in PGA Tour event before 30 Apr 2010,1,81.0,Mar/11/2010 15:01:40
705993,TIGER.PLAYS.APR10,Tiger Woods to play in PGA Tour event before 30 Apr 2010,4,82.0,Mar/11/2010 15:01:40
705993,TIGER.PLAYS.APR10,Tiger Woods to play in PGA Tour event before 30 Apr 2010,3,82.0,Mar/11/2010 15:40:57
705993,TIGER.PLAYS.APR10,Tiger Woods to play in PGA Tour event before 30 Apr 2010,1,85.0,Mar/11/2010 16:16:35
705993,TIGER.PLAYS.APR10,Tiger Woods to play in PGA Tour event before 30 Apr 2010,1,89.0,Mar/11/2010 17:40:40
705993,TIGER.PLAYS.APR10,Tiger Woods to play in PGA Tour event before 30 Apr 2010,1,88.0,Mar/11/2010 17:40:40
705993,TIGER.PLAYS.APR10,Tiger Woods to play in PGA Tour event before 30 Apr 2010,1,87.0,Mar/11/2010 17:40:40
705993,TIGER.PLAYS.APR10,Tiger Woods to play in PGA Tour event before 30 Apr 2010,1,86.0,Mar/11/2010 17:40:40
705993,TIGER.PLAYS.APR10,Tiger Woods to play in PGA Tour event before 30 Apr 2010,7,90.0,Mar/11/2010 18:02:07
705993,TIGER.PLAYS.APR10,Tiger Woods to play in PGA Tour event before 30 Apr 2010,5,90.0,Mar/11/2010 18:28:58
705993,TIGER.PLAYS.APR10,Tiger Woods to play in PGA Tour event before 30 Apr 2010,4,90.0,Mar/11/2010 18:29:25
705993,TIGER.PLAYS.APR10,Tiger Woods to play in PGA Tour event before 30 Apr 2010,1,90.0,Mar/11/2010 18:29:56
705993,TIGER.PLAYS.APR10,Tiger Woods to play in PGA Tour event before 30 Apr 2010,3,90.0,Mar/11/2010 18:31:04
705993,TIGER.PLAYS.APR10,Tiger Woods to play in PGA Tour event before 30 Apr 2010,3,98.0,Mar/11/2010 19:05:25
705993,TIGER.PLAYS.APR10,Tiger Woods to play in PGA Tour event before 30 Apr 2010,5,90.0,Mar/11/2010 20:04:22
705993,TIGER.PLAYS.APR10,Tiger Woods to play in PGA Tour event before 30 Apr 2010,5,90.0,Mar/11/2010 21:47:50
705993,TIGER.PLAYS.APR10,Tiger Woods to play in PGA Tour event before 30 Apr 2010,15,91.0,Mar/11/2010 22:01:10
705993,TIGER.PLAYS.APR10,Tiger Woods to play in PGA Tour event before 30 Apr 2010,5,91.0,Mar/11/2010 22:45:49
705993,TIGER.PLAYS.APR10,Tiger Woods to play in PGA Tour event before 30 Apr 2010,1,86.0,Mar/11/2010 23:22:03
705993,TIGER.PLAYS.APR10,Tiger Woods to play in PGA Tour event before 30 Apr 2010,3,86.0,Mar/11/2010 23:22:24
705993,TIGER.PLAYS.APR10,Tiger Woods to play in PGA Tour event before 30 Apr 2010,3,86.0,Mar/11/2010 23:36:04
705993,TIGER.PLAYS.APR10,Tiger Woods to play in PGA Tour event before 30 Apr 2010,3,86.1,Mar/12/2010 02:20:50
705993,TIGER.PLAYS.APR10,Tiger Woods to play in PGA Tour event before 30 Apr 2010,20,85.0,Mar/12/2010 02:20:50
705993,TIGER.PLAYS.APR10,Tiger Woods to play in PGA Tour event before 30 Apr 2010,1,85.0,Mar/12/2010 02:20:50
705993,TIGER.PLAYS.APR10,Tiger Woods to play in PGA Tour event before 30 Apr 2010,3,85.0,Mar/12/2010 02:21:31
705993,TIGER.PLAYS.APR10,Tiger Woods to play in PGA Tour event before 30 Apr 2010,3,90.0,Mar/12/2010 04:59:12
705993,TIGER.PLAYS.APR10,Tiger Woods to play in PGA Tour event before 30 Apr 2010,3,89.9,Mar/12/2010 04:59:12
705993,TIGER.PLAYS.APR10,Tiger Woods to play in PGA Tour event before 30 Apr 2010,1,90.1,Mar/12/2010 12:50:59
705993,TIGER.PLAYS.APR10,Tiger Woods to play in PGA Tour event before 30 Apr 2010,17,90.0,Mar/12/2010 12:59:45
705993,TIGER.PLAYS.APR10,Tiger Woods to play in PGA Tour event before 30 Apr 2010,3,90.1,Mar/12/2010 15:26:45
705993,TIGER.PLAYS.APR10,Tiger Woods to play in PGA Tour event before 30 Apr 2010,3,90.0,Mar/12/2010 15:26:54
705993,TIGER.PLAYS.APR10,Tiger Woods to play in PGA Tour event before 30 Apr 2010,2,94.9,Mar/12/2010 16:10:53
705993,TIGER.PLAYS.APR10,Tiger Woods to play in PGA Tour event before 30 Apr 2010,1,94.4,Mar/12/2010 16:31:20
705993,TIGER.PLAYS.APR10,Tiger Woods to play in PGA Tour event before 30 Apr 2010,1,94.5,Mar/12/2010 16:32:13
705993,TIGER.PLAYS.APR10,Tiger Woods to play in PGA Tour event before 30 Apr 2010,1,94.5,Mar/12/2010 16:38:27
705993,TIGER.PLAYS.APR10,Tiger Woods to play in PGA Tour event before 30 Apr 2010,4,90.0,Mar/12/2010 17:07:56
705993,TIGER.PLAYS.APR10,Tiger Woods to play in PGA Tour event before 30 Apr 2010,2,89.9,Mar/12/2010 17:58:25
705993,TIGER.PLAYS.APR10,Tiger Woods to play in PGA Tour event before 30 Apr 2010,6,86.5,Mar/12/2010 21:42:57
705993,TIGER.PLAYS.APR10,Tiger Woods to play in PGA Tour event before 30 Apr 2010,20,80.0,Mar/12/2010 22:56:05
705993,TIGER.PLAYS.APR10,Tiger Woods to play in PGA Tour event before 30 Apr 2010,1,86.0,Mar/13/2010 00:00:12
705993,TIGER.PLAYS.APR10,Tiger Woods to play in PGA Tour event before 30 Apr 2010,1,87.0,Mar/13/2010 00:00:12
705993,TIGER.PLAYS.APR10,Tiger Woods to play in PGA Tour event before 30 Apr 2010,1,88.0,Mar/13/2010 00:00:12
705993,TIGER.PLAYS.APR10,Tiger Woods to play in PGA Tour event before 30 Apr 2010,2,85.0,Mar/13/2010 03:03:08
705993,TIGER.PLAYS.APR10,Tiger Woods to play in PGA Tour event before 30 Apr 2010,8,85.0,Mar/13/2010 04:04:43
705993,TIGER.PLAYS.APR10,Tiger Woods to play in PGA Tour event before 30 Apr 2010,1,81.0,Mar/13/2010 04:18:23
705993,TIGER.PLAYS.APR10,Tiger Woods to play in PGA Tour event before 30 Apr 2010,1,80.1,Mar/13/2010 04:18:23
705993,TIGER.PLAYS.APR10,Tiger Woods to play in PGA Tour event before 30 Apr 2010,3,82.0,Mar/13/2010 04:18:23
705993,TIGER.PLAYS.APR10,Tiger Woods to play in PGA Tour event before 30 Apr 2010,2,79.2,Mar/13/2010 15:39:21
705993,TIGER.PLAYS.APR10,Tiger Woods to play in PGA Tour event before 30 Apr 2010,1,78.3,Mar/13/2010 15:45:08
705993,TIGER.PLAYS.APR10,Tiger Woods to play in PGA Tour event before 30 Apr 2010,1,85.0,Mar/14/2010 05:51:21
705993,TIGER.PLAYS.APR10,Tiger Woods to play in PGA Tour event before 30 Apr 2010,1,85.0,Mar/14/2010 05:51:21
705993,TIGER.PLAYS.APR10,Tiger Woods to play in PGA Tour event before 30 Apr 2010,1,85.9,Mar/14/2010 06:29:41
705993,TIGER.PLAYS.APR10,Tiger Woods to play in PGA Tour event before 30 Apr 2010,1,86.9,Mar/14/2010 06:29:41
705993,TIGER.PLAYS.APR10,Tiger Woods to play in PGA Tour event before 30 Apr 2010,1,87.9,Mar/14/2010 06:29:41
705993,TIGER.PLAYS.APR10,Tiger Woods to play in PGA Tour event before 30 Apr 2010,1,88.9,Mar/14/2010 06:29:41
705993,TIGER.PLAYS.APR10,Tiger Woods to play in PGA Tour event before 30 Apr 2010,5,89.1,Mar/14/2010 13:13:22
705993,TIGER.PLAYS.APR10,Tiger Woods to play in PGA Tour event before 30 Apr 2010,4,89.0,Mar/14/2010 13:13:52
705993,TIGER.PLAYS.APR10,Tiger Woods to play in PGA Tour event before 30 Apr 2010,18,89.0,Mar/14/2010 16:10:00
705993,TIGER.PLAYS.APR10,Tiger Woods to play in PGA Tour event before 30 Apr 2010,24,89.0,Mar/14/2010 16:41:42
705993,TIGER.PLAYS.APR10,Tiger Woods to play in PGA Tour event before 30 Apr 2010,1,86.0,Mar/14/2010 19:46:44
705993,TIGER.PLAYS.APR10,Tiger Woods to play in PGA Tour event before 30 Apr 2010,6,86.0,Mar/14/2010 19:46:44
705993,TIGER.PLAYS.APR10,Tiger Woods to play in PGA Tour event before 30 Apr 2010,4,86.0,Mar/15/2010 00:16:08
705993,TIGER.PLAYS.APR10,Tiger Woods to play in PGA Tour event before 30 Apr 2010,2,88.7,Mar/15/2010 05:43:48
705993,TIGER.PLAYS.APR10,Tiger Woods to play in PGA Tour event before 30 Apr 2010,5,88.8,Mar/15/2010 05:44:44
705993,TIGER.PLAYS.APR10,Tiger Woods to play in PGA Tour event before 30 Apr 2010,1,89.0,Mar/15/2010 05:45:42
705993,TIGER.PLAYS.APR10,Tiger Woods to play in PGA Tour event before 30 Apr 2010,5,89.5,Mar/15/2010 06:04:12
705993,TIGER.PLAYS.APR10,Tiger Woods to play in PGA Tour event before 30 Apr 2010,1,90.0,Mar/15/2010 06:04:12
705993,TIGER.PLAYS.APR10,Tiger Woods to play in PGA Tour event before 30 Apr 2010,1,89.0,Mar/15/2010 06:04:12
705993,TIGER.PLAYS.APR10,Tiger Woods to play in PGA Tour event before 30 Apr 2010,4,85.3,Mar/15/2010 12:00:03
705993,TIGER.PLAYS.APR10,Tiger Woods to play in PGA Tour event before 30 Apr 2010,1,85.2,Mar/15/2010 12:01:08
705993,TIGER.PLAYS.APR10,Tiger Woods to play in PGA Tour event before 30 Apr 2010,3,85.0,Mar/15/2010 18:14:40
705993,TIGER.PLAYS.APR10,Tiger Woods to play in PGA Tour event before 30 Apr 2010,1,86.0,Mar/15/2010 18:14:40
705993,TIGER.PLAYS.APR10,Tiger Woods to play in PGA Tour event before 30 Apr 2010,6,81.0,Mar/15/2010 18:15:17
705993,TIGER.PLAYS.APR10,Tiger Woods to play in PGA Tour event before 30 Apr 2010,20,82.5,Mar/15/2010 21:15:04
705993,TIGER.PLAYS.APR10,Tiger Woods to play in PGA Tour event before 30 Apr 2010,1,81.2,Mar/15/2010 21:15:28
705993,TIGER.PLAYS.APR10,Tiger Woods to play in PGA Tour event before 30 Apr 2010,4,81.1,Mar/15/2010 21:15:58
705993,TIGER.PLAYS.APR10,Tiger Woods to play in PGA Tour event before 30 Apr 2010,4,88.5,Mar/16/2010 15:10:47
705993,TIGER.PLAYS.APR10,Tiger Woods to play in PGA Tour event before 30 Apr 2010,6,89.0,Mar/16/2010 15:10:47
705993,TIGER.PLAYS.APR10,Tiger Woods to play in PGA Tour event before 30 Apr 2010,4,88.6,Mar/16/2010 15:10:47
705993,TIGER.PLAYS.APR10,Tiger Woods to play in PGA Tour event before 30 Apr 2010,13,92.8,Mar/16/2010 15:11:01
705993,TIGER.PLAYS.APR10,Tiger Woods to play in PGA Tour event before 30 Apr 2010,1,93.0,Mar/16/2010 15:11:12
705993,TIGER.PLAYS.APR10,Tiger Woods to play in PGA Tour event before 30 Apr 2010,13,94.2,Mar/16/2010 15:16:06
705993,TIGER.PLAYS.APR10,Tiger Woods to play in PGA Tour event before 30 Apr 2010,7,95.0,Mar/16/2010 15:16:39
705993,TIGER.PLAYS.APR10,Tiger Woods to play in PGA Tour event before 30 Apr 2010,8,94.5,Mar/16/2010 15:16:39
705993,TIGER.PLAYS.APR10,Tiger Woods to play in PGA Tour event before 30 Apr 2010,15,98.0,Mar/16/2010 15:17:07
705993,TIGER.PLAYS.APR10,Tiger Woods to play in PGA Tour event before 30 Apr 2010,10,95.0,Mar/16/2010 15:17:47
705993,TIGER.PLAYS.APR10,Tiger Woods to play in PGA Tour event before 30 Apr 2010,8,94.5,Mar/16/2010 15:18:11
705993,TIGER.PLAYS.APR10,Tiger Woods to play in PGA Tour event before 30 Apr 2010,40,95.0,Mar/16/2010 15:18:30
705993,TIGER.PLAYS.APR10,Tiger Woods to play in PGA Tour event before 30 Apr 2010,6,98.4,Mar/16/2010 15:35:44
705993,TIGER.PLAYS.APR10,Tiger Woods to play in PGA Tour event before 30 Apr 2010,4,98.3,Mar/16/2010 15:35:44
705993,TIGER.PLAYS.APR10,Tiger Woods to play in PGA Tour event before 30 Apr 2010,3,98.4,Mar/16/2010 15:44:52
705993,TIGER.PLAYS.APR10,Tiger Woods to play in PGA Tour event before 30 Apr 2010,3,98.4,Mar/16/2010 15:45:18
705993,TIGER.PLAYS.APR10,Tiger Woods to play in PGA Tour event before 30 Apr 2010,3,98.4,Mar/16/2010 15:45:39
705993,TIGER.PLAYS.APR10,Tiger Woods to play in PGA Tour event before 30 Apr 2010,5,97.4,Mar/16/2010 17:20:47
705993,TIGER.PLAYS.APR10,Tiger Woods to play in PGA Tour event before 30 Apr 2010,5,97.4,Mar/16/2010 17:37:41
705993,TIGER.PLAYS.APR10,Tiger Woods to play in PGA Tour event before 30 Apr 2010,35,97.5,Mar/16/2010 17:38:02
705993,TIGER.PLAYS.APR10,Tiger Woods to play in PGA Tour event before 30 Apr 2010,11,98.0,Mar/16/2010 17:38:26
705993,TIGER.PLAYS.APR10,Tiger Woods to play in PGA Tour event before 30 Apr 2010,4,98.4,Mar/16/2010 17:38:38
705993,TIGER.PLAYS.APR10,Tiger Woods to play in PGA Tour event before 30 Apr 2010,50,98.4,Mar/16/2010 17:38:38
705993,TIGER.PLAYS.APR10,Tiger Woods to play in PGA Tour event before 30 Apr 2010,26,96.0,Mar/16/2010 18:11:26
705993,TIGER.PLAYS.APR10,Tiger Woods to play in PGA Tour event before 30 Apr 2010,26,96.0,Mar/16/2010 18:11:26
705993,TIGER.PLAYS.APR10,Tiger Woods to play in PGA Tour event before 30 Apr 2010,1,95.2,Mar/16/2010 18:43:05
705993,TIGER.PLAYS.APR10,Tiger Woods to play in PGA Tour event before 30 Apr 2010,5,95.3,Mar/16/2010 19:08:07
705993,TIGER.PLAYS.APR10,Tiger Woods to play in PGA Tour event before 30 Apr 2010,4,95.2,Mar/16/2010 19:08:07
705993,TIGER.PLAYS.APR10,Tiger Woods to play in PGA Tour event before 30 Apr 2010,5,95.2,Mar/16/2010 19:38:46
705993,TIGER.PLAYS.APR10,Tiger Woods to play in PGA Tour event before 30 Apr 2010,3,94.0,Mar/16/2010 19:39:05
705993,TIGER.PLAYS.APR10,Tiger Woods to play in PGA Tour event before 30 Apr 2010,16,96.0,Mar/16/2010 20:24:21
705993,TIGER.PLAYS.APR10,Tiger Woods to play in PGA Tour event before 30 Apr 2010,5,95.1,Mar/16/2010 21:28:05
705993,TIGER.PLAYS.APR10,Tiger Woods to play in PGA Tour event before 30 Apr 2010,10,96.0,Mar/16/2010 23:33:10
705993,TIGER.PLAYS.APR10,Tiger Woods to play in PGA Tour event before 30 Apr 2010,3,97.5,Mar/16/2010 23:46:01
705993,TIGER.PLAYS.APR10,Tiger Woods to play in PGA Tour event before 30 Apr 2010,3,95.0,Mar/17/2010 03:17:07
705993,TIGER.PLAYS.APR10,Tiger Woods to play in PGA Tour event before 30 Apr 2010,4,95.1,Mar/17/2010 03:17:07
705993,TIGER.PLAYS.APR10,Tiger Woods to play in PGA Tour event before 30 Apr 2010,7,94.0,Mar/17/2010 03:17:07
705993,TIGER.PLAYS.APR10,Tiger Woods to play in PGA Tour event before 30 Apr 2010,1,93.6,Mar/17/2010 08:27:17
705993,TIGER.PLAYS.APR10,Tiger Woods to play in PGA Tour event before 30 Apr 2010,1,95.0,Mar/17/2010 15:43:16
705993,TIGER.PLAYS.APR10,Tiger Woods to play in PGA Tour event before 30 Apr 2010,7,96.5,Mar/17/2010 20:37:22
705993,TIGER.PLAYS.APR10,Tiger Woods to play in PGA Tour event before 30 Apr 2010,5,96.9,Mar/17/2010 20:37:52
705993,TIGER.PLAYS.APR10,Tiger Woods to play in PGA Tour event before 30 Apr 2010,85,97.0,Mar/17/2010 20:38:30
705993,TIGER.PLAYS.APR10,Tiger Woods to play in PGA Tour event before 30 Apr 2010,2,94.5,Mar/18/2010 02:44:00
705993,TIGER.PLAYS.APR10,Tiger Woods to play in PGA Tour event before 30 Apr 2010,1,96.1,Mar/18/2010 18:38:40
705993,TIGER.PLAYS.APR10,Tiger Woods to play in PGA Tour event before 30 Apr 2010,1,95.8,Mar/18/2010 18:38:40
705993,TIGER.PLAYS.APR10,Tiger Woods to play in PGA Tour event before 30 Apr 2010,1,95.5,Mar/18/2010 18:38:40
705993,TIGER.PLAYS.APR10,Tiger Woods to play in PGA Tour event before 30 Apr 2010,1,95.2,Mar/18/2010 18:38:40
705993,TIGER.PLAYS.APR10,Tiger Woods to play in PGA Tour event before 30 Apr 2010,1,95.0,Mar/18/2010 21:49:56
705993,TIGER.PLAYS.APR10,Tiger Woods to play in PGA Tour event before 30 Apr 2010,3,95.0,Mar/19/2010 23:03:55
705993,TIGER.PLAYS.APR10,Tiger Woods to play in PGA Tour event before 30 Apr 2010,3,95.5,Mar/22/2010 02:20:15
705993,TIGER.PLAYS.APR10,Tiger Woods to play in PGA Tour event before 30 Apr 2010,12,95.9,Mar/22/2010 11:34:48
705993,TIGER.PLAYS.APR10,Tiger Woods to play in PGA Tour event before 30 Apr 2010,1,95.5,Mar/22/2010 13:36:13
705993,TIGER.PLAYS.APR10,Tiger Woods to play in PGA Tour event before 30 Apr 2010,1,90.0,Mar/23/2010 01:18:11
705993,TIGER.PLAYS.APR10,Tiger Woods to play in PGA Tour event before 30 Apr 2010,2,94.7,Mar/23/2010 01:18:11
705993,TIGER.PLAYS.APR10,Tiger Woods to play in PGA Tour event before 30 Apr 2010,5,94.8,Mar/23/2010 01:18:11
705993,TIGER.PLAYS.APR10,Tiger Woods to play in PGA Tour event before 30 Apr 2010,2,95.0,Mar/23/2010 09:05:21
705993,TIGER.PLAYS.APR10,Tiger Woods to play in PGA Tour event before 30 Apr 2010,2,95.9,Mar/23/2010 09:05:21
705993,TIGER.PLAYS.APR10,Tiger Woods to play in PGA Tour event before 30 Apr 2010,23,96.0,Mar/24/2010 03:38:13
705993,TIGER.PLAYS.APR10,Tiger Woods to play in PGA Tour event before 30 Apr 2010,2,95.9,Mar/24/2010 03:38:13
705993,TIGER.PLAYS.APR10,Tiger Woods to play in PGA Tour event before 30 Apr 2010,86,95.9,Mar/24/2010 17:40:05
705993,TIGER.PLAYS.APR10,Tiger Woods to play in PGA Tour event before 30 Apr 2010,77,96.0,Mar/24/2010 17:40:05
705993,TIGER.PLAYS.APR10,Tiger Woods to play in PGA Tour event before 30 Apr 2010,3,95.7,Mar/24/2010 18:00:06
705993,TIGER.PLAYS.APR10,Tiger Woods to play in PGA Tour event before 30 Apr 2010,4,95.0,Mar/24/2010 18:00:29
705993,TIGER.PLAYS.APR10,Tiger Woods to play in PGA Tour event before 30 Apr 2010,16,94.5,Mar/24/2010 18:00:45
705993,TIGER.PLAYS.APR10,Tiger Woods to play in PGA Tour event before 30 Apr 2010,1,93.5,Mar/25/2010 12:02:39
705993,TIGER.PLAYS.APR10,Tiger Woods to play in PGA Tour event before 30 Apr 2010,1,97.2,Mar/25/2010 14:32:57
705993,TIGER.PLAYS.APR10,Tiger Woods to play in PGA Tour event before 30 Apr 2010,1,97.2,Mar/25/2010 14:33:53
705993,TIGER.PLAYS.APR10,Tiger Woods to play in PGA Tour event before 30 Apr 2010,3,93.6,Mar/25/2010 20:02:12
705993,TIGER.PLAYS.APR10,Tiger Woods to play in PGA Tour event before 30 Apr 2010,1,94.0,Mar/25/2010 21:05:35
705993,TIGER.PLAYS.APR10,Tiger Woods to play in PGA Tour event before 30 Apr 2010,5,97.6,Mar/29/2010 13:33:21
705993,TIGER.PLAYS.APR10,Tiger Woods to play in PGA Tour event before 30 Apr 2010,7,97.5,Mar/29/2010 13:33:21
705993,TIGER.PLAYS.APR10,Tiger Woods to play in PGA Tour event before 30 Apr 2010,2,97.4,Mar/29/2010 13:33:21
705993,TIGER.PLAYS.APR10,Tiger Woods to play in PGA Tour event before 30 Apr 2010,1,95.0,Mar/31/2010 23:01:03
705993,TIGER.PLAYS.APR10,Tiger Woods to play in PGA Tour event before 30 Apr 2010,10,97.5,Apr/01/2010 14:10:49
705993,TIGER.PLAYS.APR10,Tiger Woods to play in PGA Tour event before 30 Apr 2010,9,97.5,Apr/01/2010 14:44:27
705993,TIGER.PLAYS.APR10,Tiger Woods to play in PGA Tour event before 30 Apr 2010,10,97.7,Apr/01/2010 14:47:31
705993,TIGER.PLAYS.APR10,Tiger Woods to play in PGA Tour event before 30 Apr 2010,10,97.7,Apr/01/2010 14:48:04
705993,TIGER.PLAYS.APR10,Tiger Woods to play in PGA Tour event before 30 Apr 2010,13,97.7,Apr/01/2010 14:48:27
705993,TIGER.PLAYS.APR10,Tiger Woods to play in PGA Tour event before 30 Apr 2010,12,97.8,Apr/02/2010 12:03:07
705993,TIGER.PLAYS.APR10,Tiger Woods to play in PGA Tour event before 30 Apr 2010,30,98.2,Apr/05/2010 20:42:14
705993,TIGER.PLAYS.APR10,Tiger Woods to play in PGA Tour event before 30 Apr 2010,8,98.2,Apr/06/2010 03:32:38
705993,TIGER.PLAYS.APR10,Tiger Woods to play in PGA Tour event before 30 Apr 2010,9,96.3,Apr/07/2010 15:19:42
705993,TIGER.PLAYS.APR10,Tiger Woods to play in PGA Tour event before 30 Apr 2010,25,98.1,Apr/07/2010 23:47:35
705993,TIGER.PLAYS.APR10,Tiger Woods to play in PGA Tour event before 30 Apr 2010,12,98.2,Apr/08/2010 02:40:24
705993,TIGER.PLAYS.APR10,Tiger Woods to play in PGA Tour event before 30 Apr 2010,25,98.1,Apr/08/2010 02:40:24
705993,TIGER.PLAYS.APR10,Tiger Woods to play in PGA Tour event before 30 Apr 2010,10,98.5,Apr/08/2010 11:30:03
