market id,market symbol,market name,trade quantity,trade price,date/time [utc]
713071,AI.2010.TODRICK,Todrick Hall to win American Idol,20,5.0,Feb/19/2010 16:28:18
713071,AI.2010.TODRICK,Todrick Hall to win American Idol,1,2.9,Feb/22/2010 20:48:18
713071,AI.2010.TODRICK,Todrick Hall to win American Idol,1,2.9,Feb/23/2010 01:06:44
713071,AI.2010.TODRICK,Todrick Hall to win American Idol,2,3.9,Feb/23/2010 16:09:01
713071,AI.2010.TODRICK,Todrick Hall to win American Idol,1,4.0,Feb/23/2010 16:09:01
713071,AI.2010.TODRICK,Todrick Hall to win American Idol,1,3.9,Feb/23/2010 16:09:01
713071,AI.2010.TODRICK,Todrick Hall to win American Idol,1,4.0,Feb/24/2010 01:04:09
713071,AI.2010.TODRICK,Todrick Hall to win American Idol,1,4.0,Feb/24/2010 01:46:06
713071,AI.2010.TODRICK,Todrick Hall to win American Idol,2,3.9,Feb/24/2010 04:43:44
713071,AI.2010.TODRICK,Todrick Hall to win American Idol,1,4.0,Feb/24/2010 04:43:44
713071,AI.2010.TODRICK,Todrick Hall to win American Idol,1,4.0,Feb/24/2010 04:43:44
713071,AI.2010.TODRICK,Todrick Hall to win American Idol,2,4.0,Feb/24/2010 07:55:17
713071,AI.2010.TODRICK,Todrick Hall to win American Idol,2,4.0,Feb/24/2010 07:55:17
713071,AI.2010.TODRICK,Todrick Hall to win American Idol,1,4.0,Feb/24/2010 07:55:17
713071,AI.2010.TODRICK,Todrick Hall to win American Idol,100,3.0,Feb/24/2010 08:03:34
713071,AI.2010.TODRICK,Todrick Hall to win American Idol,2,3.0,Feb/24/2010 15:14:09
713071,AI.2010.TODRICK,Todrick Hall to win American Idol,4,3.0,Feb/24/2010 19:40:15
713071,AI.2010.TODRICK,Todrick Hall to win American Idol,1,3.4,Feb/24/2010 20:53:03
713071,AI.2010.TODRICK,Todrick Hall to win American Idol,1,3.4,Feb/24/2010 21:05:49
713071,AI.2010.TODRICK,Todrick Hall to win American Idol,2,3.5,Feb/24/2010 21:05:49
713071,AI.2010.TODRICK,Todrick Hall to win American Idol,7,3.8,Feb/24/2010 21:07:28
713071,AI.2010.TODRICK,Todrick Hall to win American Idol,2,2.9,Feb/24/2010 23:21:42
713071,AI.2010.TODRICK,Todrick Hall to win American Idol,2,3.4,Feb/25/2010 00:06:37
713071,AI.2010.TODRICK,Todrick Hall to win American Idol,2,3.5,Feb/25/2010 00:07:08
713071,AI.2010.TODRICK,Todrick Hall to win American Idol,6,2.9,Feb/25/2010 01:09:59
713071,AI.2010.TODRICK,Todrick Hall to win American Idol,1,2.9,Feb/25/2010 01:13:08
713071,AI.2010.TODRICK,Todrick Hall to win American Idol,61,2.7,Feb/25/2010 01:34:24
713071,AI.2010.TODRICK,Todrick Hall to win American Idol,2,2.1,Feb/25/2010 01:34:24
713071,AI.2010.TODRICK,Todrick Hall to win American Idol,2,2.5,Feb/25/2010 01:34:24
713071,AI.2010.TODRICK,Todrick Hall to win American Idol,4,1.5,Feb/25/2010 04:15:35
713071,AI.2010.TODRICK,Todrick Hall to win American Idol,2,1.5,Feb/25/2010 22:49:41
713071,AI.2010.TODRICK,Todrick Hall to win American Idol,4,1.6,Feb/26/2010 01:38:56
713071,AI.2010.TODRICK,Todrick Hall to win American Idol,2,2.0,Feb/26/2010 18:56:49
713071,AI.2010.TODRICK,Todrick Hall to win American Idol,6,2.0,Feb/26/2010 18:56:49
713071,AI.2010.TODRICK,Todrick Hall to win American Idol,4,2.0,Feb/26/2010 18:56:49
713071,AI.2010.TODRICK,Todrick Hall to win American Idol,3,1.9,Feb/26/2010 18:56:49
713071,AI.2010.TODRICK,Todrick Hall to win American Idol,2,1.9,Feb/26/2010 18:56:49
713071,AI.2010.TODRICK,Todrick Hall to win American Idol,4,1.9,Feb/27/2010 10:13:32
713071,AI.2010.TODRICK,Todrick Hall to win American Idol,5,1.9,Mar/02/2010 19:23:35
713071,AI.2010.TODRICK,Todrick Hall to win American Idol,4,1.9,Mar/02/2010 19:23:35
713071,AI.2010.TODRICK,Todrick Hall to win American Idol,5,2.0,Mar/02/2010 19:23:51
713071,AI.2010.TODRICK,Todrick Hall to win American Idol,5,2.0,Mar/02/2010 19:23:51
713071,AI.2010.TODRICK,Todrick Hall to win American Idol,25,1.6,Mar/03/2010 01:58:16
713071,AI.2010.TODRICK,Todrick Hall to win American Idol,25,1.0,Mar/04/2010 03:06:37
713071,AI.2010.TODRICK,Todrick Hall to win American Idol,5,1.1,Mar/05/2010 00:52:18
713071,AI.2010.TODRICK,Todrick Hall to win American Idol,5,1.1,Mar/05/2010 00:52:18
713071,AI.2010.TODRICK,Todrick Hall to win American Idol,1,1.1,Mar/05/2010 00:52:18
713071,AI.2010.TODRICK,Todrick Hall to win American Idol,4,1.1,Mar/05/2010 00:52:18
713071,AI.2010.TODRICK,Todrick Hall to win American Idol,3,1.1,Mar/05/2010 00:52:18
713071,AI.2010.TODRICK,Todrick Hall to win American Idol,5,1.1,Mar/05/2010 00:52:18
713071,AI.2010.TODRICK,Todrick Hall to win American Idol,5,1.1,Mar/05/2010 00:52:18
713071,AI.2010.TODRICK,Todrick Hall to win American Idol,5,1.1,Mar/05/2010 00:52:18
713071,AI.2010.TODRICK,Todrick Hall to win American Idol,5,1.1,Mar/05/2010 00:52:18
713071,AI.2010.TODRICK,Todrick Hall to win American Idol,5,1.1,Mar/05/2010 00:52:18
713071,AI.2010.TODRICK,Todrick Hall to win American Idol,4,1.1,Mar/05/2010 00:52:18
713071,AI.2010.TODRICK,Todrick Hall to win American Idol,13,1.1,Mar/05/2010 21:50:33
713071,AI.2010.TODRICK,Todrick Hall to win American Idol,1,0.6,Mar/08/2010 22:01:03
713071,AI.2010.TODRICK,Todrick Hall to win American Idol,1,0.6,Mar/08/2010 22:01:14
713071,AI.2010.TODRICK,Todrick Hall to win American Idol,1,0.6,Mar/08/2010 22:01:52
713071,AI.2010.TODRICK,Todrick Hall to win American Idol,1,0.6,Mar/08/2010 22:02:05
713071,AI.2010.TODRICK,Todrick Hall to win American Idol,1,0.6,Mar/08/2010 22:02:13
713071,AI.2010.TODRICK,Todrick Hall to win American Idol,1,0.6,Mar/08/2010 22:02:21
713071,AI.2010.TODRICK,Todrick Hall to win American Idol,1,0.6,Mar/08/2010 22:02:32
713071,AI.2010.TODRICK,Todrick Hall to win American Idol,1,0.6,Mar/08/2010 22:02:36
713071,AI.2010.TODRICK,Todrick Hall to win American Idol,1,0.6,Mar/08/2010 22:02:47
713071,AI.2010.TODRICK,Todrick Hall to win American Idol,1,0.6,Mar/08/2010 22:03:23
713071,AI.2010.TODRICK,Todrick Hall to win American Idol,1,0.6,Mar/08/2010 22:03:42
713071,AI.2010.TODRICK,Todrick Hall to win American Idol,1,0.6,Mar/08/2010 22:04:05
713071,AI.2010.TODRICK,Todrick Hall to win American Idol,1,0.6,Mar/08/2010 22:04:30
713071,AI.2010.TODRICK,Todrick Hall to win American Idol,1,0.6,Mar/08/2010 22:04:39
713071,AI.2010.TODRICK,Todrick Hall to win American Idol,1,0.6,Mar/08/2010 22:04:53
713071,AI.2010.TODRICK,Todrick Hall to win American Idol,1,0.6,Mar/08/2010 22:05:22
713071,AI.2010.TODRICK,Todrick Hall to win American Idol,1,0.6,Mar/08/2010 22:05:45
713071,AI.2010.TODRICK,Todrick Hall to win American Idol,1,0.6,Mar/08/2010 22:05:58
713071,AI.2010.TODRICK,Todrick Hall to win American Idol,1,0.6,Mar/08/2010 22:06:12
713071,AI.2010.TODRICK,Todrick Hall to win American Idol,1,0.6,Mar/08/2010 22:06:34
713071,AI.2010.TODRICK,Todrick Hall to win American Idol,1,0.6,Mar/08/2010 22:06:44
713071,AI.2010.TODRICK,Todrick Hall to win American Idol,1,0.6,Mar/08/2010 22:07:09
713071,AI.2010.TODRICK,Todrick Hall to win American Idol,1,0.6,Mar/08/2010 22:07:19
713071,AI.2010.TODRICK,Todrick Hall to win American Idol,1,0.6,Mar/08/2010 22:07:28
713071,AI.2010.TODRICK,Todrick Hall to win American Idol,1,0.6,Mar/08/2010 22:08:20
713071,AI.2010.TODRICK,Todrick Hall to win American Idol,1,0.6,Mar/08/2010 22:49:41
713071,AI.2010.TODRICK,Todrick Hall to win American Idol,1,0.6,Mar/08/2010 22:50:24
713071,AI.2010.TODRICK,Todrick Hall to win American Idol,1,0.6,Mar/08/2010 22:50:37
713071,AI.2010.TODRICK,Todrick Hall to win American Idol,1,0.6,Mar/09/2010 05:16:30
713071,AI.2010.TODRICK,Todrick Hall to win American Idol,1,0.6,Mar/09/2010 05:16:54
713071,AI.2010.TODRICK,Todrick Hall to win American Idol,1,0.6,Mar/09/2010 05:17:10
713071,AI.2010.TODRICK,Todrick Hall to win American Idol,1,0.6,Mar/09/2010 05:17:50
713071,AI.2010.TODRICK,Todrick Hall to win American Idol,1,0.6,Mar/09/2010 05:18:20
713071,AI.2010.TODRICK,Todrick Hall to win American Idol,1,0.6,Mar/09/2010 05:18:27
713071,AI.2010.TODRICK,Todrick Hall to win American Idol,1,0.6,Mar/09/2010 05:19:03
713071,AI.2010.TODRICK,Todrick Hall to win American Idol,1,0.6,Mar/09/2010 05:19:14
713071,AI.2010.TODRICK,Todrick Hall to win American Idol,14,0.5,Mar/09/2010 19:40:30
713071,AI.2010.TODRICK,Todrick Hall to win American Idol,1,0.5,Mar/10/2010 21:17:49
713071,AI.2010.TODRICK,Todrick Hall to win American Idol,1,0.5,Mar/10/2010 21:44:49
713071,AI.2010.TODRICK,Todrick Hall to win American Idol,1,0.5,Mar/10/2010 21:49:47
713071,AI.2010.TODRICK,Todrick Hall to win American Idol,1,0.5,Mar/10/2010 21:49:59
713071,AI.2010.TODRICK,Todrick Hall to win American Idol,2,0.5,Mar/10/2010 21:52:55
713071,AI.2010.TODRICK,Todrick Hall to win American Idol,1,0.5,Mar/10/2010 21:53:06
713071,AI.2010.TODRICK,Todrick Hall to win American Idol,1,0.5,Mar/10/2010 21:53:17
713071,AI.2010.TODRICK,Todrick Hall to win American Idol,2,0.5,Mar/10/2010 21:53:28
713071,AI.2010.TODRICK,Todrick Hall to win American Idol,1,0.5,Mar/10/2010 21:53:40
713071,AI.2010.TODRICK,Todrick Hall to win American Idol,5,1.1,Mar/11/2010 02:37:03
713071,AI.2010.TODRICK,Todrick Hall to win American Idol,5,1.1,Mar/11/2010 02:37:03
713071,AI.2010.TODRICK,Todrick Hall to win American Idol,5,1.1,Mar/11/2010 02:37:03
713071,AI.2010.TODRICK,Todrick Hall to win American Idol,5,1.1,Mar/11/2010 02:37:03
713071,AI.2010.TODRICK,Todrick Hall to win American Idol,5,1.1,Mar/11/2010 02:37:03
713071,AI.2010.TODRICK,Todrick Hall to win American Idol,5,1.1,Mar/11/2010 02:37:03
713071,AI.2010.TODRICK,Todrick Hall to win American Idol,5,1.1,Mar/11/2010 02:37:03
713071,AI.2010.TODRICK,Todrick Hall to win American Idol,5,1.1,Mar/11/2010 02:37:03
713071,AI.2010.TODRICK,Todrick Hall to win American Idol,5,1.1,Mar/11/2010 02:37:03
713071,AI.2010.TODRICK,Todrick Hall to win American Idol,5,1.1,Mar/11/2010 02:37:03
713071,AI.2010.TODRICK,Todrick Hall to win American Idol,6,1.1,Mar/11/2010 02:37:03
713071,AI.2010.TODRICK,Todrick Hall to win American Idol,5,1.1,Mar/11/2010 02:37:03
713071,AI.2010.TODRICK,Todrick Hall to win American Idol,5,1.1,Mar/11/2010 02:37:03
713071,AI.2010.TODRICK,Todrick Hall to win American Idol,5,1.1,Mar/11/2010 02:37:03
713071,AI.2010.TODRICK,Todrick Hall to win American Idol,5,1.1,Mar/11/2010 02:37:03
713071,AI.2010.TODRICK,Todrick Hall to win American Idol,5,1.1,Mar/11/2010 02:37:03
713071,AI.2010.TODRICK,Todrick Hall to win American Idol,1,1.1,Mar/11/2010 02:37:03
713071,AI.2010.TODRICK,Todrick Hall to win American Idol,4,1.1,Mar/11/2010 02:37:03
713071,AI.2010.TODRICK,Todrick Hall to win American Idol,5,1.1,Mar/11/2010 02:37:03
713071,AI.2010.TODRICK,Todrick Hall to win American Idol,4,1.1,Mar/11/2010 02:37:03
713071,AI.2010.TODRICK,Todrick Hall to win American Idol,5,1.1,Mar/11/2010 02:37:03
713071,AI.2010.TODRICK,Todrick Hall to win American Idol,5,1.1,Mar/11/2010 02:37:03
713071,AI.2010.TODRICK,Todrick Hall to win American Idol,5,1.1,Mar/11/2010 02:37:03
713071,AI.2010.TODRICK,Todrick Hall to win American Idol,3,1.1,Mar/11/2010 02:37:03
713071,AI.2010.TODRICK,Todrick Hall to win American Idol,4,1.1,Mar/11/2010 02:37:03
713071,AI.2010.TODRICK,Todrick Hall to win American Idol,8,1.1,Mar/11/2010 02:37:03
713071,AI.2010.TODRICK,Todrick Hall to win American Idol,7,1.1,Mar/11/2010 02:37:03
713071,AI.2010.TODRICK,Todrick Hall to win American Idol,5,1.1,Mar/11/2010 02:49:28
713071,AI.2010.TODRICK,Todrick Hall to win American Idol,2,1.2,Mar/11/2010 02:49:45
713071,AI.2010.TODRICK,Todrick Hall to win American Idol,3,1.2,Mar/11/2010 02:49:45
713071,AI.2010.TODRICK,Todrick Hall to win American Idol,1,1.2,Mar/11/2010 02:49:45
713071,AI.2010.TODRICK,Todrick Hall to win American Idol,5,1.2,Mar/11/2010 02:49:45
713071,AI.2010.TODRICK,Todrick Hall to win American Idol,5,1.2,Mar/11/2010 02:49:45
713071,AI.2010.TODRICK,Todrick Hall to win American Idol,2,1.3,Mar/11/2010 02:49:49
713071,AI.2010.TODRICK,Todrick Hall to win American Idol,5,1.3,Mar/11/2010 02:49:49
713071,AI.2010.TODRICK,Todrick Hall to win American Idol,5,1.3,Mar/11/2010 02:49:49
713071,AI.2010.TODRICK,Todrick Hall to win American Idol,1,1.3,Mar/11/2010 02:49:49
713071,AI.2010.TODRICK,Todrick Hall to win American Idol,4,1.3,Mar/11/2010 03:50:27
713071,AI.2010.TODRICK,Todrick Hall to win American Idol,21,0.6,Mar/12/2010 01:25:07
713071,AI.2010.TODRICK,Todrick Hall to win American Idol,3,0.6,Mar/12/2010 01:51:50
713071,AI.2010.TODRICK,Todrick Hall to win American Idol,3,0.5,Mar/12/2010 01:51:50
713071,AI.2010.TODRICK,Todrick Hall to win American Idol,132,0.5,Mar/12/2010 01:52:59
713071,AI.2010.TODRICK,Todrick Hall to win American Idol,102,0.5,Mar/12/2010 01:52:59
713071,AI.2010.TODRICK,Todrick Hall to win American Idol,10,0.5,Mar/12/2010 01:52:59
