market id,market symbol,market name,trade quantity,trade price,date/time [utc]
713075,AI.2010.MICHAEL,Michael Lynche to win American Idol,20,5.0,Feb/19/2010 18:10:38
713075,AI.2010.MICHAEL,Michael Lynche to win American Idol,2,1.9,Feb/24/2010 11:34:51
713075,AI.2010.MICHAEL,Michael Lynche to win American Idol,18,1.9,Feb/24/2010 11:34:51
713075,AI.2010.MICHAEL,Michael Lynche to win American Idol,88,1.9,Feb/24/2010 17:20:41
713075,AI.2010.MICHAEL,Michael Lynche to win American Idol,4,1.7,Feb/24/2010 17:20:41
713075,AI.2010.MICHAEL,Michael Lynche to win American Idol,4,1.8,Feb/24/2010 17:20:41
713075,AI.2010.MICHAEL,Michael Lynche to win American Idol,4,1.7,Feb/24/2010 17:20:41
713075,AI.2010.MICHAEL,Michael Lynche to win American Idol,2,2.4,Feb/25/2010 01:02:08
713075,AI.2010.MICHAEL,Michael Lynche to win American Idol,2,2.5,Feb/25/2010 01:02:29
713075,AI.2010.MICHAEL,Michael Lynche to win American Idol,2,2.5,Feb/25/2010 01:02:29
713075,AI.2010.MICHAEL,Michael Lynche to win American Idol,5,2.2,Feb/25/2010 02:55:53
713075,AI.2010.MICHAEL,Michael Lynche to win American Idol,1,1.9,Feb/26/2010 03:23:34
713075,AI.2010.MICHAEL,Michael Lynche to win American Idol,3,1.9,Feb/26/2010 03:23:34
713075,AI.2010.MICHAEL,Michael Lynche to win American Idol,4,1.8,Feb/26/2010 11:50:43
713075,AI.2010.MICHAEL,Michael Lynche to win American Idol,1,1.8,Feb/26/2010 11:51:21
713075,AI.2010.MICHAEL,Michael Lynche to win American Idol,1,2.0,Feb/26/2010 11:52:43
713075,AI.2010.MICHAEL,Michael Lynche to win American Idol,1,1.8,Feb/26/2010 11:53:43
713075,AI.2010.MICHAEL,Michael Lynche to win American Idol,1,2.0,Feb/26/2010 11:54:27
713075,AI.2010.MICHAEL,Michael Lynche to win American Idol,4,1.8,Feb/26/2010 15:55:11
713075,AI.2010.MICHAEL,Michael Lynche to win American Idol,5,1.9,Feb/26/2010 19:02:07
713075,AI.2010.MICHAEL,Michael Lynche to win American Idol,6,2.0,Feb/26/2010 19:02:07
713075,AI.2010.MICHAEL,Michael Lynche to win American Idol,3,2.0,Feb/26/2010 19:02:07
713075,AI.2010.MICHAEL,Michael Lynche to win American Idol,20,1.5,Feb/28/2010 22:12:12
713075,AI.2010.MICHAEL,Michael Lynche to win American Idol,5,1.5,Mar/01/2010 10:21:18
713075,AI.2010.MICHAEL,Michael Lynche to win American Idol,20,1.6,Mar/01/2010 10:21:18
713075,AI.2010.MICHAEL,Michael Lynche to win American Idol,5,1.1,Mar/02/2010 01:41:31
713075,AI.2010.MICHAEL,Michael Lynche to win American Idol,1,1.9,Mar/03/2010 01:11:00
713075,AI.2010.MICHAEL,Michael Lynche to win American Idol,5,1.5,Mar/03/2010 01:11:00
713075,AI.2010.MICHAEL,Michael Lynche to win American Idol,5,1.8,Mar/03/2010 01:11:00
713075,AI.2010.MICHAEL,Michael Lynche to win American Idol,5,1.9,Mar/03/2010 01:11:00
713075,AI.2010.MICHAEL,Michael Lynche to win American Idol,4,2.0,Mar/03/2010 01:11:00
713075,AI.2010.MICHAEL,Michael Lynche to win American Idol,20,2.2,Mar/03/2010 01:12:14
713075,AI.2010.MICHAEL,Michael Lynche to win American Idol,20,2.2,Mar/03/2010 01:16:16
713075,AI.2010.MICHAEL,Michael Lynche to win American Idol,1,2.1,Mar/03/2010 01:42:44
713075,AI.2010.MICHAEL,Michael Lynche to win American Idol,2,2.1,Mar/03/2010 01:42:44
713075,AI.2010.MICHAEL,Michael Lynche to win American Idol,47,2.2,Mar/03/2010 01:42:44
713075,AI.2010.MICHAEL,Michael Lynche to win American Idol,6,2.2,Mar/03/2010 02:30:01
713075,AI.2010.MICHAEL,Michael Lynche to win American Idol,2,2.1,Mar/03/2010 02:30:01
713075,AI.2010.MICHAEL,Michael Lynche to win American Idol,1,2.1,Mar/03/2010 02:30:01
713075,AI.2010.MICHAEL,Michael Lynche to win American Idol,1,2.1,Mar/03/2010 02:30:01
713075,AI.2010.MICHAEL,Michael Lynche to win American Idol,2,2.1,Mar/03/2010 02:53:07
713075,AI.2010.MICHAEL,Michael Lynche to win American Idol,38,2.2,Mar/03/2010 02:53:07
713075,AI.2010.MICHAEL,Michael Lynche to win American Idol,100,2.2,Mar/03/2010 02:54:20
713075,AI.2010.MICHAEL,Michael Lynche to win American Idol,2,2.3,Mar/03/2010 03:01:05
713075,AI.2010.MICHAEL,Michael Lynche to win American Idol,2,2.1,Mar/03/2010 03:01:05
713075,AI.2010.MICHAEL,Michael Lynche to win American Idol,5,2.1,Mar/03/2010 03:01:05
713075,AI.2010.MICHAEL,Michael Lynche to win American Idol,2,2.7,Mar/03/2010 15:15:11
713075,AI.2010.MICHAEL,Michael Lynche to win American Idol,2,2.3,Mar/03/2010 15:15:11
713075,AI.2010.MICHAEL,Michael Lynche to win American Idol,1,2.5,Mar/03/2010 15:15:11
713075,AI.2010.MICHAEL,Michael Lynche to win American Idol,2,2.6,Mar/03/2010 15:15:11
713075,AI.2010.MICHAEL,Michael Lynche to win American Idol,9,2.7,Mar/03/2010 15:15:11
713075,AI.2010.MICHAEL,Michael Lynche to win American Idol,1,2.6,Mar/03/2010 15:15:11
713075,AI.2010.MICHAEL,Michael Lynche to win American Idol,3,2.6,Mar/03/2010 15:15:11
713075,AI.2010.MICHAEL,Michael Lynche to win American Idol,20,2.7,Mar/04/2010 00:55:46
713075,AI.2010.MICHAEL,Michael Lynche to win American Idol,5,1.4,Mar/04/2010 03:07:01
713075,AI.2010.MICHAEL,Michael Lynche to win American Idol,35,1.0,Mar/04/2010 11:17:31
713075,AI.2010.MICHAEL,Michael Lynche to win American Idol,1,2.7,Mar/04/2010 22:10:43
713075,AI.2010.MICHAEL,Michael Lynche to win American Idol,5,2.7,Mar/04/2010 22:10:43
713075,AI.2010.MICHAEL,Michael Lynche to win American Idol,5,2.8,Mar/04/2010 22:10:43
713075,AI.2010.MICHAEL,Michael Lynche to win American Idol,2,2.9,Mar/04/2010 22:10:43
713075,AI.2010.MICHAEL,Michael Lynche to win American Idol,1,2.8,Mar/04/2010 22:10:43
713075,AI.2010.MICHAEL,Michael Lynche to win American Idol,2,2.9,Mar/04/2010 22:10:43
713075,AI.2010.MICHAEL,Michael Lynche to win American Idol,1,2.9,Mar/04/2010 22:10:43
713075,AI.2010.MICHAEL,Michael Lynche to win American Idol,2,2.9,Mar/04/2010 22:10:43
713075,AI.2010.MICHAEL,Michael Lynche to win American Idol,1,2.9,Mar/04/2010 22:10:43
713075,AI.2010.MICHAEL,Michael Lynche to win American Idol,1,2.9,Mar/05/2010 00:39:49
713075,AI.2010.MICHAEL,Michael Lynche to win American Idol,5,3.0,Mar/05/2010 00:39:49
713075,AI.2010.MICHAEL,Michael Lynche to win American Idol,5,2.9,Mar/05/2010 00:39:49
713075,AI.2010.MICHAEL,Michael Lynche to win American Idol,111,3.2,Mar/05/2010 00:39:49
713075,AI.2010.MICHAEL,Michael Lynche to win American Idol,2,2.9,Mar/05/2010 00:39:49
713075,AI.2010.MICHAEL,Michael Lynche to win American Idol,3,2.8,Mar/05/2010 00:39:49
713075,AI.2010.MICHAEL,Michael Lynche to win American Idol,2,2.9,Mar/05/2010 00:39:49
713075,AI.2010.MICHAEL,Michael Lynche to win American Idol,2,2.9,Mar/05/2010 00:39:49
713075,AI.2010.MICHAEL,Michael Lynche to win American Idol,2,3.2,Mar/05/2010 00:39:49
713075,AI.2010.MICHAEL,Michael Lynche to win American Idol,1,3.0,Mar/05/2010 00:39:49
713075,AI.2010.MICHAEL,Michael Lynche to win American Idol,2,3.0,Mar/05/2010 00:39:49
713075,AI.2010.MICHAEL,Michael Lynche to win American Idol,2,3.0,Mar/05/2010 00:39:49
713075,AI.2010.MICHAEL,Michael Lynche to win American Idol,1,3.0,Mar/05/2010 00:39:49
713075,AI.2010.MICHAEL,Michael Lynche to win American Idol,2,3.0,Mar/05/2010 00:39:49
713075,AI.2010.MICHAEL,Michael Lynche to win American Idol,2,3.0,Mar/05/2010 00:39:49
713075,AI.2010.MICHAEL,Michael Lynche to win American Idol,2,2.9,Mar/05/2010 00:39:49
713075,AI.2010.MICHAEL,Michael Lynche to win American Idol,10,2.0,Mar/06/2010 14:11:40
713075,AI.2010.MICHAEL,Michael Lynche to win American Idol,10,2.4,Mar/06/2010 14:11:40
713075,AI.2010.MICHAEL,Michael Lynche to win American Idol,10,2.2,Mar/06/2010 14:11:40
713075,AI.2010.MICHAEL,Michael Lynche to win American Idol,5,2.4,Mar/07/2010 17:14:31
713075,AI.2010.MICHAEL,Michael Lynche to win American Idol,2,2.3,Mar/07/2010 17:14:31
713075,AI.2010.MICHAEL,Michael Lynche to win American Idol,1,2.4,Mar/07/2010 17:14:31
713075,AI.2010.MICHAEL,Michael Lynche to win American Idol,1,2.3,Mar/07/2010 17:14:31
713075,AI.2010.MICHAEL,Michael Lynche to win American Idol,1,2.2,Mar/07/2010 17:14:31
713075,AI.2010.MICHAEL,Michael Lynche to win American Idol,1,2.3,Mar/07/2010 17:14:31
713075,AI.2010.MICHAEL,Michael Lynche to win American Idol,4,2.2,Mar/07/2010 17:14:31
713075,AI.2010.MICHAEL,Michael Lynche to win American Idol,1,2.4,Mar/07/2010 17:14:31
713075,AI.2010.MICHAEL,Michael Lynche to win American Idol,1,2.4,Mar/07/2010 17:14:31
713075,AI.2010.MICHAEL,Michael Lynche to win American Idol,4,2.4,Mar/07/2010 17:14:58
713075,AI.2010.MICHAEL,Michael Lynche to win American Idol,4,2.5,Mar/07/2010 17:14:58
713075,AI.2010.MICHAEL,Michael Lynche to win American Idol,5,2.5,Mar/07/2010 21:04:18
713075,AI.2010.MICHAEL,Michael Lynche to win American Idol,1,2.5,Mar/07/2010 21:04:18
713075,AI.2010.MICHAEL,Michael Lynche to win American Idol,5,2.6,Mar/07/2010 21:51:59
713075,AI.2010.MICHAEL,Michael Lynche to win American Idol,4,2.6,Mar/07/2010 21:51:59
713075,AI.2010.MICHAEL,Michael Lynche to win American Idol,1,2.6,Mar/07/2010 21:51:59
713075,AI.2010.MICHAEL,Michael Lynche to win American Idol,1,2.6,Mar/07/2010 21:51:59
713075,AI.2010.MICHAEL,Michael Lynche to win American Idol,1,2.6,Mar/07/2010 21:51:59
713075,AI.2010.MICHAEL,Michael Lynche to win American Idol,1,1.7,Mar/08/2010 22:01:03
713075,AI.2010.MICHAEL,Michael Lynche to win American Idol,1,1.7,Mar/08/2010 22:01:14
713075,AI.2010.MICHAEL,Michael Lynche to win American Idol,1,1.7,Mar/08/2010 22:01:52
713075,AI.2010.MICHAEL,Michael Lynche to win American Idol,1,1.7,Mar/08/2010 22:02:05
713075,AI.2010.MICHAEL,Michael Lynche to win American Idol,1,1.7,Mar/08/2010 22:02:13
713075,AI.2010.MICHAEL,Michael Lynche to win American Idol,1,1.7,Mar/08/2010 22:02:21
713075,AI.2010.MICHAEL,Michael Lynche to win American Idol,1,1.7,Mar/08/2010 22:02:32
713075,AI.2010.MICHAEL,Michael Lynche to win American Idol,1,1.7,Mar/08/2010 22:02:36
713075,AI.2010.MICHAEL,Michael Lynche to win American Idol,1,1.7,Mar/08/2010 22:02:47
713075,AI.2010.MICHAEL,Michael Lynche to win American Idol,1,1.6,Mar/08/2010 22:03:23
713075,AI.2010.MICHAEL,Michael Lynche to win American Idol,1,1.6,Mar/08/2010 22:03:42
713075,AI.2010.MICHAEL,Michael Lynche to win American Idol,1,1.6,Mar/08/2010 22:04:05
713075,AI.2010.MICHAEL,Michael Lynche to win American Idol,1,1.6,Mar/08/2010 22:04:30
713075,AI.2010.MICHAEL,Michael Lynche to win American Idol,1,1.6,Mar/08/2010 22:04:39
713075,AI.2010.MICHAEL,Michael Lynche to win American Idol,1,1.6,Mar/08/2010 22:04:53
713075,AI.2010.MICHAEL,Michael Lynche to win American Idol,1,1.6,Mar/08/2010 22:05:22
713075,AI.2010.MICHAEL,Michael Lynche to win American Idol,1,1.6,Mar/08/2010 22:05:45
713075,AI.2010.MICHAEL,Michael Lynche to win American Idol,1,1.6,Mar/08/2010 22:05:58
713075,AI.2010.MICHAEL,Michael Lynche to win American Idol,1,1.6,Mar/08/2010 22:06:12
713075,AI.2010.MICHAEL,Michael Lynche to win American Idol,1,1.6,Mar/08/2010 22:06:34
713075,AI.2010.MICHAEL,Michael Lynche to win American Idol,1,1.6,Mar/08/2010 22:06:44
713075,AI.2010.MICHAEL,Michael Lynche to win American Idol,1,1.6,Mar/08/2010 22:07:09
713075,AI.2010.MICHAEL,Michael Lynche to win American Idol,1,1.6,Mar/08/2010 22:07:19
713075,AI.2010.MICHAEL,Michael Lynche to win American Idol,1,1.6,Mar/08/2010 22:07:28
713075,AI.2010.MICHAEL,Michael Lynche to win American Idol,1,1.6,Mar/08/2010 22:08:20
713075,AI.2010.MICHAEL,Michael Lynche to win American Idol,1,1.7,Mar/08/2010 22:49:41
713075,AI.2010.MICHAEL,Michael Lynche to win American Idol,1,1.7,Mar/08/2010 22:50:24
713075,AI.2010.MICHAEL,Michael Lynche to win American Idol,1,1.7,Mar/08/2010 22:50:37
713075,AI.2010.MICHAEL,Michael Lynche to win American Idol,1,1.7,Mar/09/2010 05:16:30
713075,AI.2010.MICHAEL,Michael Lynche to win American Idol,1,1.7,Mar/09/2010 05:16:54
713075,AI.2010.MICHAEL,Michael Lynche to win American Idol,1,1.7,Mar/09/2010 05:17:10
713075,AI.2010.MICHAEL,Michael Lynche to win American Idol,1,1.7,Mar/09/2010 05:17:50
713075,AI.2010.MICHAEL,Michael Lynche to win American Idol,1,1.7,Mar/09/2010 05:18:20
713075,AI.2010.MICHAEL,Michael Lynche to win American Idol,1,1.7,Mar/09/2010 05:18:27
713075,AI.2010.MICHAEL,Michael Lynche to win American Idol,1,1.7,Mar/09/2010 05:19:03
713075,AI.2010.MICHAEL,Michael Lynche to win American Idol,1,1.7,Mar/09/2010 05:19:14
713075,AI.2010.MICHAEL,Michael Lynche to win American Idol,5,2.4,Mar/09/2010 14:59:53
713075,AI.2010.MICHAEL,Michael Lynche to win American Idol,14,1.7,Mar/09/2010 19:38:52
713075,AI.2010.MICHAEL,Michael Lynche to win American Idol,5,2.3,Mar/10/2010 03:28:53
713075,AI.2010.MICHAEL,Michael Lynche to win American Idol,1,2.3,Mar/10/2010 03:28:53
713075,AI.2010.MICHAEL,Michael Lynche to win American Idol,5,2.5,Mar/10/2010 03:30:41
713075,AI.2010.MICHAEL,Michael Lynche to win American Idol,2,2.5,Mar/10/2010 03:30:41
713075,AI.2010.MICHAEL,Michael Lynche to win American Idol,5,2.5,Mar/10/2010 03:30:41
713075,AI.2010.MICHAEL,Michael Lynche to win American Idol,1,2.5,Mar/10/2010 03:30:41
713075,AI.2010.MICHAEL,Michael Lynche to win American Idol,5,2.4,Mar/10/2010 03:30:41
713075,AI.2010.MICHAEL,Michael Lynche to win American Idol,1,1.7,Mar/10/2010 21:17:49
713075,AI.2010.MICHAEL,Michael Lynche to win American Idol,1,1.7,Mar/10/2010 21:44:49
713075,AI.2010.MICHAEL,Michael Lynche to win American Idol,1,1.7,Mar/10/2010 21:49:47
713075,AI.2010.MICHAEL,Michael Lynche to win American Idol,1,1.7,Mar/10/2010 21:49:58
713075,AI.2010.MICHAEL,Michael Lynche to win American Idol,2,1.7,Mar/10/2010 21:52:55
713075,AI.2010.MICHAEL,Michael Lynche to win American Idol,1,1.7,Mar/10/2010 21:53:06
713075,AI.2010.MICHAEL,Michael Lynche to win American Idol,1,1.7,Mar/10/2010 21:53:17
713075,AI.2010.MICHAEL,Michael Lynche to win American Idol,2,1.7,Mar/10/2010 21:53:28
713075,AI.2010.MICHAEL,Michael Lynche to win American Idol,1,1.7,Mar/10/2010 21:53:40
713075,AI.2010.MICHAEL,Michael Lynche to win American Idol,1,2.2,Mar/10/2010 22:42:28
713075,AI.2010.MICHAEL,Michael Lynche to win American Idol,4,2.2,Mar/11/2010 00:44:17
713075,AI.2010.MICHAEL,Michael Lynche to win American Idol,5,2.3,Mar/11/2010 00:44:17
713075,AI.2010.MICHAEL,Michael Lynche to win American Idol,5,2.4,Mar/11/2010 00:44:17
713075,AI.2010.MICHAEL,Michael Lynche to win American Idol,5,2.5,Mar/11/2010 00:44:17
713075,AI.2010.MICHAEL,Michael Lynche to win American Idol,4,2.4,Mar/11/2010 00:44:17
713075,AI.2010.MICHAEL,Michael Lynche to win American Idol,4,2.5,Mar/11/2010 00:44:17
713075,AI.2010.MICHAEL,Michael Lynche to win American Idol,5,2.5,Mar/11/2010 00:44:17
713075,AI.2010.MICHAEL,Michael Lynche to win American Idol,5,2.6,Mar/11/2010 00:46:16
713075,AI.2010.MICHAEL,Michael Lynche to win American Idol,3,2.6,Mar/11/2010 00:46:16
713075,AI.2010.MICHAEL,Michael Lynche to win American Idol,5,2.6,Mar/11/2010 00:46:16
713075,AI.2010.MICHAEL,Michael Lynche to win American Idol,5,2.6,Mar/11/2010 00:46:16
713075,AI.2010.MICHAEL,Michael Lynche to win American Idol,2,2.7,Mar/11/2010 00:46:52
713075,AI.2010.MICHAEL,Michael Lynche to win American Idol,4,2.7,Mar/11/2010 00:46:52
713075,AI.2010.MICHAEL,Michael Lynche to win American Idol,5,2.7,Mar/11/2010 00:46:52
713075,AI.2010.MICHAEL,Michael Lynche to win American Idol,5,2.7,Mar/11/2010 00:46:52
713075,AI.2010.MICHAEL,Michael Lynche to win American Idol,1,2.7,Mar/11/2010 00:46:52
713075,AI.2010.MICHAEL,Michael Lynche to win American Idol,3,2.7,Mar/11/2010 00:46:52
713075,AI.2010.MICHAEL,Michael Lynche to win American Idol,4,2.8,Mar/11/2010 00:47:14
713075,AI.2010.MICHAEL,Michael Lynche to win American Idol,5,2.8,Mar/11/2010 00:47:14
713075,AI.2010.MICHAEL,Michael Lynche to win American Idol,2,2.8,Mar/11/2010 00:47:14
713075,AI.2010.MICHAEL,Michael Lynche to win American Idol,1,2.8,Mar/11/2010 00:47:14
713075,AI.2010.MICHAEL,Michael Lynche to win American Idol,2,2.8,Mar/11/2010 00:47:14
713075,AI.2010.MICHAEL,Michael Lynche to win American Idol,2,2.8,Mar/11/2010 00:47:14
713075,AI.2010.MICHAEL,Michael Lynche to win American Idol,1,2.8,Mar/11/2010 00:47:14
713075,AI.2010.MICHAEL,Michael Lynche to win American Idol,1,2.8,Mar/11/2010 00:47:14
713075,AI.2010.MICHAEL,Michael Lynche to win American Idol,1,2.8,Mar/11/2010 00:47:14
713075,AI.2010.MICHAEL,Michael Lynche to win American Idol,1,2.8,Mar/11/2010 00:47:14
713075,AI.2010.MICHAEL,Michael Lynche to win American Idol,1,3.0,Mar/11/2010 00:48:37
713075,AI.2010.MICHAEL,Michael Lynche to win American Idol,1,2.9,Mar/11/2010 00:48:37
713075,AI.2010.MICHAEL,Michael Lynche to win American Idol,1,3.5,Mar/11/2010 00:48:37
713075,AI.2010.MICHAEL,Michael Lynche to win American Idol,2,3.0,Mar/11/2010 00:48:37
713075,AI.2010.MICHAEL,Michael Lynche to win American Idol,1,3.7,Mar/11/2010 00:48:37
713075,AI.2010.MICHAEL,Michael Lynche to win American Idol,1,3.0,Mar/11/2010 00:48:37
713075,AI.2010.MICHAEL,Michael Lynche to win American Idol,1,2.9,Mar/11/2010 00:48:37
713075,AI.2010.MICHAEL,Michael Lynche to win American Idol,2,2.9,Mar/11/2010 00:48:37
713075,AI.2010.MICHAEL,Michael Lynche to win American Idol,5,3.2,Mar/11/2010 00:48:37
713075,AI.2010.MICHAEL,Michael Lynche to win American Idol,1,3.1,Mar/11/2010 00:48:37
713075,AI.2010.MICHAEL,Michael Lynche to win American Idol,1,3.9,Mar/11/2010 00:48:37
713075,AI.2010.MICHAEL,Michael Lynche to win American Idol,1,3.4,Mar/11/2010 00:48:37
713075,AI.2010.MICHAEL,Michael Lynche to win American Idol,1,3.4,Mar/11/2010 00:48:37
713075,AI.2010.MICHAEL,Michael Lynche to win American Idol,1,3.7,Mar/11/2010 00:48:37
713075,AI.2010.MICHAEL,Michael Lynche to win American Idol,18,3.9,Mar/11/2010 00:48:37
713075,AI.2010.MICHAEL,Michael Lynche to win American Idol,1,3.5,Mar/11/2010 00:48:37
713075,AI.2010.MICHAEL,Michael Lynche to win American Idol,1,3.2,Mar/11/2010 00:48:37
713075,AI.2010.MICHAEL,Michael Lynche to win American Idol,1,4.0,Mar/11/2010 00:52:37
713075,AI.2010.MICHAEL,Michael Lynche to win American Idol,2,3.9,Mar/11/2010 00:52:37
713075,AI.2010.MICHAEL,Michael Lynche to win American Idol,1,3.9,Mar/11/2010 00:52:37
713075,AI.2010.MICHAEL,Michael Lynche to win American Idol,1,3.9,Mar/11/2010 00:52:37
713075,AI.2010.MICHAEL,Michael Lynche to win American Idol,1,3.9,Mar/11/2010 00:52:37
713075,AI.2010.MICHAEL,Michael Lynche to win American Idol,40,4.0,Mar/11/2010 02:23:53
713075,AI.2010.MICHAEL,Michael Lynche to win American Idol,100,4.0,Mar/11/2010 02:25:15
713075,AI.2010.MICHAEL,Michael Lynche to win American Idol,40,4.0,Mar/11/2010 02:25:58
713075,AI.2010.MICHAEL,Michael Lynche to win American Idol,4,4.2,Mar/11/2010 02:37:07
713075,AI.2010.MICHAEL,Michael Lynche to win American Idol,11,4.2,Mar/11/2010 02:37:23
713075,AI.2010.MICHAEL,Michael Lynche to win American Idol,1,4.9,Mar/11/2010 02:37:25
713075,AI.2010.MICHAEL,Michael Lynche to win American Idol,1,4.9,Mar/11/2010 02:37:25
713075,AI.2010.MICHAEL,Michael Lynche to win American Idol,1,4.8,Mar/11/2010 02:37:25
713075,AI.2010.MICHAEL,Michael Lynche to win American Idol,1,4.7,Mar/11/2010 02:37:25
713075,AI.2010.MICHAEL,Michael Lynche to win American Idol,1,4.5,Mar/11/2010 02:37:25
713075,AI.2010.MICHAEL,Michael Lynche to win American Idol,10,5.0,Mar/11/2010 02:37:25
713075,AI.2010.MICHAEL,Michael Lynche to win American Idol,20,5.0,Mar/11/2010 02:37:25
713075,AI.2010.MICHAEL,Michael Lynche to win American Idol,30,5.0,Mar/11/2010 02:38:02
713075,AI.2010.MICHAEL,Michael Lynche to win American Idol,4,5.0,Mar/11/2010 02:40:24
713075,AI.2010.MICHAEL,Michael Lynche to win American Idol,1,5.9,Mar/11/2010 02:58:25
713075,AI.2010.MICHAEL,Michael Lynche to win American Idol,1,5.9,Mar/11/2010 02:58:25
713075,AI.2010.MICHAEL,Michael Lynche to win American Idol,10,5.7,Mar/11/2010 02:58:25
713075,AI.2010.MICHAEL,Michael Lynche to win American Idol,10,6.1,Mar/11/2010 03:00:03
713075,AI.2010.MICHAEL,Michael Lynche to win American Idol,10,6.9,Mar/11/2010 03:01:36
713075,AI.2010.MICHAEL,Michael Lynche to win American Idol,10,6.9,Mar/11/2010 03:11:41
713075,AI.2010.MICHAEL,Michael Lynche to win American Idol,10,7.0,Mar/11/2010 03:13:51
713075,AI.2010.MICHAEL,Michael Lynche to win American Idol,1,7.5,Mar/11/2010 03:16:49
713075,AI.2010.MICHAEL,Michael Lynche to win American Idol,1,7.9,Mar/11/2010 03:21:06
713075,AI.2010.MICHAEL,Michael Lynche to win American Idol,10,7.9,Mar/11/2010 03:21:06
713075,AI.2010.MICHAEL,Michael Lynche to win American Idol,10,8.0,Mar/11/2010 03:21:22
713075,AI.2010.MICHAEL,Michael Lynche to win American Idol,1,8.5,Mar/11/2010 03:21:52
713075,AI.2010.MICHAEL,Michael Lynche to win American Idol,10,8.9,Mar/11/2010 03:22:13
713075,AI.2010.MICHAEL,Michael Lynche to win American Idol,1,8.9,Mar/11/2010 03:22:13
713075,AI.2010.MICHAEL,Michael Lynche to win American Idol,10,9.0,Mar/11/2010 03:22:29
713075,AI.2010.MICHAEL,Michael Lynche to win American Idol,1,9.5,Mar/11/2010 03:22:42
713075,AI.2010.MICHAEL,Michael Lynche to win American Idol,10,9.8,Mar/11/2010 03:22:53
713075,AI.2010.MICHAEL,Michael Lynche to win American Idol,10,9.9,Mar/11/2010 03:23:02
713075,AI.2010.MICHAEL,Michael Lynche to win American Idol,1,9.9,Mar/11/2010 03:23:02
713075,AI.2010.MICHAEL,Michael Lynche to win American Idol,10,10.0,Mar/11/2010 03:23:16
713075,AI.2010.MICHAEL,Michael Lynche to win American Idol,1,10.9,Mar/11/2010 03:25:11
713075,AI.2010.MICHAEL,Michael Lynche to win American Idol,10,10.9,Mar/11/2010 03:25:11
713075,AI.2010.MICHAEL,Michael Lynche to win American Idol,10,11.0,Mar/11/2010 03:25:27
713075,AI.2010.MICHAEL,Michael Lynche to win American Idol,10,11.9,Mar/11/2010 03:25:57
713075,AI.2010.MICHAEL,Michael Lynche to win American Idol,1,11.9,Mar/11/2010 03:25:57
713075,AI.2010.MICHAEL,Michael Lynche to win American Idol,10,12.0,Mar/11/2010 03:26:09
713075,AI.2010.MICHAEL,Michael Lynche to win American Idol,1,12.9,Mar/11/2010 03:26:37
713075,AI.2010.MICHAEL,Michael Lynche to win American Idol,10,12.9,Mar/11/2010 03:26:37
713075,AI.2010.MICHAEL,Michael Lynche to win American Idol,10,13.0,Mar/11/2010 03:26:55
713075,AI.2010.MICHAEL,Michael Lynche to win American Idol,10,13.9,Mar/11/2010 03:27:57
713075,AI.2010.MICHAEL,Michael Lynche to win American Idol,4,14.0,Mar/11/2010 03:30:47
713075,AI.2010.MICHAEL,Michael Lynche to win American Idol,4,14.0,Mar/11/2010 03:32:21
713075,AI.2010.MICHAEL,Michael Lynche to win American Idol,10,8.1,Mar/11/2010 09:14:53
713075,AI.2010.MICHAEL,Michael Lynche to win American Idol,50,8.0,Mar/11/2010 09:15:02
713075,AI.2010.MICHAEL,Michael Lynche to win American Idol,82,7.0,Mar/11/2010 09:15:26
713075,AI.2010.MICHAEL,Michael Lynche to win American Idol,3,8.0,Mar/11/2010 11:46:24
713075,AI.2010.MICHAEL,Michael Lynche to win American Idol,8,8.1,Mar/11/2010 11:46:41
713075,AI.2010.MICHAEL,Michael Lynche to win American Idol,20,8.3,Mar/11/2010 11:46:53
713075,AI.2010.MICHAEL,Michael Lynche to win American Idol,50,8.5,Mar/11/2010 11:47:13
713075,AI.2010.MICHAEL,Michael Lynche to win American Idol,80,8.9,Mar/11/2010 11:48:15
713075,AI.2010.MICHAEL,Michael Lynche to win American Idol,20,9.0,Mar/11/2010 11:48:33
713075,AI.2010.MICHAEL,Michael Lynche to win American Idol,20,9.5,Mar/11/2010 11:48:57
713075,AI.2010.MICHAEL,Michael Lynche to win American Idol,10,9.6,Mar/11/2010 19:03:58
713075,AI.2010.MICHAEL,Michael Lynche to win American Idol,3,9.9,Mar/11/2010 23:00:17
713075,AI.2010.MICHAEL,Michael Lynche to win American Idol,9,10.0,Mar/12/2010 01:52:35
713075,AI.2010.MICHAEL,Michael Lynche to win American Idol,1,9.9,Mar/12/2010 01:52:35
713075,AI.2010.MICHAEL,Michael Lynche to win American Idol,6,9.0,Mar/12/2010 18:25:39
713075,AI.2010.MICHAEL,Michael Lynche to win American Idol,5,10.0,Mar/12/2010 20:30:20
713075,AI.2010.MICHAEL,Michael Lynche to win American Idol,5,9.9,Mar/13/2010 04:24:09
713075,AI.2010.MICHAEL,Michael Lynche to win American Idol,6,10.0,Mar/13/2010 04:24:53
713075,AI.2010.MICHAEL,Michael Lynche to win American Idol,8,8.0,Mar/16/2010 23:14:08
713075,AI.2010.MICHAEL,Michael Lynche to win American Idol,1,7.3,Mar/16/2010 23:27:10
713075,AI.2010.MICHAEL,Michael Lynche to win American Idol,5,7.2,Mar/17/2010 00:13:55
713075,AI.2010.MICHAEL,Michael Lynche to win American Idol,5,7.3,Mar/17/2010 00:13:55
713075,AI.2010.MICHAEL,Michael Lynche to win American Idol,10,7.3,Mar/17/2010 00:14:47
713075,AI.2010.MICHAEL,Michael Lynche to win American Idol,12,7.0,Mar/17/2010 00:23:54
713075,AI.2010.MICHAEL,Michael Lynche to win American Idol,3,7.5,Mar/17/2010 00:23:54
713075,AI.2010.MICHAEL,Michael Lynche to win American Idol,35,7.3,Mar/17/2010 00:23:54
713075,AI.2010.MICHAEL,Michael Lynche to win American Idol,10,7.3,Mar/17/2010 00:31:00
713075,AI.2010.MICHAEL,Michael Lynche to win American Idol,4,7.3,Mar/17/2010 00:31:27
713075,AI.2010.MICHAEL,Michael Lynche to win American Idol,14,5.1,Mar/17/2010 01:28:37
713075,AI.2010.MICHAEL,Michael Lynche to win American Idol,1,6.9,Mar/17/2010 02:13:14
713075,AI.2010.MICHAEL,Michael Lynche to win American Idol,1,5.1,Mar/17/2010 06:01:45
713075,AI.2010.MICHAEL,Michael Lynche to win American Idol,1,5.3,Mar/17/2010 19:10:12
713075,AI.2010.MICHAEL,Michael Lynche to win American Idol,1,5.3,Mar/17/2010 19:48:27
713075,AI.2010.MICHAEL,Michael Lynche to win American Idol,2,5.3,Mar/17/2010 19:48:39
713075,AI.2010.MICHAEL,Michael Lynche to win American Idol,1,5.3,Mar/17/2010 19:49:57
713075,AI.2010.MICHAEL,Michael Lynche to win American Idol,1,6.5,Mar/18/2010 01:08:49
713075,AI.2010.MICHAEL,Michael Lynche to win American Idol,14,6.8,Mar/18/2010 01:08:49
713075,AI.2010.MICHAEL,Michael Lynche to win American Idol,5,6.1,Mar/18/2010 12:35:38
713075,AI.2010.MICHAEL,Michael Lynche to win American Idol,3,6.0,Mar/18/2010 12:39:55
713075,AI.2010.MICHAEL,Michael Lynche to win American Idol,6,6.8,Mar/19/2010 03:15:13
713075,AI.2010.MICHAEL,Michael Lynche to win American Idol,1,6.9,Mar/19/2010 03:15:13
713075,AI.2010.MICHAEL,Michael Lynche to win American Idol,1,7.3,Mar/19/2010 03:15:13
713075,AI.2010.MICHAEL,Michael Lynche to win American Idol,1,7.2,Mar/19/2010 03:15:13
713075,AI.2010.MICHAEL,Michael Lynche to win American Idol,1,6.5,Mar/19/2010 03:15:13
713075,AI.2010.MICHAEL,Michael Lynche to win American Idol,6,7.4,Mar/20/2010 01:09:22
713075,AI.2010.MICHAEL,Michael Lynche to win American Idol,1,7.3,Mar/20/2010 01:09:22
713075,AI.2010.MICHAEL,Michael Lynche to win American Idol,1,7.4,Mar/20/2010 01:09:22
713075,AI.2010.MICHAEL,Michael Lynche to win American Idol,1,7.0,Mar/20/2010 01:09:22
713075,AI.2010.MICHAEL,Michael Lynche to win American Idol,1,7.4,Mar/20/2010 01:09:22
713075,AI.2010.MICHAEL,Michael Lynche to win American Idol,1,7.3,Mar/20/2010 10:00:56
713075,AI.2010.MICHAEL,Michael Lynche to win American Idol,8,7.3,Mar/20/2010 10:00:56
713075,AI.2010.MICHAEL,Michael Lynche to win American Idol,1,7.2,Mar/20/2010 10:00:56
713075,AI.2010.MICHAEL,Michael Lynche to win American Idol,14,7.4,Mar/20/2010 10:00:56
713075,AI.2010.MICHAEL,Michael Lynche to win American Idol,1,7.4,Mar/20/2010 10:01:24
713075,AI.2010.MICHAEL,Michael Lynche to win American Idol,1,7.5,Mar/21/2010 03:07:23
713075,AI.2010.MICHAEL,Michael Lynche to win American Idol,1,7.5,Mar/21/2010 03:07:34
713075,AI.2010.MICHAEL,Michael Lynche to win American Idol,2,7.5,Mar/21/2010 03:07:45
713075,AI.2010.MICHAEL,Michael Lynche to win American Idol,1,7.5,Mar/21/2010 03:07:57
713075,AI.2010.MICHAEL,Michael Lynche to win American Idol,2,7.5,Mar/21/2010 03:08:08
713075,AI.2010.MICHAEL,Michael Lynche to win American Idol,1,7.5,Mar/21/2010 03:08:19
713075,AI.2010.MICHAEL,Michael Lynche to win American Idol,2,7.4,Mar/21/2010 03:08:31
713075,AI.2010.MICHAEL,Michael Lynche to win American Idol,2,7.4,Mar/21/2010 03:08:42
713075,AI.2010.MICHAEL,Michael Lynche to win American Idol,2,7.4,Mar/21/2010 03:08:53
713075,AI.2010.MICHAEL,Michael Lynche to win American Idol,2,7.4,Mar/21/2010 03:09:04
713075,AI.2010.MICHAEL,Michael Lynche to win American Idol,1,7.4,Mar/21/2010 03:21:18
713075,AI.2010.MICHAEL,Michael Lynche to win American Idol,5,7.4,Mar/21/2010 03:21:29
713075,AI.2010.MICHAEL,Michael Lynche to win American Idol,2,7.4,Mar/21/2010 03:21:41
713075,AI.2010.MICHAEL,Michael Lynche to win American Idol,1,7.4,Mar/21/2010 03:21:52
713075,AI.2010.MICHAEL,Michael Lynche to win American Idol,1,7.4,Mar/21/2010 03:22:03
713075,AI.2010.MICHAEL,Michael Lynche to win American Idol,1,7.4,Mar/21/2010 05:40:06
713075,AI.2010.MICHAEL,Michael Lynche to win American Idol,1,7.4,Mar/21/2010 05:40:23
713075,AI.2010.MICHAEL,Michael Lynche to win American Idol,1,7.5,Mar/21/2010 05:57:42
713075,AI.2010.MICHAEL,Michael Lynche to win American Idol,1,7.4,Mar/23/2010 01:17:31
713075,AI.2010.MICHAEL,Michael Lynche to win American Idol,1,7.4,Mar/23/2010 01:19:35
713075,AI.2010.MICHAEL,Michael Lynche to win American Idol,64,7.4,Mar/23/2010 01:23:51
713075,AI.2010.MICHAEL,Michael Lynche to win American Idol,80,7.1,Mar/23/2010 01:24:05
713075,AI.2010.MICHAEL,Michael Lynche to win American Idol,2,7.1,Mar/23/2010 01:39:43
713075,AI.2010.MICHAEL,Michael Lynche to win American Idol,2,7.1,Mar/23/2010 01:39:54
713075,AI.2010.MICHAEL,Michael Lynche to win American Idol,3,7.1,Mar/23/2010 01:40:05
713075,AI.2010.MICHAEL,Michael Lynche to win American Idol,3,7.1,Mar/23/2010 01:40:16
713075,AI.2010.MICHAEL,Michael Lynche to win American Idol,2,7.1,Mar/23/2010 01:40:28
713075,AI.2010.MICHAEL,Michael Lynche to win American Idol,3,7.1,Mar/23/2010 01:43:00
713075,AI.2010.MICHAEL,Michael Lynche to win American Idol,2,7.1,Mar/23/2010 01:43:12
713075,AI.2010.MICHAEL,Michael Lynche to win American Idol,3,7.1,Mar/23/2010 01:43:40
713075,AI.2010.MICHAEL,Michael Lynche to win American Idol,1,7.1,Mar/23/2010 01:44:05
713075,AI.2010.MICHAEL,Michael Lynche to win American Idol,2,7.1,Mar/23/2010 01:47:58
713075,AI.2010.MICHAEL,Michael Lynche to win American Idol,10,7.2,Mar/23/2010 02:10:44
713075,AI.2010.MICHAEL,Michael Lynche to win American Idol,143,7.1,Mar/23/2010 02:14:31
713075,AI.2010.MICHAEL,Michael Lynche to win American Idol,74,7.1,Mar/23/2010 02:14:31
713075,AI.2010.MICHAEL,Michael Lynche to win American Idol,1,6.9,Mar/23/2010 04:17:28
713075,AI.2010.MICHAEL,Michael Lynche to win American Idol,6,7.2,Mar/23/2010 04:17:58
713075,AI.2010.MICHAEL,Michael Lynche to win American Idol,9,7.2,Mar/23/2010 04:28:45
713075,AI.2010.MICHAEL,Michael Lynche to win American Idol,4,7.2,Mar/23/2010 04:28:45
713075,AI.2010.MICHAEL,Michael Lynche to win American Idol,2,6.8,Mar/23/2010 04:43:54
713075,AI.2010.MICHAEL,Michael Lynche to win American Idol,10,7.2,Mar/23/2010 04:48:29
713075,AI.2010.MICHAEL,Michael Lynche to win American Idol,15,7.2,Mar/23/2010 14:38:51
713075,AI.2010.MICHAEL,Michael Lynche to win American Idol,13,7.2,Mar/23/2010 15:08:13
713075,AI.2010.MICHAEL,Michael Lynche to win American Idol,1,7.1,Mar/23/2010 15:08:13
713075,AI.2010.MICHAEL,Michael Lynche to win American Idol,1,7.1,Mar/23/2010 15:13:15
713075,AI.2010.MICHAEL,Michael Lynche to win American Idol,1,7.1,Mar/23/2010 15:13:16
713075,AI.2010.MICHAEL,Michael Lynche to win American Idol,1,7.1,Mar/23/2010 15:23:24
713075,AI.2010.MICHAEL,Michael Lynche to win American Idol,1,7.1,Mar/23/2010 15:23:35
713075,AI.2010.MICHAEL,Michael Lynche to win American Idol,3,7.1,Mar/23/2010 15:23:46
713075,AI.2010.MICHAEL,Michael Lynche to win American Idol,1,7.1,Mar/23/2010 15:23:58
713075,AI.2010.MICHAEL,Michael Lynche to win American Idol,6,7.1,Mar/23/2010 16:18:06
713075,AI.2010.MICHAEL,Michael Lynche to win American Idol,2,6.9,Mar/24/2010 01:05:33
713075,AI.2010.MICHAEL,Michael Lynche to win American Idol,1,7.0,Mar/24/2010 01:05:33
713075,AI.2010.MICHAEL,Michael Lynche to win American Idol,147,7.0,Mar/24/2010 01:06:30
713075,AI.2010.MICHAEL,Michael Lynche to win American Idol,50,7.0,Mar/24/2010 01:11:54
713075,AI.2010.MICHAEL,Michael Lynche to win American Idol,50,7.0,Mar/24/2010 01:11:54
713075,AI.2010.MICHAEL,Michael Lynche to win American Idol,3,6.9,Mar/24/2010 12:14:48
713075,AI.2010.MICHAEL,Michael Lynche to win American Idol,1,7.1,Mar/24/2010 12:41:32
713075,AI.2010.MICHAEL,Michael Lynche to win American Idol,2,6.0,Mar/24/2010 14:15:24
713075,AI.2010.MICHAEL,Michael Lynche to win American Idol,28,6.0,Mar/24/2010 16:54:20
713075,AI.2010.MICHAEL,Michael Lynche to win American Idol,180,5.6,Mar/24/2010 21:32:44
713075,AI.2010.MICHAEL,Michael Lynche to win American Idol,220,5.6,Mar/24/2010 21:32:44
713075,AI.2010.MICHAEL,Michael Lynche to win American Idol,3,5.7,Mar/24/2010 21:32:44
713075,AI.2010.MICHAEL,Michael Lynche to win American Idol,1,5.6,Mar/25/2010 00:46:39
713075,AI.2010.MICHAEL,Michael Lynche to win American Idol,9,5.6,Mar/25/2010 00:46:39
713075,AI.2010.MICHAEL,Michael Lynche to win American Idol,10,5.6,Mar/25/2010 00:58:11
713075,AI.2010.MICHAEL,Michael Lynche to win American Idol,1,5.6,Mar/25/2010 13:34:01
713075,AI.2010.MICHAEL,Michael Lynche to win American Idol,1,5.6,Mar/25/2010 13:34:01
713075,AI.2010.MICHAEL,Michael Lynche to win American Idol,30,5.6,Mar/25/2010 13:34:01
713075,AI.2010.MICHAEL,Michael Lynche to win American Idol,30,5.7,Mar/25/2010 15:46:11
713075,AI.2010.MICHAEL,Michael Lynche to win American Idol,30,5.9,Mar/25/2010 18:55:32
713075,AI.2010.MICHAEL,Michael Lynche to win American Idol,9,6.0,Mar/25/2010 18:55:32
713075,AI.2010.MICHAEL,Michael Lynche to win American Idol,2,5.7,Mar/25/2010 18:55:32
713075,AI.2010.MICHAEL,Michael Lynche to win American Idol,30,5.8,Mar/25/2010 18:55:32
713075,AI.2010.MICHAEL,Michael Lynche to win American Idol,1,5.9,Mar/25/2010 18:55:32
713075,AI.2010.MICHAEL,Michael Lynche to win American Idol,1,5.8,Mar/25/2010 18:55:32
713075,AI.2010.MICHAEL,Michael Lynche to win American Idol,30,6.0,Mar/25/2010 18:55:32
713075,AI.2010.MICHAEL,Michael Lynche to win American Idol,50,6.6,Mar/25/2010 18:56:32
713075,AI.2010.MICHAEL,Michael Lynche to win American Idol,180,6.7,Mar/25/2010 18:56:32
713075,AI.2010.MICHAEL,Michael Lynche to win American Idol,30,6.5,Mar/25/2010 18:56:32
713075,AI.2010.MICHAEL,Michael Lynche to win American Idol,30,6.4,Mar/25/2010 18:56:32
713075,AI.2010.MICHAEL,Michael Lynche to win American Idol,30,6.3,Mar/25/2010 18:56:32
713075,AI.2010.MICHAEL,Michael Lynche to win American Idol,30,6.2,Mar/25/2010 18:56:32
713075,AI.2010.MICHAEL,Michael Lynche to win American Idol,30,6.1,Mar/25/2010 18:56:32
713075,AI.2010.MICHAEL,Michael Lynche to win American Idol,1,6.4,Mar/25/2010 18:56:32
713075,AI.2010.MICHAEL,Michael Lynche to win American Idol,2,6.5,Mar/25/2010 18:56:32
713075,AI.2010.MICHAEL,Michael Lynche to win American Idol,2,6.7,Mar/25/2010 18:56:32
713075,AI.2010.MICHAEL,Michael Lynche to win American Idol,1,6.4,Mar/25/2010 18:56:32
713075,AI.2010.MICHAEL,Michael Lynche to win American Idol,1,6.5,Mar/25/2010 18:56:32
713075,AI.2010.MICHAEL,Michael Lynche to win American Idol,1,6.7,Mar/25/2010 21:41:04
713075,AI.2010.MICHAEL,Michael Lynche to win American Idol,1,6.8,Mar/25/2010 21:57:35
713075,AI.2010.MICHAEL,Michael Lynche to win American Idol,2,6.9,Mar/26/2010 02:02:11
713075,AI.2010.MICHAEL,Michael Lynche to win American Idol,2,6.9,Mar/26/2010 02:02:11
713075,AI.2010.MICHAEL,Michael Lynche to win American Idol,1,7.1,Mar/26/2010 02:04:18
713075,AI.2010.MICHAEL,Michael Lynche to win American Idol,25,6.2,Mar/27/2010 00:17:24
713075,AI.2010.MICHAEL,Michael Lynche to win American Idol,20,6.3,Mar/27/2010 00:19:01
713075,AI.2010.MICHAEL,Michael Lynche to win American Idol,10,6.2,Mar/27/2010 01:26:39
713075,AI.2010.MICHAEL,Michael Lynche to win American Idol,1,6.3,Mar/27/2010 11:46:45
713075,AI.2010.MICHAEL,Michael Lynche to win American Idol,10,6.4,Mar/27/2010 19:21:16
713075,AI.2010.MICHAEL,Michael Lynche to win American Idol,10,6.4,Mar/27/2010 19:24:19
713075,AI.2010.MICHAEL,Michael Lynche to win American Idol,5,6.5,Mar/28/2010 05:35:01
713075,AI.2010.MICHAEL,Michael Lynche to win American Idol,300,6.7,Mar/28/2010 05:56:12
713075,AI.2010.MICHAEL,Michael Lynche to win American Idol,20,6.6,Mar/28/2010 05:56:12
713075,AI.2010.MICHAEL,Michael Lynche to win American Idol,15,6.5,Mar/28/2010 05:56:12
713075,AI.2010.MICHAEL,Michael Lynche to win American Idol,20,6.6,Mar/28/2010 05:56:12
713075,AI.2010.MICHAEL,Michael Lynche to win American Idol,50,6.3,Mar/28/2010 12:15:05
713075,AI.2010.MICHAEL,Michael Lynche to win American Idol,25,6.4,Mar/28/2010 12:17:41
713075,AI.2010.MICHAEL,Michael Lynche to win American Idol,1,6.3,Mar/28/2010 21:43:32
713075,AI.2010.MICHAEL,Michael Lynche to win American Idol,5,6.3,Mar/29/2010 01:48:35
713075,AI.2010.MICHAEL,Michael Lynche to win American Idol,20,6.2,Mar/29/2010 04:29:57
713075,AI.2010.MICHAEL,Michael Lynche to win American Idol,55,6.2,Mar/29/2010 04:29:57
713075,AI.2010.MICHAEL,Michael Lynche to win American Idol,35,6.2,Mar/29/2010 04:29:57
713075,AI.2010.MICHAEL,Michael Lynche to win American Idol,3,6.0,Mar/29/2010 04:43:42
713075,AI.2010.MICHAEL,Michael Lynche to win American Idol,6,6.1,Mar/29/2010 04:44:48
713075,AI.2010.MICHAEL,Michael Lynche to win American Idol,3,6.0,Mar/29/2010 12:11:05
713075,AI.2010.MICHAEL,Michael Lynche to win American Idol,116,6.0,Mar/29/2010 12:11:05
713075,AI.2010.MICHAEL,Michael Lynche to win American Idol,5,5.9,Mar/29/2010 19:06:49
713075,AI.2010.MICHAEL,Michael Lynche to win American Idol,36,5.5,Mar/30/2010 01:45:00
713075,AI.2010.MICHAEL,Michael Lynche to win American Idol,4,5.5,Mar/30/2010 01:45:00
713075,AI.2010.MICHAEL,Michael Lynche to win American Idol,200,5.5,Mar/30/2010 01:45:27
713075,AI.2010.MICHAEL,Michael Lynche to win American Idol,1,5.5,Mar/30/2010 13:59:33
713075,AI.2010.MICHAEL,Michael Lynche to win American Idol,1,5.4,Mar/30/2010 13:59:33
713075,AI.2010.MICHAEL,Michael Lynche to win American Idol,1,5.3,Mar/30/2010 13:59:33
713075,AI.2010.MICHAEL,Michael Lynche to win American Idol,1,5.2,Mar/30/2010 13:59:33
713075,AI.2010.MICHAEL,Michael Lynche to win American Idol,1,5.1,Mar/30/2010 13:59:33
713075,AI.2010.MICHAEL,Michael Lynche to win American Idol,2,5.9,Mar/30/2010 22:26:03
713075,AI.2010.MICHAEL,Michael Lynche to win American Idol,1,6.0,Mar/30/2010 22:26:03
713075,AI.2010.MICHAEL,Michael Lynche to win American Idol,20,6.0,Mar/30/2010 22:26:03
713075,AI.2010.MICHAEL,Michael Lynche to win American Idol,54,6.1,Mar/30/2010 22:26:03
713075,AI.2010.MICHAEL,Michael Lynche to win American Idol,25,6.4,Mar/30/2010 23:01:13
713075,AI.2010.MICHAEL,Michael Lynche to win American Idol,25,6.4,Mar/30/2010 23:01:13
713075,AI.2010.MICHAEL,Michael Lynche to win American Idol,44,6.3,Mar/30/2010 23:01:13
713075,AI.2010.MICHAEL,Michael Lynche to win American Idol,69,6.2,Mar/30/2010 23:01:13
713075,AI.2010.MICHAEL,Michael Lynche to win American Idol,2,6.4,Mar/30/2010 23:01:13
713075,AI.2010.MICHAEL,Michael Lynche to win American Idol,1,6.4,Mar/30/2010 23:01:13
713075,AI.2010.MICHAEL,Michael Lynche to win American Idol,1,6.2,Mar/31/2010 00:37:21
713075,AI.2010.MICHAEL,Michael Lynche to win American Idol,2,6.5,Mar/31/2010 00:37:21
713075,AI.2010.MICHAEL,Michael Lynche to win American Idol,2,6.5,Mar/31/2010 00:37:21
713075,AI.2010.MICHAEL,Michael Lynche to win American Idol,1,6.9,Mar/31/2010 00:44:15
713075,AI.2010.MICHAEL,Michael Lynche to win American Idol,1,7.0,Mar/31/2010 00:44:15
713075,AI.2010.MICHAEL,Michael Lynche to win American Idol,2,7.0,Mar/31/2010 00:44:15
713075,AI.2010.MICHAEL,Michael Lynche to win American Idol,2,7.0,Mar/31/2010 00:44:15
713075,AI.2010.MICHAEL,Michael Lynche to win American Idol,250,6.6,Mar/31/2010 00:52:48
713075,AI.2010.MICHAEL,Michael Lynche to win American Idol,56,6.5,Mar/31/2010 00:53:01
713075,AI.2010.MICHAEL,Michael Lynche to win American Idol,30,6.6,Mar/31/2010 00:53:41
713075,AI.2010.MICHAEL,Michael Lynche to win American Idol,20,6.6,Mar/31/2010 00:57:42
713075,AI.2010.MICHAEL,Michael Lynche to win American Idol,50,6.9,Mar/31/2010 00:57:42
713075,AI.2010.MICHAEL,Michael Lynche to win American Idol,50,7.0,Mar/31/2010 00:57:42
713075,AI.2010.MICHAEL,Michael Lynche to win American Idol,81,7.0,Mar/31/2010 00:58:37
713075,AI.2010.MICHAEL,Michael Lynche to win American Idol,1,6.7,Mar/31/2010 01:50:32
713075,AI.2010.MICHAEL,Michael Lynche to win American Idol,2,6.7,Mar/31/2010 03:25:37
713075,AI.2010.MICHAEL,Michael Lynche to win American Idol,4,6.6,Mar/31/2010 03:25:37
713075,AI.2010.MICHAEL,Michael Lynche to win American Idol,4,6.6,Mar/31/2010 03:25:37
713075,AI.2010.MICHAEL,Michael Lynche to win American Idol,4,6.6,Mar/31/2010 04:06:19
713075,AI.2010.MICHAEL,Michael Lynche to win American Idol,4,6.6,Mar/31/2010 04:06:19
713075,AI.2010.MICHAEL,Michael Lynche to win American Idol,2,6.6,Mar/31/2010 04:06:19
713075,AI.2010.MICHAEL,Michael Lynche to win American Idol,20,6.6,Mar/31/2010 04:31:08
713075,AI.2010.MICHAEL,Michael Lynche to win American Idol,50,6.5,Mar/31/2010 04:31:08
713075,AI.2010.MICHAEL,Michael Lynche to win American Idol,1,6.2,Mar/31/2010 04:41:07
713075,AI.2010.MICHAEL,Michael Lynche to win American Idol,1,5.9,Mar/31/2010 14:07:44
713075,AI.2010.MICHAEL,Michael Lynche to win American Idol,1,5.7,Mar/31/2010 14:10:54
713075,AI.2010.MICHAEL,Michael Lynche to win American Idol,2,5.1,Mar/31/2010 16:19:05
713075,AI.2010.MICHAEL,Michael Lynche to win American Idol,1,5.1,Mar/31/2010 16:19:05
713075,AI.2010.MICHAEL,Michael Lynche to win American Idol,1,5.3,Mar/31/2010 16:19:05
713075,AI.2010.MICHAEL,Michael Lynche to win American Idol,1,5.5,Mar/31/2010 16:19:05
713075,AI.2010.MICHAEL,Michael Lynche to win American Idol,100,5.1,Mar/31/2010 16:19:51
713075,AI.2010.MICHAEL,Michael Lynche to win American Idol,20,5.1,Mar/31/2010 16:23:34
713075,AI.2010.MICHAEL,Michael Lynche to win American Idol,1,5.2,Apr/01/2010 01:21:59
713075,AI.2010.MICHAEL,Michael Lynche to win American Idol,8,5.1,Apr/01/2010 01:22:05
713075,AI.2010.MICHAEL,Michael Lynche to win American Idol,60,5.0,Apr/01/2010 01:26:51
713075,AI.2010.MICHAEL,Michael Lynche to win American Idol,7,5.1,Apr/01/2010 19:44:22
713075,AI.2010.MICHAEL,Michael Lynche to win American Idol,4,5.1,Apr/01/2010 19:45:32
713075,AI.2010.MICHAEL,Michael Lynche to win American Idol,5,5.1,Apr/01/2010 19:45:32
713075,AI.2010.MICHAEL,Michael Lynche to win American Idol,5,5.1,Apr/01/2010 19:45:32
713075,AI.2010.MICHAEL,Michael Lynche to win American Idol,4,5.1,Apr/01/2010 19:45:32
713075,AI.2010.MICHAEL,Michael Lynche to win American Idol,193,5.1,Apr/01/2010 19:45:32
713075,AI.2010.MICHAEL,Michael Lynche to win American Idol,10,5.2,Apr/01/2010 21:52:00
713075,AI.2010.MICHAEL,Michael Lynche to win American Idol,40,5.2,Apr/02/2010 02:23:02
713075,AI.2010.MICHAEL,Michael Lynche to win American Idol,50,5.4,Apr/02/2010 02:23:02
713075,AI.2010.MICHAEL,Michael Lynche to win American Idol,50,5.6,Apr/02/2010 02:23:02
713075,AI.2010.MICHAEL,Michael Lynche to win American Idol,5,5.6,Apr/02/2010 20:18:15
713075,AI.2010.MICHAEL,Michael Lynche to win American Idol,2,5.7,Apr/03/2010 04:35:13
713075,AI.2010.MICHAEL,Michael Lynche to win American Idol,1,5.7,Apr/03/2010 04:35:13
713075,AI.2010.MICHAEL,Michael Lynche to win American Idol,2,5.7,Apr/03/2010 04:35:13
713075,AI.2010.MICHAEL,Michael Lynche to win American Idol,5,5.7,Apr/03/2010 20:02:09
713075,AI.2010.MICHAEL,Michael Lynche to win American Idol,5,5.7,Apr/04/2010 22:05:22
713075,AI.2010.MICHAEL,Michael Lynche to win American Idol,6,5.7,Apr/04/2010 22:05:22
713075,AI.2010.MICHAEL,Michael Lynche to win American Idol,145,5.7,Apr/04/2010 22:05:22
713075,AI.2010.MICHAEL,Michael Lynche to win American Idol,4,5.8,Apr/04/2010 22:05:22
713075,AI.2010.MICHAEL,Michael Lynche to win American Idol,1,5.8,Apr/04/2010 22:05:22
713075,AI.2010.MICHAEL,Michael Lynche to win American Idol,1,5.9,Apr/04/2010 22:05:22
713075,AI.2010.MICHAEL,Michael Lynche to win American Idol,50,5.9,Apr/04/2010 22:05:22
713075,AI.2010.MICHAEL,Michael Lynche to win American Idol,50,5.8,Apr/04/2010 22:05:22
713075,AI.2010.MICHAEL,Michael Lynche to win American Idol,4,5.9,Apr/04/2010 22:05:22
713075,AI.2010.MICHAEL,Michael Lynche to win American Idol,2,5.9,Apr/04/2010 22:05:22
713075,AI.2010.MICHAEL,Michael Lynche to win American Idol,4,5.9,Apr/04/2010 22:05:22
713075,AI.2010.MICHAEL,Michael Lynche to win American Idol,61,5.9,Apr/05/2010 23:21:29
713075,AI.2010.MICHAEL,Michael Lynche to win American Idol,3,5.9,Apr/06/2010 14:09:59
713075,AI.2010.MICHAEL,Michael Lynche to win American Idol,175,5.8,Apr/06/2010 15:41:22
713075,AI.2010.MICHAEL,Michael Lynche to win American Idol,1,5.7,Apr/07/2010 18:27:07
713075,AI.2010.MICHAEL,Michael Lynche to win American Idol,1,5.8,Apr/07/2010 18:27:07
713075,AI.2010.MICHAEL,Michael Lynche to win American Idol,135,5.6,Apr/07/2010 18:27:07
713075,AI.2010.MICHAEL,Michael Lynche to win American Idol,5,5.6,Apr/08/2010 01:17:43
713075,AI.2010.MICHAEL,Michael Lynche to win American Idol,1,5.6,Apr/08/2010 01:18:19
713075,AI.2010.MICHAEL,Michael Lynche to win American Idol,1,5.6,Apr/08/2010 01:18:19
713075,AI.2010.MICHAEL,Michael Lynche to win American Idol,1,5.5,Apr/08/2010 01:26:40
713075,AI.2010.MICHAEL,Michael Lynche to win American Idol,1,5.4,Apr/08/2010 01:27:00
713075,AI.2010.MICHAEL,Michael Lynche to win American Idol,1,5.3,Apr/08/2010 01:27:07
713075,AI.2010.MICHAEL,Michael Lynche to win American Idol,1,5.2,Apr/08/2010 01:27:16
713075,AI.2010.MICHAEL,Michael Lynche to win American Idol,1,5.1,Apr/08/2010 01:27:26
713075,AI.2010.MICHAEL,Michael Lynche to win American Idol,5,2.2,Apr/08/2010 23:15:19
713075,AI.2010.MICHAEL,Michael Lynche to win American Idol,1,2.1,Apr/08/2010 23:15:19
713075,AI.2010.MICHAEL,Michael Lynche to win American Idol,1,2.0,Apr/08/2010 23:15:19
713075,AI.2010.MICHAEL,Michael Lynche to win American Idol,1,1.9,Apr/08/2010 23:15:19
713075,AI.2010.MICHAEL,Michael Lynche to win American Idol,1,1.8,Apr/08/2010 23:15:19
713075,AI.2010.MICHAEL,Michael Lynche to win American Idol,1,1.7,Apr/08/2010 23:15:43
713075,AI.2010.MICHAEL,Michael Lynche to win American Idol,1,1.6,Apr/08/2010 23:15:43
713075,AI.2010.MICHAEL,Michael Lynche to win American Idol,1,1.5,Apr/08/2010 23:15:43
713075,AI.2010.MICHAEL,Michael Lynche to win American Idol,1,1.4,Apr/08/2010 23:15:43
713075,AI.2010.MICHAEL,Michael Lynche to win American Idol,1,1.3,Apr/08/2010 23:15:43
713075,AI.2010.MICHAEL,Michael Lynche to win American Idol,5,1.6,Apr/10/2010 18:52:16
713075,AI.2010.MICHAEL,Michael Lynche to win American Idol,1,1.9,Apr/10/2010 22:16:34
713075,AI.2010.MICHAEL,Michael Lynche to win American Idol,20,1.5,Apr/11/2010 20:46:09
713075,AI.2010.MICHAEL,Michael Lynche to win American Idol,5,1.9,Apr/13/2010 15:08:59
713075,AI.2010.MICHAEL,Michael Lynche to win American Idol,5,2.0,Apr/13/2010 15:08:59
713075,AI.2010.MICHAEL,Michael Lynche to win American Idol,2,1.9,Apr/13/2010 15:08:59
713075,AI.2010.MICHAEL,Michael Lynche to win American Idol,1,2.0,Apr/13/2010 15:08:59
713075,AI.2010.MICHAEL,Michael Lynche to win American Idol,5,2.5,Apr/13/2010 15:24:38
713075,AI.2010.MICHAEL,Michael Lynche to win American Idol,5,2.5,Apr/13/2010 15:24:38
713075,AI.2010.MICHAEL,Michael Lynche to win American Idol,1,2.4,Apr/13/2010 15:24:38
713075,AI.2010.MICHAEL,Michael Lynche to win American Idol,1,2.7,Apr/13/2010 15:24:38
713075,AI.2010.MICHAEL,Michael Lynche to win American Idol,2,2.5,Apr/13/2010 15:24:38
713075,AI.2010.MICHAEL,Michael Lynche to win American Idol,10,2.8,Apr/13/2010 15:24:38
713075,AI.2010.MICHAEL,Michael Lynche to win American Idol,3,2.9,Apr/14/2010 02:18:14
713075,AI.2010.MICHAEL,Michael Lynche to win American Idol,5,2.9,Apr/14/2010 02:18:14
713075,AI.2010.MICHAEL,Michael Lynche to win American Idol,1,2.9,Apr/14/2010 02:18:14
713075,AI.2010.MICHAEL,Michael Lynche to win American Idol,1,2.9,Apr/14/2010 02:22:24
713075,AI.2010.MICHAEL,Michael Lynche to win American Idol,4,3.0,Apr/14/2010 13:06:28
713075,AI.2010.MICHAEL,Michael Lynche to win American Idol,5,3.0,Apr/14/2010 13:06:28
713075,AI.2010.MICHAEL,Michael Lynche to win American Idol,5,3.0,Apr/14/2010 13:06:28
713075,AI.2010.MICHAEL,Michael Lynche to win American Idol,4,3.8,Apr/14/2010 13:36:47
713075,AI.2010.MICHAEL,Michael Lynche to win American Idol,4,3.9,Apr/14/2010 13:36:47
713075,AI.2010.MICHAEL,Michael Lynche to win American Idol,5,4.0,Apr/14/2010 13:36:47
713075,AI.2010.MICHAEL,Michael Lynche to win American Idol,30,4.5,Apr/14/2010 13:36:47
713075,AI.2010.MICHAEL,Michael Lynche to win American Idol,2,3.4,Apr/14/2010 13:36:47
713075,AI.2010.MICHAEL,Michael Lynche to win American Idol,2,4.5,Apr/14/2010 13:36:47
713075,AI.2010.MICHAEL,Michael Lynche to win American Idol,4,4.0,Apr/14/2010 13:36:47
713075,AI.2010.MICHAEL,Michael Lynche to win American Idol,2,3.9,Apr/14/2010 13:36:47
713075,AI.2010.MICHAEL,Michael Lynche to win American Idol,4,4.0,Apr/14/2010 13:36:47
713075,AI.2010.MICHAEL,Michael Lynche to win American Idol,5,3.1,Apr/14/2010 22:38:41
713075,AI.2010.MICHAEL,Michael Lynche to win American Idol,21,3.0,Apr/14/2010 22:38:41
713075,AI.2010.MICHAEL,Michael Lynche to win American Idol,5,3.1,Apr/15/2010 02:00:12
713075,AI.2010.MICHAEL,Michael Lynche to win American Idol,74,3.1,Apr/15/2010 02:02:43
713075,AI.2010.MICHAEL,Michael Lynche to win American Idol,6,4.0,Apr/15/2010 02:32:11
713075,AI.2010.MICHAEL,Michael Lynche to win American Idol,10,4.4,Apr/15/2010 02:32:11
713075,AI.2010.MICHAEL,Michael Lynche to win American Idol,2,4.3,Apr/15/2010 02:32:11
713075,AI.2010.MICHAEL,Michael Lynche to win American Idol,2,4.5,Apr/15/2010 02:32:11
713075,AI.2010.MICHAEL,Michael Lynche to win American Idol,1,4.0,Apr/15/2010 07:20:45
713075,AI.2010.MICHAEL,Michael Lynche to win American Idol,19,4.0,Apr/15/2010 13:39:27
713075,AI.2010.MICHAEL,Michael Lynche to win American Idol,41,3.1,Apr/20/2010 01:51:28
713075,AI.2010.MICHAEL,Michael Lynche to win American Idol,2,3.7,Apr/20/2010 11:04:07
713075,AI.2010.MICHAEL,Michael Lynche to win American Idol,3,3.9,Apr/20/2010 11:04:07
713075,AI.2010.MICHAEL,Michael Lynche to win American Idol,2,4.0,Apr/20/2010 11:04:07
713075,AI.2010.MICHAEL,Michael Lynche to win American Idol,1,3.5,Apr/20/2010 11:04:07
713075,AI.2010.MICHAEL,Michael Lynche to win American Idol,6,3.6,Apr/20/2010 11:04:07
713075,AI.2010.MICHAEL,Michael Lynche to win American Idol,2,3.6,Apr/20/2010 11:04:07
713075,AI.2010.MICHAEL,Michael Lynche to win American Idol,6,4.3,Apr/20/2010 11:10:32
713075,AI.2010.MICHAEL,Michael Lynche to win American Idol,1,3.9,Apr/20/2010 23:48:20
713075,AI.2010.MICHAEL,Michael Lynche to win American Idol,4,4.0,Apr/20/2010 23:48:20
713075,AI.2010.MICHAEL,Michael Lynche to win American Idol,2,4.1,Apr/21/2010 00:12:14
713075,AI.2010.MICHAEL,Michael Lynche to win American Idol,2,4.2,Apr/21/2010 00:12:14
713075,AI.2010.MICHAEL,Michael Lynche to win American Idol,42,4.3,Apr/21/2010 00:12:14
713075,AI.2010.MICHAEL,Michael Lynche to win American Idol,1,3.2,Apr/21/2010 01:01:33
713075,AI.2010.MICHAEL,Michael Lynche to win American Idol,5,1.6,Apr/21/2010 01:01:47
713075,AI.2010.MICHAEL,Michael Lynche to win American Idol,44,1.6,Apr/21/2010 01:05:31
713075,AI.2010.MICHAEL,Michael Lynche to win American Idol,10,2.0,Apr/21/2010 14:50:23
713075,AI.2010.MICHAEL,Michael Lynche to win American Idol,1,2.1,Apr/25/2010 20:01:06
713075,AI.2010.MICHAEL,Michael Lynche to win American Idol,1,2.2,Apr/25/2010 20:01:06
713075,AI.2010.MICHAEL,Michael Lynche to win American Idol,2,2.3,Apr/25/2010 20:01:06
713075,AI.2010.MICHAEL,Michael Lynche to win American Idol,1,2.5,Apr/25/2010 20:01:06
713075,AI.2010.MICHAEL,Michael Lynche to win American Idol,1,2.4,Apr/25/2010 20:01:06
713075,AI.2010.MICHAEL,Michael Lynche to win American Idol,1,2.1,Apr/27/2010 21:21:20
713075,AI.2010.MICHAEL,Michael Lynche to win American Idol,2,2.3,Apr/28/2010 00:21:15
713075,AI.2010.MICHAEL,Michael Lynche to win American Idol,200,2.0,Apr/28/2010 05:44:03
713075,AI.2010.MICHAEL,Michael Lynche to win American Idol,10,1.8,Apr/28/2010 08:38:09
713075,AI.2010.MICHAEL,Michael Lynche to win American Idol,10,1.8,Apr/28/2010 08:39:33
713075,AI.2010.MICHAEL,Michael Lynche to win American Idol,14,0.6,Apr/28/2010 11:21:40
713075,AI.2010.MICHAEL,Michael Lynche to win American Idol,8,0.7,Apr/28/2010 11:21:40
713075,AI.2010.MICHAEL,Michael Lynche to win American Idol,4,1.5,Apr/29/2010 01:51:32
713075,AI.2010.MICHAEL,Michael Lynche to win American Idol,4,1.1,Apr/29/2010 01:51:32
713075,AI.2010.MICHAEL,Michael Lynche to win American Idol,20,2.1,Apr/29/2010 02:02:13
713075,AI.2010.MICHAEL,Michael Lynche to win American Idol,1,2.1,Apr/29/2010 20:16:27
713075,AI.2010.MICHAEL,Michael Lynche to win American Idol,20,1.6,May/02/2010 00:46:52
713075,AI.2010.MICHAEL,Michael Lynche to win American Idol,10,1.6,May/02/2010 00:47:13
713075,AI.2010.MICHAEL,Michael Lynche to win American Idol,5,1.7,May/02/2010 03:11:39
713075,AI.2010.MICHAEL,Michael Lynche to win American Idol,5,1.8,May/02/2010 03:11:39
713075,AI.2010.MICHAEL,Michael Lynche to win American Idol,16,1.8,May/02/2010 13:31:12
713075,AI.2010.MICHAEL,Michael Lynche to win American Idol,1,2.0,May/03/2010 17:30:56
713075,AI.2010.MICHAEL,Michael Lynche to win American Idol,5,1.9,May/03/2010 17:30:56
713075,AI.2010.MICHAEL,Michael Lynche to win American Idol,5,2.0,May/03/2010 17:30:56
713075,AI.2010.MICHAEL,Michael Lynche to win American Idol,1,1.9,May/03/2010 17:30:56
713075,AI.2010.MICHAEL,Michael Lynche to win American Idol,1,2.1,May/03/2010 21:19:29
713075,AI.2010.MICHAEL,Michael Lynche to win American Idol,1,2.1,May/03/2010 21:19:29
713075,AI.2010.MICHAEL,Michael Lynche to win American Idol,5,2.1,May/03/2010 21:19:29
713075,AI.2010.MICHAEL,Michael Lynche to win American Idol,1,2.2,May/03/2010 21:23:52
713075,AI.2010.MICHAEL,Michael Lynche to win American Idol,1,2.3,May/03/2010 21:50:50
713075,AI.2010.MICHAEL,Michael Lynche to win American Idol,2,2.3,May/03/2010 21:50:50
713075,AI.2010.MICHAEL,Michael Lynche to win American Idol,5,2.3,May/03/2010 21:51:51
713075,AI.2010.MICHAEL,Michael Lynche to win American Idol,5,2.3,May/03/2010 21:52:53
713075,AI.2010.MICHAEL,Michael Lynche to win American Idol,1,2.5,May/04/2010 16:47:54
713075,AI.2010.MICHAEL,Michael Lynche to win American Idol,1,2.4,May/04/2010 16:47:54
713075,AI.2010.MICHAEL,Michael Lynche to win American Idol,1,2.5,May/04/2010 16:47:54
713075,AI.2010.MICHAEL,Michael Lynche to win American Idol,2,2.5,May/04/2010 16:47:54
713075,AI.2010.MICHAEL,Michael Lynche to win American Idol,1,2.5,May/04/2010 16:47:54
713075,AI.2010.MICHAEL,Michael Lynche to win American Idol,1,2.5,May/04/2010 19:19:23
713075,AI.2010.MICHAEL,Michael Lynche to win American Idol,20,2.6,May/05/2010 00:47:44
713075,AI.2010.MICHAEL,Michael Lynche to win American Idol,1,2.6,May/05/2010 00:47:44
713075,AI.2010.MICHAEL,Michael Lynche to win American Idol,5,2.9,May/05/2010 00:49:34
713075,AI.2010.MICHAEL,Michael Lynche to win American Idol,1,3.0,May/05/2010 00:49:34
713075,AI.2010.MICHAEL,Michael Lynche to win American Idol,1,2.9,May/05/2010 00:49:34
713075,AI.2010.MICHAEL,Michael Lynche to win American Idol,1,2.8,May/05/2010 00:49:34
713075,AI.2010.MICHAEL,Michael Lynche to win American Idol,1,2.7,May/05/2010 00:49:34
713075,AI.2010.MICHAEL,Michael Lynche to win American Idol,100,2.9,May/05/2010 00:49:34
713075,AI.2010.MICHAEL,Michael Lynche to win American Idol,3,3.0,May/05/2010 00:49:34
713075,AI.2010.MICHAEL,Michael Lynche to win American Idol,2,2.9,May/05/2010 00:49:34
713075,AI.2010.MICHAEL,Michael Lynche to win American Idol,1,3.3,May/05/2010 00:50:58
713075,AI.2010.MICHAEL,Michael Lynche to win American Idol,1,3.2,May/05/2010 00:50:58
713075,AI.2010.MICHAEL,Michael Lynche to win American Idol,1,3.1,May/05/2010 00:50:58
713075,AI.2010.MICHAEL,Michael Lynche to win American Idol,20,3.0,May/05/2010 03:42:19
713075,AI.2010.MICHAEL,Michael Lynche to win American Idol,1,3.3,May/05/2010 13:28:17
713075,AI.2010.MICHAEL,Michael Lynche to win American Idol,1,3.4,May/05/2010 13:28:17
713075,AI.2010.MICHAEL,Michael Lynche to win American Idol,1,3.5,May/05/2010 13:28:17
713075,AI.2010.MICHAEL,Michael Lynche to win American Idol,1,3.4,May/05/2010 13:28:17
713075,AI.2010.MICHAEL,Michael Lynche to win American Idol,2,3.5,May/05/2010 13:28:17
713075,AI.2010.MICHAEL,Michael Lynche to win American Idol,1,3.4,May/05/2010 13:28:17
713075,AI.2010.MICHAEL,Michael Lynche to win American Idol,1,3.5,May/05/2010 13:28:17
713075,AI.2010.MICHAEL,Michael Lynche to win American Idol,2,3.5,May/05/2010 13:28:17
713075,AI.2010.MICHAEL,Michael Lynche to win American Idol,1,4.0,May/05/2010 15:34:25
713075,AI.2010.MICHAEL,Michael Lynche to win American Idol,1,3.9,May/05/2010 15:34:25
713075,AI.2010.MICHAEL,Michael Lynche to win American Idol,1,3.7,May/05/2010 15:34:25
713075,AI.2010.MICHAEL,Michael Lynche to win American Idol,5,4.0,May/05/2010 15:34:25
713075,AI.2010.MICHAEL,Michael Lynche to win American Idol,1,3.6,May/05/2010 15:34:25
713075,AI.2010.MICHAEL,Michael Lynche to win American Idol,2,3.9,May/05/2010 15:34:25
713075,AI.2010.MICHAEL,Michael Lynche to win American Idol,1,4.2,May/05/2010 15:34:25
713075,AI.2010.MICHAEL,Michael Lynche to win American Idol,1,4.1,May/05/2010 15:34:25
713075,AI.2010.MICHAEL,Michael Lynche to win American Idol,1,4.0,May/05/2010 15:34:25
713075,AI.2010.MICHAEL,Michael Lynche to win American Idol,1,3.9,May/05/2010 15:34:25
713075,AI.2010.MICHAEL,Michael Lynche to win American Idol,1,3.8,May/05/2010 15:34:25
713075,AI.2010.MICHAEL,Michael Lynche to win American Idol,1,3.7,May/05/2010 15:34:25
713075,AI.2010.MICHAEL,Michael Lynche to win American Idol,1,3.6,May/05/2010 15:34:25
713075,AI.2010.MICHAEL,Michael Lynche to win American Idol,1,4.1,May/05/2010 15:34:25
713075,AI.2010.MICHAEL,Michael Lynche to win American Idol,1,3.8,May/05/2010 15:34:25
713075,AI.2010.MICHAEL,Michael Lynche to win American Idol,1,4.3,May/05/2010 15:35:23
713075,AI.2010.MICHAEL,Michael Lynche to win American Idol,1,4.9,May/05/2010 15:35:23
713075,AI.2010.MICHAEL,Michael Lynche to win American Idol,1,4.7,May/05/2010 15:35:23
713075,AI.2010.MICHAEL,Michael Lynche to win American Idol,1,5.0,May/05/2010 15:35:23
713075,AI.2010.MICHAEL,Michael Lynche to win American Idol,1,4.8,May/05/2010 15:35:23
713075,AI.2010.MICHAEL,Michael Lynche to win American Idol,1,4.5,May/05/2010 15:35:23
713075,AI.2010.MICHAEL,Michael Lynche to win American Idol,1,4.9,May/05/2010 15:35:23
713075,AI.2010.MICHAEL,Michael Lynche to win American Idol,1,4.7,May/05/2010 15:35:23
713075,AI.2010.MICHAEL,Michael Lynche to win American Idol,1,4.6,May/05/2010 15:35:23
713075,AI.2010.MICHAEL,Michael Lynche to win American Idol,1,4.4,May/05/2010 15:35:23
713075,AI.2010.MICHAEL,Michael Lynche to win American Idol,1,4.3,May/05/2010 15:35:23
713075,AI.2010.MICHAEL,Michael Lynche to win American Idol,1,4.8,May/05/2010 15:35:23
713075,AI.2010.MICHAEL,Michael Lynche to win American Idol,1,4.2,May/05/2010 15:35:23
713075,AI.2010.MICHAEL,Michael Lynche to win American Idol,1,4.8,May/05/2010 15:35:23
713075,AI.2010.MICHAEL,Michael Lynche to win American Idol,1,4.6,May/05/2010 15:35:23
713075,AI.2010.MICHAEL,Michael Lynche to win American Idol,1,4.5,May/05/2010 15:35:23
713075,AI.2010.MICHAEL,Michael Lynche to win American Idol,1,4.4,May/05/2010 15:35:23
713075,AI.2010.MICHAEL,Michael Lynche to win American Idol,1,3.0,May/05/2010 21:03:09
713075,AI.2010.MICHAEL,Michael Lynche to win American Idol,7,3.0,May/05/2010 23:26:19
713075,AI.2010.MICHAEL,Michael Lynche to win American Idol,39,2.5,May/08/2010 04:58:14
713075,AI.2010.MICHAEL,Michael Lynche to win American Idol,2,2.6,May/10/2010 01:45:16
713075,AI.2010.MICHAEL,Michael Lynche to win American Idol,1,3.0,May/10/2010 01:45:16
713075,AI.2010.MICHAEL,Michael Lynche to win American Idol,7,3.4,May/10/2010 01:45:16
713075,AI.2010.MICHAEL,Michael Lynche to win American Idol,2,2.7,May/11/2010 02:16:50
713075,AI.2010.MICHAEL,Michael Lynche to win American Idol,2,3.1,May/11/2010 16:50:23
713075,AI.2010.MICHAEL,Michael Lynche to win American Idol,1100,3.3,May/11/2010 16:50:23
713075,AI.2010.MICHAEL,Michael Lynche to win American Idol,6,3.2,May/11/2010 16:50:23
713075,AI.2010.MICHAEL,Michael Lynche to win American Idol,1,3.3,May/11/2010 16:50:23
713075,AI.2010.MICHAEL,Michael Lynche to win American Idol,5,3.1,May/11/2010 16:50:23
713075,AI.2010.MICHAEL,Michael Lynche to win American Idol,1,3.5,May/11/2010 22:56:01
713075,AI.2010.MICHAEL,Michael Lynche to win American Idol,20,3.6,May/12/2010 00:17:43
713075,AI.2010.MICHAEL,Michael Lynche to win American Idol,80,3.6,May/12/2010 00:18:10
713075,AI.2010.MICHAEL,Michael Lynche to win American Idol,2,3.9,May/12/2010 00:18:23
713075,AI.2010.MICHAEL,Michael Lynche to win American Idol,845,3.3,May/12/2010 01:16:10
713075,AI.2010.MICHAEL,Michael Lynche to win American Idol,2,3.5,May/12/2010 17:21:23
713075,AI.2010.MICHAEL,Michael Lynche to win American Idol,6,3.1,May/12/2010 23:53:31
713075,AI.2010.MICHAEL,Michael Lynche to win American Idol,8,0.8,May/13/2010 01:20:23
713075,AI.2010.MICHAEL,Michael Lynche to win American Idol,4,0.7,May/13/2010 01:54:09
713075,AI.2010.MICHAEL,Michael Lynche to win American Idol,2500,0.6,May/13/2010 01:55:03
713075,AI.2010.MICHAEL,Michael Lynche to win American Idol,6,0.7,May/13/2010 01:55:03
713075,AI.2010.MICHAEL,Michael Lynche to win American Idol,53,0.6,May/13/2010 01:55:03
713075,AI.2010.MICHAEL,Michael Lynche to win American Idol,2000,0.7,May/13/2010 01:55:03
713075,AI.2010.MICHAEL,Michael Lynche to win American Idol,146,0.7,May/13/2010 01:55:03
713075,AI.2010.MICHAEL,Michael Lynche to win American Idol,100,0.6,May/13/2010 01:55:03
713075,AI.2010.MICHAEL,Michael Lynche to win American Idol,28,0.6,May/13/2010 01:55:03
713075,AI.2010.MICHAEL,Michael Lynche to win American Idol,58,0.5,May/13/2010 02:00:07
713075,AI.2010.MICHAEL,Michael Lynche to win American Idol,100,0.5,May/13/2010 02:00:07
713075,AI.2010.MICHAEL,Michael Lynche to win American Idol,51,0.5,May/13/2010 02:00:07
713075,AI.2010.MICHAEL,Michael Lynche to win American Idol,91,0.5,May/13/2010 12:58:32
713075,AI.2010.MICHAEL,Michael Lynche to win American Idol,10,0.5,May/15/2010 00:13:40
713075,AI.2010.MICHAEL,Michael Lynche to win American Idol,20,0.5,May/15/2010 05:16:12
713075,AI.2010.MICHAEL,Michael Lynche to win American Idol,50,0.5,May/16/2010 20:04:25
713075,AI.2010.MICHAEL,Michael Lynche to win American Idol,100,0.5,May/19/2010 23:11:47
713075,AI.2010.MICHAEL,Michael Lynche to win American Idol,10,0.5,May/21/2010 04:02:48
713075,AI.2010.MICHAEL,Michael Lynche to win American Idol,13,0.5,May/24/2010 23:32:58
713075,AI.2010.MICHAEL,Michael Lynche to win American Idol,1661,0.5,May/24/2010 23:32:58
713075,AI.2010.MICHAEL,Michael Lynche to win American Idol,13,0.5,May/24/2010 23:32:58
713075,AI.2010.MICHAEL,Michael Lynche to win American Idol,12,0.5,May/27/2010 00:06:53
