market id,market symbol,market name,trade quantity,trade price,date/time [utc]
713067,AI.2010.LEE,Lee DeWyze to win American Idol,1,2.0,Feb/23/2010 01:08:06
713067,AI.2010.LEE,Lee DeWyze to win American Idol,1,2.0,Feb/23/2010 22:42:58
713067,AI.2010.LEE,Lee DeWyze to win American Idol,1,2.0,Feb/24/2010 01:44:10
713067,AI.2010.LEE,Lee DeWyze to win American Idol,1,2.0,Feb/24/2010 03:26:07
713067,AI.2010.LEE,Lee DeWyze to win American Idol,2,2.0,Feb/24/2010 04:10:27
713067,AI.2010.LEE,Lee DeWyze to win American Idol,1,3.4,Feb/24/2010 14:28:41
713067,AI.2010.LEE,Lee DeWyze to win American Idol,1,2.9,Feb/24/2010 14:28:41
713067,AI.2010.LEE,Lee DeWyze to win American Idol,1,2.9,Feb/24/2010 14:28:41
713067,AI.2010.LEE,Lee DeWyze to win American Idol,2,3.4,Feb/24/2010 14:28:41
713067,AI.2010.LEE,Lee DeWyze to win American Idol,1,2.9,Feb/24/2010 14:28:41
713067,AI.2010.LEE,Lee DeWyze to win American Idol,2,2.5,Feb/24/2010 14:28:41
713067,AI.2010.LEE,Lee DeWyze to win American Idol,1,3.5,Feb/24/2010 14:28:41
713067,AI.2010.LEE,Lee DeWyze to win American Idol,2,3.0,Feb/24/2010 14:28:41
713067,AI.2010.LEE,Lee DeWyze to win American Idol,1,2.9,Feb/24/2010 14:28:41
713067,AI.2010.LEE,Lee DeWyze to win American Idol,1,3.9,Feb/25/2010 01:00:53
713067,AI.2010.LEE,Lee DeWyze to win American Idol,2,3.9,Feb/25/2010 01:00:53
713067,AI.2010.LEE,Lee DeWyze to win American Idol,2,2.9,Feb/25/2010 01:00:53
713067,AI.2010.LEE,Lee DeWyze to win American Idol,2,3.5,Feb/25/2010 01:00:53
713067,AI.2010.LEE,Lee DeWyze to win American Idol,2,3.4,Feb/25/2010 01:00:53
713067,AI.2010.LEE,Lee DeWyze to win American Idol,4,3.0,Feb/25/2010 01:00:53
713067,AI.2010.LEE,Lee DeWyze to win American Idol,2,3.5,Feb/25/2010 01:00:53
713067,AI.2010.LEE,Lee DeWyze to win American Idol,1,3.4,Feb/25/2010 01:00:53
713067,AI.2010.LEE,Lee DeWyze to win American Idol,1,4.0,Feb/25/2010 02:05:28
713067,AI.2010.LEE,Lee DeWyze to win American Idol,1,4.0,Feb/25/2010 02:05:28
713067,AI.2010.LEE,Lee DeWyze to win American Idol,1,4.0,Feb/25/2010 02:05:28
713067,AI.2010.LEE,Lee DeWyze to win American Idol,2,3.9,Feb/25/2010 02:05:28
713067,AI.2010.LEE,Lee DeWyze to win American Idol,1,4.4,Feb/25/2010 02:17:17
713067,AI.2010.LEE,Lee DeWyze to win American Idol,1,4.9,Feb/25/2010 02:17:17
713067,AI.2010.LEE,Lee DeWyze to win American Idol,2,4.4,Feb/25/2010 02:17:17
713067,AI.2010.LEE,Lee DeWyze to win American Idol,2,4.9,Feb/25/2010 02:17:17
713067,AI.2010.LEE,Lee DeWyze to win American Idol,1,4.4,Feb/25/2010 02:17:17
713067,AI.2010.LEE,Lee DeWyze to win American Idol,2,4.5,Feb/25/2010 02:17:17
713067,AI.2010.LEE,Lee DeWyze to win American Idol,10,4.9,Feb/25/2010 02:17:17
713067,AI.2010.LEE,Lee DeWyze to win American Idol,20,5.0,Feb/25/2010 02:20:00
713067,AI.2010.LEE,Lee DeWyze to win American Idol,2,4.3,Feb/25/2010 03:07:15
713067,AI.2010.LEE,Lee DeWyze to win American Idol,3,4.3,Feb/25/2010 03:18:22
713067,AI.2010.LEE,Lee DeWyze to win American Idol,4,4.2,Feb/25/2010 04:15:22
713067,AI.2010.LEE,Lee DeWyze to win American Idol,2,4.9,Feb/25/2010 13:34:04
713067,AI.2010.LEE,Lee DeWyze to win American Idol,2,5.0,Feb/25/2010 16:35:54
713067,AI.2010.LEE,Lee DeWyze to win American Idol,4,4.9,Feb/25/2010 16:35:54
713067,AI.2010.LEE,Lee DeWyze to win American Idol,1,5.9,Feb/25/2010 20:40:23
713067,AI.2010.LEE,Lee DeWyze to win American Idol,1,5.4,Feb/25/2010 20:40:23
713067,AI.2010.LEE,Lee DeWyze to win American Idol,1,5.9,Feb/25/2010 20:40:23
713067,AI.2010.LEE,Lee DeWyze to win American Idol,1,5.4,Feb/25/2010 20:40:23
713067,AI.2010.LEE,Lee DeWyze to win American Idol,1,6.4,Feb/25/2010 20:40:23
713067,AI.2010.LEE,Lee DeWyze to win American Idol,2,6.4,Feb/25/2010 20:40:23
713067,AI.2010.LEE,Lee DeWyze to win American Idol,1,6.3,Feb/25/2010 20:40:23
713067,AI.2010.LEE,Lee DeWyze to win American Idol,2,5.7,Feb/25/2010 20:40:23
713067,AI.2010.LEE,Lee DeWyze to win American Idol,1,6.9,Feb/26/2010 03:22:17
713067,AI.2010.LEE,Lee DeWyze to win American Idol,1,6.9,Feb/26/2010 03:22:17
713067,AI.2010.LEE,Lee DeWyze to win American Idol,2,7.2,Feb/26/2010 16:43:35
713067,AI.2010.LEE,Lee DeWyze to win American Idol,3,7.3,Feb/27/2010 03:58:13
713067,AI.2010.LEE,Lee DeWyze to win American Idol,2,7.3,Feb/27/2010 05:37:08
713067,AI.2010.LEE,Lee DeWyze to win American Idol,1,7.4,Feb/27/2010 17:59:39
713067,AI.2010.LEE,Lee DeWyze to win American Idol,1,7.4,Feb/27/2010 17:59:39
713067,AI.2010.LEE,Lee DeWyze to win American Idol,1,7.5,Feb/27/2010 17:59:48
713067,AI.2010.LEE,Lee DeWyze to win American Idol,1,7.9,Feb/27/2010 18:00:13
713067,AI.2010.LEE,Lee DeWyze to win American Idol,1,7.9,Feb/27/2010 18:00:13
713067,AI.2010.LEE,Lee DeWyze to win American Idol,2,8.0,Feb/27/2010 18:02:03
713067,AI.2010.LEE,Lee DeWyze to win American Idol,3,7.3,Feb/28/2010 15:58:05
713067,AI.2010.LEE,Lee DeWyze to win American Idol,1,8.0,Feb/28/2010 22:08:31
713067,AI.2010.LEE,Lee DeWyze to win American Idol,1,7.8,Feb/28/2010 22:08:31
713067,AI.2010.LEE,Lee DeWyze to win American Idol,1,7.5,Feb/28/2010 22:08:31
713067,AI.2010.LEE,Lee DeWyze to win American Idol,5,7.4,Feb/28/2010 22:08:31
713067,AI.2010.LEE,Lee DeWyze to win American Idol,2,7.9,Feb/28/2010 22:08:31
713067,AI.2010.LEE,Lee DeWyze to win American Idol,3,7.4,Feb/28/2010 22:08:31
713067,AI.2010.LEE,Lee DeWyze to win American Idol,1,8.9,Feb/28/2010 22:16:15
713067,AI.2010.LEE,Lee DeWyze to win American Idol,1,8.4,Feb/28/2010 22:16:15
713067,AI.2010.LEE,Lee DeWyze to win American Idol,1,9.4,Feb/28/2010 22:16:15
713067,AI.2010.LEE,Lee DeWyze to win American Idol,1,8.5,Feb/28/2010 22:16:15
713067,AI.2010.LEE,Lee DeWyze to win American Idol,1,8.2,Feb/28/2010 22:16:15
713067,AI.2010.LEE,Lee DeWyze to win American Idol,10,9.8,Feb/28/2010 22:16:43
713067,AI.2010.LEE,Lee DeWyze to win American Idol,1,9.5,Feb/28/2010 22:16:43
713067,AI.2010.LEE,Lee DeWyze to win American Idol,1,9.9,Feb/28/2010 22:16:57
713067,AI.2010.LEE,Lee DeWyze to win American Idol,1,9.9,Feb/28/2010 22:16:57
713067,AI.2010.LEE,Lee DeWyze to win American Idol,20,10.0,Feb/28/2010 22:16:57
713067,AI.2010.LEE,Lee DeWyze to win American Idol,1,9.9,Mar/01/2010 14:16:00
713067,AI.2010.LEE,Lee DeWyze to win American Idol,20,10.0,Mar/01/2010 14:16:00
713067,AI.2010.LEE,Lee DeWyze to win American Idol,3,9.1,Mar/02/2010 01:40:55
713067,AI.2010.LEE,Lee DeWyze to win American Idol,1,9.2,Mar/02/2010 01:40:55
713067,AI.2010.LEE,Lee DeWyze to win American Idol,1,9.2,Mar/02/2010 01:40:55
713067,AI.2010.LEE,Lee DeWyze to win American Idol,27,9.1,Mar/02/2010 13:20:01
713067,AI.2010.LEE,Lee DeWyze to win American Idol,7,9.2,Mar/02/2010 15:23:26
713067,AI.2010.LEE,Lee DeWyze to win American Idol,2,9.3,Mar/02/2010 22:26:41
713067,AI.2010.LEE,Lee DeWyze to win American Idol,1,10.0,Mar/03/2010 03:13:39
713067,AI.2010.LEE,Lee DeWyze to win American Idol,1,11.5,Mar/03/2010 03:20:16
713067,AI.2010.LEE,Lee DeWyze to win American Idol,1,11.9,Mar/03/2010 03:20:16
713067,AI.2010.LEE,Lee DeWyze to win American Idol,2,11.0,Mar/03/2010 03:20:16
713067,AI.2010.LEE,Lee DeWyze to win American Idol,1,10.9,Mar/03/2010 03:20:16
713067,AI.2010.LEE,Lee DeWyze to win American Idol,1,11.9,Mar/03/2010 03:20:16
713067,AI.2010.LEE,Lee DeWyze to win American Idol,2,12.0,Mar/03/2010 03:20:16
713067,AI.2010.LEE,Lee DeWyze to win American Idol,1,12.9,Mar/03/2010 03:20:38
713067,AI.2010.LEE,Lee DeWyze to win American Idol,1,13.9,Mar/03/2010 03:20:38
713067,AI.2010.LEE,Lee DeWyze to win American Idol,1,12.8,Mar/03/2010 03:20:38
713067,AI.2010.LEE,Lee DeWyze to win American Idol,1,12.5,Mar/03/2010 03:20:38
713067,AI.2010.LEE,Lee DeWyze to win American Idol,1,12.9,Mar/03/2010 03:20:38
713067,AI.2010.LEE,Lee DeWyze to win American Idol,1,13.8,Mar/03/2010 03:20:38
713067,AI.2010.LEE,Lee DeWyze to win American Idol,2,13.9,Mar/03/2010 22:39:52
713067,AI.2010.LEE,Lee DeWyze to win American Idol,1,14.0,Mar/03/2010 22:39:59
713067,AI.2010.LEE,Lee DeWyze to win American Idol,2,14.0,Mar/03/2010 22:39:59
713067,AI.2010.LEE,Lee DeWyze to win American Idol,10,12.7,Mar/03/2010 23:25:23
713067,AI.2010.LEE,Lee DeWyze to win American Idol,5,12.0,Mar/04/2010 02:53:49
713067,AI.2010.LEE,Lee DeWyze to win American Idol,1,12.9,Mar/04/2010 03:11:26
713067,AI.2010.LEE,Lee DeWyze to win American Idol,1,13.4,Mar/04/2010 03:11:26
713067,AI.2010.LEE,Lee DeWyze to win American Idol,1,13.5,Mar/04/2010 03:11:26
713067,AI.2010.LEE,Lee DeWyze to win American Idol,1,13.7,Mar/04/2010 03:11:26
713067,AI.2010.LEE,Lee DeWyze to win American Idol,93,13.8,Mar/04/2010 15:40:26
713067,AI.2010.LEE,Lee DeWyze to win American Idol,1,13.7,Mar/04/2010 15:40:26
713067,AI.2010.LEE,Lee DeWyze to win American Idol,3,13.7,Mar/04/2010 15:40:26
713067,AI.2010.LEE,Lee DeWyze to win American Idol,2,13.5,Mar/04/2010 15:40:26
713067,AI.2010.LEE,Lee DeWyze to win American Idol,1,13.4,Mar/04/2010 15:40:26
713067,AI.2010.LEE,Lee DeWyze to win American Idol,30,13.6,Mar/04/2010 22:23:37
713067,AI.2010.LEE,Lee DeWyze to win American Idol,3,13.7,Mar/05/2010 22:00:06
713067,AI.2010.LEE,Lee DeWyze to win American Idol,2,13.5,Mar/05/2010 22:00:06
713067,AI.2010.LEE,Lee DeWyze to win American Idol,5,13.6,Mar/05/2010 22:00:06
713067,AI.2010.LEE,Lee DeWyze to win American Idol,3,13.6,Mar/06/2010 22:02:52
713067,AI.2010.LEE,Lee DeWyze to win American Idol,4,13.4,Mar/06/2010 22:02:52
713067,AI.2010.LEE,Lee DeWyze to win American Idol,1,13.5,Mar/06/2010 22:02:52
713067,AI.2010.LEE,Lee DeWyze to win American Idol,1,13.3,Mar/06/2010 22:02:52
713067,AI.2010.LEE,Lee DeWyze to win American Idol,3,13.6,Mar/06/2010 23:26:30
713067,AI.2010.LEE,Lee DeWyze to win American Idol,5,13.6,Mar/06/2010 23:26:30
713067,AI.2010.LEE,Lee DeWyze to win American Idol,2,13.6,Mar/06/2010 23:54:13
713067,AI.2010.LEE,Lee DeWyze to win American Idol,4,12.5,Mar/07/2010 01:47:37
713067,AI.2010.LEE,Lee DeWyze to win American Idol,3,12.6,Mar/07/2010 01:47:37
713067,AI.2010.LEE,Lee DeWyze to win American Idol,2,12.7,Mar/07/2010 01:47:37
713067,AI.2010.LEE,Lee DeWyze to win American Idol,1,12.7,Mar/08/2010 22:01:02
713067,AI.2010.LEE,Lee DeWyze to win American Idol,1,12.2,Mar/08/2010 22:01:14
713067,AI.2010.LEE,Lee DeWyze to win American Idol,1,12.2,Mar/08/2010 22:01:52
713067,AI.2010.LEE,Lee DeWyze to win American Idol,1,12.1,Mar/08/2010 22:02:05
713067,AI.2010.LEE,Lee DeWyze to win American Idol,1,12.1,Mar/08/2010 22:02:13
713067,AI.2010.LEE,Lee DeWyze to win American Idol,1,12.1,Mar/08/2010 22:02:21
713067,AI.2010.LEE,Lee DeWyze to win American Idol,1,12.1,Mar/08/2010 22:02:32
713067,AI.2010.LEE,Lee DeWyze to win American Idol,1,12.1,Mar/08/2010 22:02:36
713067,AI.2010.LEE,Lee DeWyze to win American Idol,1,12.1,Mar/08/2010 22:02:47
713067,AI.2010.LEE,Lee DeWyze to win American Idol,1,12.1,Mar/08/2010 22:03:23
713067,AI.2010.LEE,Lee DeWyze to win American Idol,1,12.1,Mar/08/2010 22:03:42
713067,AI.2010.LEE,Lee DeWyze to win American Idol,1,12.1,Mar/08/2010 22:04:05
713067,AI.2010.LEE,Lee DeWyze to win American Idol,1,12.1,Mar/08/2010 22:04:30
713067,AI.2010.LEE,Lee DeWyze to win American Idol,1,12.1,Mar/08/2010 22:04:39
713067,AI.2010.LEE,Lee DeWyze to win American Idol,1,12.1,Mar/08/2010 22:04:53
713067,AI.2010.LEE,Lee DeWyze to win American Idol,1,12.1,Mar/08/2010 22:05:22
713067,AI.2010.LEE,Lee DeWyze to win American Idol,1,12.1,Mar/08/2010 22:05:45
713067,AI.2010.LEE,Lee DeWyze to win American Idol,1,12.1,Mar/08/2010 22:05:57
713067,AI.2010.LEE,Lee DeWyze to win American Idol,1,12.1,Mar/08/2010 22:06:12
713067,AI.2010.LEE,Lee DeWyze to win American Idol,1,12.1,Mar/08/2010 22:06:34
713067,AI.2010.LEE,Lee DeWyze to win American Idol,1,12.1,Mar/08/2010 22:06:44
713067,AI.2010.LEE,Lee DeWyze to win American Idol,1,12.1,Mar/08/2010 22:07:09
713067,AI.2010.LEE,Lee DeWyze to win American Idol,1,12.1,Mar/08/2010 22:07:19
713067,AI.2010.LEE,Lee DeWyze to win American Idol,1,12.1,Mar/08/2010 22:07:28
713067,AI.2010.LEE,Lee DeWyze to win American Idol,1,12.1,Mar/08/2010 22:08:20
713067,AI.2010.LEE,Lee DeWyze to win American Idol,4,12.1,Mar/08/2010 22:40:38
713067,AI.2010.LEE,Lee DeWyze to win American Idol,1,12.1,Mar/08/2010 22:49:41
713067,AI.2010.LEE,Lee DeWyze to win American Idol,1,12.1,Mar/08/2010 22:50:24
713067,AI.2010.LEE,Lee DeWyze to win American Idol,1,12.1,Mar/08/2010 22:50:37
713067,AI.2010.LEE,Lee DeWyze to win American Idol,2,12.8,Mar/09/2010 03:29:01
713067,AI.2010.LEE,Lee DeWyze to win American Idol,5,12.8,Mar/09/2010 03:29:01
713067,AI.2010.LEE,Lee DeWyze to win American Idol,1,12.7,Mar/09/2010 03:29:01
713067,AI.2010.LEE,Lee DeWyze to win American Idol,1,13.2,Mar/09/2010 03:29:01
713067,AI.2010.LEE,Lee DeWyze to win American Idol,1,12.7,Mar/09/2010 03:29:01
713067,AI.2010.LEE,Lee DeWyze to win American Idol,1,12.1,Mar/09/2010 05:16:30
713067,AI.2010.LEE,Lee DeWyze to win American Idol,1,12.1,Mar/09/2010 05:16:54
713067,AI.2010.LEE,Lee DeWyze to win American Idol,1,12.1,Mar/09/2010 05:17:10
713067,AI.2010.LEE,Lee DeWyze to win American Idol,1,12.1,Mar/09/2010 05:17:50
713067,AI.2010.LEE,Lee DeWyze to win American Idol,1,12.1,Mar/09/2010 05:18:20
713067,AI.2010.LEE,Lee DeWyze to win American Idol,1,12.1,Mar/09/2010 05:18:27
713067,AI.2010.LEE,Lee DeWyze to win American Idol,1,12.1,Mar/09/2010 05:19:03
713067,AI.2010.LEE,Lee DeWyze to win American Idol,1,12.1,Mar/09/2010 05:19:14
713067,AI.2010.LEE,Lee DeWyze to win American Idol,20,12.1,Mar/09/2010 15:16:09
713067,AI.2010.LEE,Lee DeWyze to win American Idol,13,12.1,Mar/09/2010 19:38:52
713067,AI.2010.LEE,Lee DeWyze to win American Idol,1,12.2,Mar/09/2010 19:38:52
713067,AI.2010.LEE,Lee DeWyze to win American Idol,4,12.1,Mar/10/2010 00:10:06
713067,AI.2010.LEE,Lee DeWyze to win American Idol,1,12.2,Mar/10/2010 00:10:06
713067,AI.2010.LEE,Lee DeWyze to win American Idol,5,12.1,Mar/10/2010 00:16:56
713067,AI.2010.LEE,Lee DeWyze to win American Idol,5,12.1,Mar/10/2010 01:16:32
713067,AI.2010.LEE,Lee DeWyze to win American Idol,5,12.1,Mar/10/2010 01:48:59
713067,AI.2010.LEE,Lee DeWyze to win American Idol,2,12.9,Mar/10/2010 13:46:27
713067,AI.2010.LEE,Lee DeWyze to win American Idol,4,12.8,Mar/10/2010 13:46:27
713067,AI.2010.LEE,Lee DeWyze to win American Idol,5,12.9,Mar/10/2010 13:46:27
713067,AI.2010.LEE,Lee DeWyze to win American Idol,2,12.9,Mar/10/2010 13:46:27
713067,AI.2010.LEE,Lee DeWyze to win American Idol,1,12.9,Mar/10/2010 13:46:27
713067,AI.2010.LEE,Lee DeWyze to win American Idol,8,12.5,Mar/10/2010 15:54:38
713067,AI.2010.LEE,Lee DeWyze to win American Idol,50,12.0,Mar/10/2010 16:25:16
713067,AI.2010.LEE,Lee DeWyze to win American Idol,1,11.6,Mar/10/2010 21:17:49
713067,AI.2010.LEE,Lee DeWyze to win American Idol,1,11.1,Mar/10/2010 21:44:49
713067,AI.2010.LEE,Lee DeWyze to win American Idol,1,11.0,Mar/10/2010 21:49:47
713067,AI.2010.LEE,Lee DeWyze to win American Idol,1,11.0,Mar/10/2010 21:49:58
713067,AI.2010.LEE,Lee DeWyze to win American Idol,2,11.0,Mar/10/2010 21:52:55
713067,AI.2010.LEE,Lee DeWyze to win American Idol,1,11.0,Mar/10/2010 21:53:06
713067,AI.2010.LEE,Lee DeWyze to win American Idol,1,11.0,Mar/10/2010 21:53:17
713067,AI.2010.LEE,Lee DeWyze to win American Idol,2,11.0,Mar/10/2010 21:53:28
713067,AI.2010.LEE,Lee DeWyze to win American Idol,1,11.0,Mar/10/2010 21:53:40
713067,AI.2010.LEE,Lee DeWyze to win American Idol,2,12.9,Mar/10/2010 22:03:11
713067,AI.2010.LEE,Lee DeWyze to win American Idol,2,13.0,Mar/10/2010 22:03:11
713067,AI.2010.LEE,Lee DeWyze to win American Idol,4,12.9,Mar/10/2010 22:03:11
713067,AI.2010.LEE,Lee DeWyze to win American Idol,5,13.0,Mar/10/2010 22:03:11
713067,AI.2010.LEE,Lee DeWyze to win American Idol,4,12.8,Mar/10/2010 22:03:11
713067,AI.2010.LEE,Lee DeWyze to win American Idol,4,12.7,Mar/10/2010 22:03:11
713067,AI.2010.LEE,Lee DeWyze to win American Idol,2,10.9,Mar/11/2010 07:38:39
713067,AI.2010.LEE,Lee DeWyze to win American Idol,2,11.0,Mar/11/2010 07:38:48
713067,AI.2010.LEE,Lee DeWyze to win American Idol,1,12.4,Mar/12/2010 18:29:02
713067,AI.2010.LEE,Lee DeWyze to win American Idol,3,12.4,Mar/14/2010 20:03:05
713067,AI.2010.LEE,Lee DeWyze to win American Idol,1,11.1,Mar/16/2010 23:27:10
713067,AI.2010.LEE,Lee DeWyze to win American Idol,2,12.9,Mar/17/2010 01:28:57
713067,AI.2010.LEE,Lee DeWyze to win American Idol,3,13.8,Mar/17/2010 01:28:57
713067,AI.2010.LEE,Lee DeWyze to win American Idol,1,11.2,Mar/17/2010 06:01:45
713067,AI.2010.LEE,Lee DeWyze to win American Idol,1,11.6,Mar/17/2010 19:10:12
713067,AI.2010.LEE,Lee DeWyze to win American Idol,1,11.8,Mar/17/2010 19:48:27
713067,AI.2010.LEE,Lee DeWyze to win American Idol,2,11.8,Mar/17/2010 19:48:38
713067,AI.2010.LEE,Lee DeWyze to win American Idol,1,11.8,Mar/17/2010 19:49:57
713067,AI.2010.LEE,Lee DeWyze to win American Idol,18,11.7,Mar/17/2010 21:47:13
713067,AI.2010.LEE,Lee DeWyze to win American Idol,2,11.8,Mar/17/2010 21:47:13
713067,AI.2010.LEE,Lee DeWyze to win American Idol,1,11.9,Mar/17/2010 23:52:18
713067,AI.2010.LEE,Lee DeWyze to win American Idol,20,11.9,Mar/17/2010 23:52:18
713067,AI.2010.LEE,Lee DeWyze to win American Idol,1,13.5,Mar/19/2010 13:44:49
713067,AI.2010.LEE,Lee DeWyze to win American Idol,3,13.5,Mar/19/2010 19:24:15
713067,AI.2010.LEE,Lee DeWyze to win American Idol,1,13.0,Mar/20/2010 10:01:24
713067,AI.2010.LEE,Lee DeWyze to win American Idol,2,12.7,Mar/20/2010 15:26:54
713067,AI.2010.LEE,Lee DeWyze to win American Idol,3,12.4,Mar/20/2010 15:32:33
713067,AI.2010.LEE,Lee DeWyze to win American Idol,1,12.1,Mar/21/2010 03:07:23
713067,AI.2010.LEE,Lee DeWyze to win American Idol,1,12.1,Mar/21/2010 03:07:34
713067,AI.2010.LEE,Lee DeWyze to win American Idol,2,12.1,Mar/21/2010 03:07:45
713067,AI.2010.LEE,Lee DeWyze to win American Idol,1,12.1,Mar/21/2010 03:07:57
713067,AI.2010.LEE,Lee DeWyze to win American Idol,2,12.0,Mar/21/2010 03:08:08
713067,AI.2010.LEE,Lee DeWyze to win American Idol,1,12.0,Mar/21/2010 03:08:19
713067,AI.2010.LEE,Lee DeWyze to win American Idol,2,12.0,Mar/21/2010 03:08:31
713067,AI.2010.LEE,Lee DeWyze to win American Idol,2,12.0,Mar/21/2010 03:08:42
713067,AI.2010.LEE,Lee DeWyze to win American Idol,2,12.0,Mar/21/2010 03:08:53
713067,AI.2010.LEE,Lee DeWyze to win American Idol,2,12.0,Mar/21/2010 03:09:04
713067,AI.2010.LEE,Lee DeWyze to win American Idol,1,12.0,Mar/21/2010 03:21:18
713067,AI.2010.LEE,Lee DeWyze to win American Idol,5,12.0,Mar/21/2010 03:21:29
713067,AI.2010.LEE,Lee DeWyze to win American Idol,2,12.0,Mar/21/2010 03:21:41
713067,AI.2010.LEE,Lee DeWyze to win American Idol,1,12.0,Mar/21/2010 03:21:52
713067,AI.2010.LEE,Lee DeWyze to win American Idol,1,12.0,Mar/21/2010 03:22:03
713067,AI.2010.LEE,Lee DeWyze to win American Idol,1,12.6,Mar/21/2010 05:40:06
713067,AI.2010.LEE,Lee DeWyze to win American Idol,1,12.5,Mar/21/2010 05:40:23
713067,AI.2010.LEE,Lee DeWyze to win American Idol,1,12.9,Mar/23/2010 01:17:31
713067,AI.2010.LEE,Lee DeWyze to win American Idol,1,13.0,Mar/23/2010 01:19:35
713067,AI.2010.LEE,Lee DeWyze to win American Idol,2,13.0,Mar/23/2010 01:39:43
713067,AI.2010.LEE,Lee DeWyze to win American Idol,2,13.0,Mar/23/2010 01:39:54
713067,AI.2010.LEE,Lee DeWyze to win American Idol,3,12.9,Mar/23/2010 01:40:05
713067,AI.2010.LEE,Lee DeWyze to win American Idol,3,12.9,Mar/23/2010 01:40:16
713067,AI.2010.LEE,Lee DeWyze to win American Idol,2,12.9,Mar/23/2010 01:40:28
713067,AI.2010.LEE,Lee DeWyze to win American Idol,3,12.9,Mar/23/2010 01:43:00
713067,AI.2010.LEE,Lee DeWyze to win American Idol,2,12.9,Mar/23/2010 01:43:12
713067,AI.2010.LEE,Lee DeWyze to win American Idol,3,12.9,Mar/23/2010 01:43:40
713067,AI.2010.LEE,Lee DeWyze to win American Idol,1,12.9,Mar/23/2010 01:44:05
713067,AI.2010.LEE,Lee DeWyze to win American Idol,2,12.9,Mar/23/2010 01:47:58
713067,AI.2010.LEE,Lee DeWyze to win American Idol,2,12.7,Mar/23/2010 04:43:54
713067,AI.2010.LEE,Lee DeWyze to win American Idol,1,12.7,Mar/23/2010 15:13:16
713067,AI.2010.LEE,Lee DeWyze to win American Idol,1,12.7,Mar/23/2010 15:23:24
713067,AI.2010.LEE,Lee DeWyze to win American Idol,1,12.7,Mar/23/2010 15:23:35
713067,AI.2010.LEE,Lee DeWyze to win American Idol,3,12.7,Mar/23/2010 15:23:46
713067,AI.2010.LEE,Lee DeWyze to win American Idol,1,12.7,Mar/23/2010 15:23:58
713067,AI.2010.LEE,Lee DeWyze to win American Idol,10,11.0,Mar/24/2010 02:38:59
713067,AI.2010.LEE,Lee DeWyze to win American Idol,10,10.9,Mar/24/2010 02:38:59
713067,AI.2010.LEE,Lee DeWyze to win American Idol,5,11.5,Mar/24/2010 02:38:59
713067,AI.2010.LEE,Lee DeWyze to win American Idol,5,11.4,Mar/24/2010 02:38:59
713067,AI.2010.LEE,Lee DeWyze to win American Idol,15,11.3,Mar/24/2010 02:38:59
713067,AI.2010.LEE,Lee DeWyze to win American Idol,30,11.2,Mar/24/2010 02:38:59
713067,AI.2010.LEE,Lee DeWyze to win American Idol,30,11.1,Mar/24/2010 02:38:59
713067,AI.2010.LEE,Lee DeWyze to win American Idol,20,10.0,Mar/24/2010 07:22:53
713067,AI.2010.LEE,Lee DeWyze to win American Idol,10,10.5,Mar/24/2010 07:22:53
713067,AI.2010.LEE,Lee DeWyze to win American Idol,10,10.3,Mar/24/2010 07:22:53
713067,AI.2010.LEE,Lee DeWyze to win American Idol,80,10.1,Mar/24/2010 07:22:53
713067,AI.2010.LEE,Lee DeWyze to win American Idol,30,9.9,Mar/24/2010 07:22:53
713067,AI.2010.LEE,Lee DeWyze to win American Idol,10,10.2,Mar/24/2010 07:22:53
713067,AI.2010.LEE,Lee DeWyze to win American Idol,1,10.6,Mar/24/2010 07:22:53
713067,AI.2010.LEE,Lee DeWyze to win American Idol,1,10.8,Mar/24/2010 07:22:53
713067,AI.2010.LEE,Lee DeWyze to win American Idol,1,10.2,Mar/24/2010 07:22:53
713067,AI.2010.LEE,Lee DeWyze to win American Idol,30,9.5,Mar/24/2010 07:24:01
713067,AI.2010.LEE,Lee DeWyze to win American Idol,80,9.0,Mar/24/2010 07:24:01
713067,AI.2010.LEE,Lee DeWyze to win American Idol,30,8.9,Mar/24/2010 07:24:01
713067,AI.2010.LEE,Lee DeWyze to win American Idol,1,9.8,Mar/24/2010 07:24:01
713067,AI.2010.LEE,Lee DeWyze to win American Idol,1,9.5,Mar/24/2010 07:24:01
713067,AI.2010.LEE,Lee DeWyze to win American Idol,6,8.5,Mar/24/2010 14:16:10
713067,AI.2010.LEE,Lee DeWyze to win American Idol,1,9.9,Mar/24/2010 15:08:11
713067,AI.2010.LEE,Lee DeWyze to win American Idol,8,8.9,Mar/24/2010 15:08:11
713067,AI.2010.LEE,Lee DeWyze to win American Idol,5,8.5,Mar/24/2010 17:16:01
713067,AI.2010.LEE,Lee DeWyze to win American Idol,3,10.1,Mar/25/2010 00:56:27
713067,AI.2010.LEE,Lee DeWyze to win American Idol,1,10.1,Mar/25/2010 06:34:57
713067,AI.2010.LEE,Lee DeWyze to win American Idol,19,10.1,Mar/25/2010 11:31:53
713067,AI.2010.LEE,Lee DeWyze to win American Idol,117,10.1,Mar/25/2010 11:31:53
713067,AI.2010.LEE,Lee DeWyze to win American Idol,1,10.0,Mar/25/2010 21:41:51
713067,AI.2010.LEE,Lee DeWyze to win American Idol,3,10.0,Mar/25/2010 21:41:51
713067,AI.2010.LEE,Lee DeWyze to win American Idol,4,10.0,Mar/26/2010 04:05:41
713067,AI.2010.LEE,Lee DeWyze to win American Idol,50,10.1,Mar/26/2010 04:43:57
713067,AI.2010.LEE,Lee DeWyze to win American Idol,1,10.1,Mar/26/2010 04:43:57
713067,AI.2010.LEE,Lee DeWyze to win American Idol,1,10.4,Mar/26/2010 04:44:07
713067,AI.2010.LEE,Lee DeWyze to win American Idol,400,10.7,Mar/26/2010 04:44:07
713067,AI.2010.LEE,Lee DeWyze to win American Idol,1,10.6,Mar/26/2010 04:44:07
713067,AI.2010.LEE,Lee DeWyze to win American Idol,5,10.8,Mar/26/2010 14:08:49
713067,AI.2010.LEE,Lee DeWyze to win American Idol,10,10.6,Mar/27/2010 00:16:33
713067,AI.2010.LEE,Lee DeWyze to win American Idol,15,10.7,Mar/27/2010 00:16:33
713067,AI.2010.LEE,Lee DeWyze to win American Idol,10,10.6,Mar/28/2010 06:56:09
713067,AI.2010.LEE,Lee DeWyze to win American Idol,30,10.6,Mar/29/2010 04:49:01
713067,AI.2010.LEE,Lee DeWyze to win American Idol,50,10.5,Mar/29/2010 04:49:16
713067,AI.2010.LEE,Lee DeWyze to win American Idol,50,10.4,Mar/29/2010 04:49:46
713067,AI.2010.LEE,Lee DeWyze to win American Idol,50,10.3,Mar/29/2010 04:49:58
713067,AI.2010.LEE,Lee DeWyze to win American Idol,50,10.2,Mar/29/2010 04:50:08
713067,AI.2010.LEE,Lee DeWyze to win American Idol,50,10.1,Mar/29/2010 04:50:18
713067,AI.2010.LEE,Lee DeWyze to win American Idol,73,10.0,Mar/29/2010 04:50:45
713067,AI.2010.LEE,Lee DeWyze to win American Idol,30,9.9,Mar/29/2010 04:51:10
713067,AI.2010.LEE,Lee DeWyze to win American Idol,50,9.9,Mar/29/2010 04:51:10
713067,AI.2010.LEE,Lee DeWyze to win American Idol,1,9.7,Mar/29/2010 04:51:59
713067,AI.2010.LEE,Lee DeWyze to win American Idol,5,10.0,Mar/29/2010 14:52:06
713067,AI.2010.LEE,Lee DeWyze to win American Idol,145,10.0,Mar/29/2010 16:08:18
713067,AI.2010.LEE,Lee DeWyze to win American Idol,80,9.9,Mar/29/2010 19:06:49
713067,AI.2010.LEE,Lee DeWyze to win American Idol,50,9.8,Mar/29/2010 19:07:25
713067,AI.2010.LEE,Lee DeWyze to win American Idol,25,9.7,Mar/29/2010 19:09:35
713067,AI.2010.LEE,Lee DeWyze to win American Idol,4,9.7,Mar/29/2010 21:42:11
713067,AI.2010.LEE,Lee DeWyze to win American Idol,1,9.7,Mar/29/2010 21:42:11
713067,AI.2010.LEE,Lee DeWyze to win American Idol,5,9.7,Mar/29/2010 21:45:37
713067,AI.2010.LEE,Lee DeWyze to win American Idol,35,9.7,Mar/29/2010 21:52:49
713067,AI.2010.LEE,Lee DeWyze to win American Idol,5,9.7,Mar/29/2010 21:56:20
713067,AI.2010.LEE,Lee DeWyze to win American Idol,4,9.7,Mar/29/2010 23:19:10
713067,AI.2010.LEE,Lee DeWyze to win American Idol,7,9.7,Mar/30/2010 02:10:12
713067,AI.2010.LEE,Lee DeWyze to win American Idol,5,9.7,Mar/30/2010 02:13:32
713067,AI.2010.LEE,Lee DeWyze to win American Idol,3,9.7,Mar/30/2010 15:34:39
713067,AI.2010.LEE,Lee DeWyze to win American Idol,1,9.7,Mar/30/2010 15:34:39
713067,AI.2010.LEE,Lee DeWyze to win American Idol,1,9.7,Mar/30/2010 15:34:39
713067,AI.2010.LEE,Lee DeWyze to win American Idol,14,9.8,Mar/30/2010 23:27:06
713067,AI.2010.LEE,Lee DeWyze to win American Idol,3,9.7,Mar/31/2010 00:20:16
713067,AI.2010.LEE,Lee DeWyze to win American Idol,1,9.8,Mar/31/2010 01:10:54
713067,AI.2010.LEE,Lee DeWyze to win American Idol,1,10.0,Mar/31/2010 01:10:59
713067,AI.2010.LEE,Lee DeWyze to win American Idol,5,10.1,Mar/31/2010 01:29:57
713067,AI.2010.LEE,Lee DeWyze to win American Idol,4,10.4,Mar/31/2010 01:29:57
713067,AI.2010.LEE,Lee DeWyze to win American Idol,1,10.5,Mar/31/2010 01:29:57
713067,AI.2010.LEE,Lee DeWyze to win American Idol,1,10.4,Mar/31/2010 01:29:57
713067,AI.2010.LEE,Lee DeWyze to win American Idol,1,10.3,Mar/31/2010 01:29:57
713067,AI.2010.LEE,Lee DeWyze to win American Idol,1,10.2,Mar/31/2010 01:29:57
713067,AI.2010.LEE,Lee DeWyze to win American Idol,1,10.1,Mar/31/2010 01:29:57
713067,AI.2010.LEE,Lee DeWyze to win American Idol,1,10.6,Mar/31/2010 01:31:55
713067,AI.2010.LEE,Lee DeWyze to win American Idol,2,10.8,Mar/31/2010 01:36:43
713067,AI.2010.LEE,Lee DeWyze to win American Idol,4,10.7,Mar/31/2010 01:36:43
713067,AI.2010.LEE,Lee DeWyze to win American Idol,1,11.0,Mar/31/2010 01:36:43
713067,AI.2010.LEE,Lee DeWyze to win American Idol,1,11.7,Mar/31/2010 01:37:07
713067,AI.2010.LEE,Lee DeWyze to win American Idol,1,11.5,Mar/31/2010 01:37:07
713067,AI.2010.LEE,Lee DeWyze to win American Idol,1,11.5,Mar/31/2010 01:37:07
713067,AI.2010.LEE,Lee DeWyze to win American Idol,1,11.4,Mar/31/2010 01:37:07
713067,AI.2010.LEE,Lee DeWyze to win American Idol,1,11.4,Mar/31/2010 01:37:07
713067,AI.2010.LEE,Lee DeWyze to win American Idol,1,11.7,Mar/31/2010 01:38:01
713067,AI.2010.LEE,Lee DeWyze to win American Idol,1,11.7,Mar/31/2010 01:38:01
713067,AI.2010.LEE,Lee DeWyze to win American Idol,2,11.7,Mar/31/2010 01:38:01
713067,AI.2010.LEE,Lee DeWyze to win American Idol,1,12.0,Mar/31/2010 01:38:01
713067,AI.2010.LEE,Lee DeWyze to win American Idol,2,11.9,Mar/31/2010 01:38:01
713067,AI.2010.LEE,Lee DeWyze to win American Idol,2,13.0,Mar/31/2010 01:40:30
713067,AI.2010.LEE,Lee DeWyze to win American Idol,1,12.9,Mar/31/2010 01:40:30
713067,AI.2010.LEE,Lee DeWyze to win American Idol,1,12.9,Mar/31/2010 01:40:30
713067,AI.2010.LEE,Lee DeWyze to win American Idol,2,12.9,Mar/31/2010 01:40:30
713067,AI.2010.LEE,Lee DeWyze to win American Idol,1,14.0,Mar/31/2010 01:41:55
713067,AI.2010.LEE,Lee DeWyze to win American Idol,1,13.5,Mar/31/2010 01:41:55
713067,AI.2010.LEE,Lee DeWyze to win American Idol,1,13.9,Mar/31/2010 01:41:55
713067,AI.2010.LEE,Lee DeWyze to win American Idol,1,13.5,Mar/31/2010 01:41:55
713067,AI.2010.LEE,Lee DeWyze to win American Idol,1,13.9,Mar/31/2010 01:41:55
713067,AI.2010.LEE,Lee DeWyze to win American Idol,2,14.0,Mar/31/2010 01:41:55
713067,AI.2010.LEE,Lee DeWyze to win American Idol,1,14.0,Mar/31/2010 01:41:55
713067,AI.2010.LEE,Lee DeWyze to win American Idol,2,14.0,Mar/31/2010 01:41:55
713067,AI.2010.LEE,Lee DeWyze to win American Idol,1,13.9,Mar/31/2010 01:41:55
713067,AI.2010.LEE,Lee DeWyze to win American Idol,1,14.3,Mar/31/2010 01:42:21
713067,AI.2010.LEE,Lee DeWyze to win American Idol,1,14.5,Mar/31/2010 01:42:28
713067,AI.2010.LEE,Lee DeWyze to win American Idol,1,14.5,Mar/31/2010 01:42:28
713067,AI.2010.LEE,Lee DeWyze to win American Idol,1,14.5,Mar/31/2010 01:42:28
713067,AI.2010.LEE,Lee DeWyze to win American Idol,1,14.5,Mar/31/2010 01:42:28
713067,AI.2010.LEE,Lee DeWyze to win American Idol,1,14.7,Mar/31/2010 01:42:33
713067,AI.2010.LEE,Lee DeWyze to win American Idol,1,14.9,Mar/31/2010 01:42:39
713067,AI.2010.LEE,Lee DeWyze to win American Idol,1,15.0,Mar/31/2010 01:42:39
713067,AI.2010.LEE,Lee DeWyze to win American Idol,1,15.0,Mar/31/2010 01:42:39
713067,AI.2010.LEE,Lee DeWyze to win American Idol,1,14.8,Mar/31/2010 01:42:39
713067,AI.2010.LEE,Lee DeWyze to win American Idol,1,14.9,Mar/31/2010 01:42:39
713067,AI.2010.LEE,Lee DeWyze to win American Idol,1,15.0,Mar/31/2010 01:42:39
713067,AI.2010.LEE,Lee DeWyze to win American Idol,1,15.0,Mar/31/2010 01:42:39
713067,AI.2010.LEE,Lee DeWyze to win American Idol,1,14.9,Mar/31/2010 01:42:39
713067,AI.2010.LEE,Lee DeWyze to win American Idol,1,15.0,Mar/31/2010 01:42:39
713067,AI.2010.LEE,Lee DeWyze to win American Idol,1,15.0,Mar/31/2010 01:42:39
713067,AI.2010.LEE,Lee DeWyze to win American Idol,1,14.9,Mar/31/2010 01:42:39
713067,AI.2010.LEE,Lee DeWyze to win American Idol,1,15.0,Mar/31/2010 01:42:39
713067,AI.2010.LEE,Lee DeWyze to win American Idol,1,15.0,Mar/31/2010 01:42:39
713067,AI.2010.LEE,Lee DeWyze to win American Idol,1,14.9,Mar/31/2010 01:42:39
713067,AI.2010.LEE,Lee DeWyze to win American Idol,1,15.0,Mar/31/2010 01:42:39
713067,AI.2010.LEE,Lee DeWyze to win American Idol,1,15.0,Mar/31/2010 01:42:39
713067,AI.2010.LEE,Lee DeWyze to win American Idol,2,15.0,Mar/31/2010 01:42:39
713067,AI.2010.LEE,Lee DeWyze to win American Idol,20,15.0,Mar/31/2010 01:42:39
713067,AI.2010.LEE,Lee DeWyze to win American Idol,2,14.9,Mar/31/2010 01:42:39
713067,AI.2010.LEE,Lee DeWyze to win American Idol,5,15.0,Mar/31/2010 01:43:52
713067,AI.2010.LEE,Lee DeWyze to win American Idol,4,15.0,Mar/31/2010 01:51:11
713067,AI.2010.LEE,Lee DeWyze to win American Idol,1,15.9,Mar/31/2010 02:12:43
713067,AI.2010.LEE,Lee DeWyze to win American Idol,1,15.5,Mar/31/2010 02:12:43
713067,AI.2010.LEE,Lee DeWyze to win American Idol,1,16.0,Mar/31/2010 02:12:43
713067,AI.2010.LEE,Lee DeWyze to win American Idol,1,15.9,Mar/31/2010 02:12:43
713067,AI.2010.LEE,Lee DeWyze to win American Idol,1,15.8,Mar/31/2010 02:12:43
713067,AI.2010.LEE,Lee DeWyze to win American Idol,1,16.0,Mar/31/2010 02:12:43
713067,AI.2010.LEE,Lee DeWyze to win American Idol,1,15.9,Mar/31/2010 02:12:43
713067,AI.2010.LEE,Lee DeWyze to win American Idol,1,15.9,Mar/31/2010 02:12:43
713067,AI.2010.LEE,Lee DeWyze to win American Idol,1,16.0,Mar/31/2010 02:12:43
713067,AI.2010.LEE,Lee DeWyze to win American Idol,1,15.4,Mar/31/2010 02:12:43
713067,AI.2010.LEE,Lee DeWyze to win American Idol,1,15.9,Mar/31/2010 02:12:43
713067,AI.2010.LEE,Lee DeWyze to win American Idol,1,16.0,Mar/31/2010 02:12:43
713067,AI.2010.LEE,Lee DeWyze to win American Idol,1,15.1,Mar/31/2010 02:12:43
713067,AI.2010.LEE,Lee DeWyze to win American Idol,2,15.8,Mar/31/2010 02:12:43
713067,AI.2010.LEE,Lee DeWyze to win American Idol,2,15.9,Mar/31/2010 02:12:43
713067,AI.2010.LEE,Lee DeWyze to win American Idol,1,16.9,Mar/31/2010 02:13:59
713067,AI.2010.LEE,Lee DeWyze to win American Idol,1,16.5,Mar/31/2010 02:13:59
713067,AI.2010.LEE,Lee DeWyze to win American Idol,1,16.9,Mar/31/2010 02:13:59
713067,AI.2010.LEE,Lee DeWyze to win American Idol,1,17.9,Mar/31/2010 02:13:59
713067,AI.2010.LEE,Lee DeWyze to win American Idol,1,16.9,Mar/31/2010 02:13:59
713067,AI.2010.LEE,Lee DeWyze to win American Idol,1,16.4,Mar/31/2010 02:13:59
713067,AI.2010.LEE,Lee DeWyze to win American Idol,1,16.8,Mar/31/2010 02:13:59
713067,AI.2010.LEE,Lee DeWyze to win American Idol,1,17.4,Mar/31/2010 02:13:59
713067,AI.2010.LEE,Lee DeWyze to win American Idol,1,17.9,Mar/31/2010 02:13:59
713067,AI.2010.LEE,Lee DeWyze to win American Idol,2,16.8,Mar/31/2010 02:13:59
713067,AI.2010.LEE,Lee DeWyze to win American Idol,1,17.8,Mar/31/2010 02:13:59
713067,AI.2010.LEE,Lee DeWyze to win American Idol,1,16.4,Mar/31/2010 02:13:59
713067,AI.2010.LEE,Lee DeWyze to win American Idol,2,16.9,Mar/31/2010 02:13:59
713067,AI.2010.LEE,Lee DeWyze to win American Idol,1,17.7,Mar/31/2010 02:13:59
713067,AI.2010.LEE,Lee DeWyze to win American Idol,1,17.9,Mar/31/2010 11:33:05
713067,AI.2010.LEE,Lee DeWyze to win American Idol,2,17.9,Mar/31/2010 11:33:05
713067,AI.2010.LEE,Lee DeWyze to win American Idol,1,18.5,Mar/31/2010 14:13:39
713067,AI.2010.LEE,Lee DeWyze to win American Idol,1,18.9,Mar/31/2010 14:13:39
713067,AI.2010.LEE,Lee DeWyze to win American Idol,1,18.9,Mar/31/2010 14:13:39
713067,AI.2010.LEE,Lee DeWyze to win American Idol,1,18.8,Mar/31/2010 14:13:39
713067,AI.2010.LEE,Lee DeWyze to win American Idol,4,17.9,Mar/31/2010 14:13:39
713067,AI.2010.LEE,Lee DeWyze to win American Idol,2,18.0,Mar/31/2010 14:13:39
713067,AI.2010.LEE,Lee DeWyze to win American Idol,1,19.0,Mar/31/2010 14:13:39
713067,AI.2010.LEE,Lee DeWyze to win American Idol,4,17.7,Mar/31/2010 16:19:05
713067,AI.2010.LEE,Lee DeWyze to win American Idol,1,17.8,Mar/31/2010 16:19:05
713067,AI.2010.LEE,Lee DeWyze to win American Idol,25,17.7,Mar/31/2010 16:23:34
713067,AI.2010.LEE,Lee DeWyze to win American Idol,3,17.9,Mar/31/2010 17:54:02
713067,AI.2010.LEE,Lee DeWyze to win American Idol,3,18.0,Mar/31/2010 17:54:02
713067,AI.2010.LEE,Lee DeWyze to win American Idol,1,17.7,Mar/31/2010 22:57:10
713067,AI.2010.LEE,Lee DeWyze to win American Idol,2,17.9,Mar/31/2010 23:34:41
713067,AI.2010.LEE,Lee DeWyze to win American Idol,20,17.7,Mar/31/2010 23:43:06
713067,AI.2010.LEE,Lee DeWyze to win American Idol,28,17.9,Mar/31/2010 23:43:06
713067,AI.2010.LEE,Lee DeWyze to win American Idol,2,18.9,Apr/01/2010 01:54:22
713067,AI.2010.LEE,Lee DeWyze to win American Idol,2,18.5,Apr/01/2010 01:54:22
713067,AI.2010.LEE,Lee DeWyze to win American Idol,2,18.8,Apr/01/2010 01:54:22
713067,AI.2010.LEE,Lee DeWyze to win American Idol,22,18.5,Apr/01/2010 01:54:22
713067,AI.2010.LEE,Lee DeWyze to win American Idol,1,18.4,Apr/01/2010 01:54:22
713067,AI.2010.LEE,Lee DeWyze to win American Idol,1,17.9,Apr/01/2010 01:54:22
713067,AI.2010.LEE,Lee DeWyze to win American Idol,1,17.9,Apr/01/2010 06:51:02
713067,AI.2010.LEE,Lee DeWyze to win American Idol,1,18.0,Apr/01/2010 06:53:12
713067,AI.2010.LEE,Lee DeWyze to win American Idol,2,18.5,Apr/01/2010 06:54:17
713067,AI.2010.LEE,Lee DeWyze to win American Idol,2,18.8,Apr/01/2010 06:54:37
713067,AI.2010.LEE,Lee DeWyze to win American Idol,1,18.9,Apr/01/2010 06:54:52
713067,AI.2010.LEE,Lee DeWyze to win American Idol,2,18.9,Apr/01/2010 06:54:52
713067,AI.2010.LEE,Lee DeWyze to win American Idol,2,18.9,Apr/01/2010 06:54:52
713067,AI.2010.LEE,Lee DeWyze to win American Idol,1,19.0,Apr/01/2010 06:55:25
713067,AI.2010.LEE,Lee DeWyze to win American Idol,2,19.0,Apr/01/2010 06:55:25
713067,AI.2010.LEE,Lee DeWyze to win American Idol,2,19.3,Apr/01/2010 06:56:23
713067,AI.2010.LEE,Lee DeWyze to win American Idol,100,19.4,Apr/01/2010 06:56:50
713067,AI.2010.LEE,Lee DeWyze to win American Idol,1,19.5,Apr/03/2010 04:38:57
713067,AI.2010.LEE,Lee DeWyze to win American Idol,1,19.9,Apr/03/2010 04:38:57
713067,AI.2010.LEE,Lee DeWyze to win American Idol,1,19.8,Apr/03/2010 04:38:57
713067,AI.2010.LEE,Lee DeWyze to win American Idol,1,19.5,Apr/03/2010 04:38:57
713067,AI.2010.LEE,Lee DeWyze to win American Idol,2,19.5,Apr/03/2010 04:38:57
713067,AI.2010.LEE,Lee DeWyze to win American Idol,2,19.7,Apr/03/2010 04:38:57
713067,AI.2010.LEE,Lee DeWyze to win American Idol,1,19.4,Apr/03/2010 04:38:57
713067,AI.2010.LEE,Lee DeWyze to win American Idol,1,19.0,Apr/03/2010 04:38:57
713067,AI.2010.LEE,Lee DeWyze to win American Idol,1,18.9,Apr/03/2010 04:38:57
713067,AI.2010.LEE,Lee DeWyze to win American Idol,1,18.5,Apr/03/2010 04:38:57
713067,AI.2010.LEE,Lee DeWyze to win American Idol,100,21.3,Apr/05/2010 17:47:17
713067,AI.2010.LEE,Lee DeWyze to win American Idol,10,21.4,Apr/05/2010 19:20:11
713067,AI.2010.LEE,Lee DeWyze to win American Idol,15,20.0,Apr/06/2010 13:52:16
713067,AI.2010.LEE,Lee DeWyze to win American Idol,5,20.0,Apr/06/2010 17:26:14
713067,AI.2010.LEE,Lee DeWyze to win American Idol,1,22.9,Apr/07/2010 12:55:06
713067,AI.2010.LEE,Lee DeWyze to win American Idol,1,18.2,Apr/07/2010 15:22:50
713067,AI.2010.LEE,Lee DeWyze to win American Idol,1,18.2,Apr/07/2010 15:22:50
713067,AI.2010.LEE,Lee DeWyze to win American Idol,1,17.9,Apr/07/2010 15:22:58
713067,AI.2010.LEE,Lee DeWyze to win American Idol,1,17.6,Apr/07/2010 15:24:17
713067,AI.2010.LEE,Lee DeWyze to win American Idol,1,17.3,Apr/07/2010 15:24:25
713067,AI.2010.LEE,Lee DeWyze to win American Idol,1,17.7,Apr/07/2010 17:52:33
713067,AI.2010.LEE,Lee DeWyze to win American Idol,1,17.9,Apr/07/2010 17:52:33
713067,AI.2010.LEE,Lee DeWyze to win American Idol,1,18.1,Apr/07/2010 17:52:33
713067,AI.2010.LEE,Lee DeWyze to win American Idol,1,18.3,Apr/07/2010 17:52:33
713067,AI.2010.LEE,Lee DeWyze to win American Idol,1,18.5,Apr/07/2010 17:52:33
713067,AI.2010.LEE,Lee DeWyze to win American Idol,20,20.0,Apr/08/2010 04:01:51
713067,AI.2010.LEE,Lee DeWyze to win American Idol,1,20.4,Apr/08/2010 17:26:59
713067,AI.2010.LEE,Lee DeWyze to win American Idol,1,20.5,Apr/08/2010 17:26:59
713067,AI.2010.LEE,Lee DeWyze to win American Idol,1,20.6,Apr/08/2010 17:26:59
713067,AI.2010.LEE,Lee DeWyze to win American Idol,1,20.7,Apr/08/2010 17:26:59
713067,AI.2010.LEE,Lee DeWyze to win American Idol,1,20.8,Apr/08/2010 17:26:59
713067,AI.2010.LEE,Lee DeWyze to win American Idol,1,20.9,Apr/09/2010 01:07:31
713067,AI.2010.LEE,Lee DeWyze to win American Idol,1,21.2,Apr/10/2010 00:07:27
713067,AI.2010.LEE,Lee DeWyze to win American Idol,1,21.3,Apr/10/2010 00:07:27
713067,AI.2010.LEE,Lee DeWyze to win American Idol,1,21.4,Apr/10/2010 00:07:27
713067,AI.2010.LEE,Lee DeWyze to win American Idol,1,21.5,Apr/10/2010 00:07:27
713067,AI.2010.LEE,Lee DeWyze to win American Idol,1,21.6,Apr/10/2010 00:07:27
713067,AI.2010.LEE,Lee DeWyze to win American Idol,26,22.7,Apr/10/2010 00:48:24
713067,AI.2010.LEE,Lee DeWyze to win American Idol,14,22.9,Apr/10/2010 00:49:20
713067,AI.2010.LEE,Lee DeWyze to win American Idol,10,22.5,Apr/10/2010 00:58:59
713067,AI.2010.LEE,Lee DeWyze to win American Idol,1,22.6,Apr/10/2010 05:52:56
713067,AI.2010.LEE,Lee DeWyze to win American Idol,2,22.5,Apr/10/2010 05:53:30
713067,AI.2010.LEE,Lee DeWyze to win American Idol,1,23.2,Apr/11/2010 15:55:12
713067,AI.2010.LEE,Lee DeWyze to win American Idol,1,23.3,Apr/11/2010 15:55:12
713067,AI.2010.LEE,Lee DeWyze to win American Idol,1,23.4,Apr/11/2010 15:55:12
713067,AI.2010.LEE,Lee DeWyze to win American Idol,1,23.5,Apr/11/2010 15:55:12
713067,AI.2010.LEE,Lee DeWyze to win American Idol,1,23.6,Apr/11/2010 15:55:12
713067,AI.2010.LEE,Lee DeWyze to win American Idol,25,23.8,Apr/11/2010 19:11:00
713067,AI.2010.LEE,Lee DeWyze to win American Idol,5,23.2,Apr/11/2010 19:11:00
713067,AI.2010.LEE,Lee DeWyze to win American Idol,8,23.8,Apr/12/2010 01:06:48
713067,AI.2010.LEE,Lee DeWyze to win American Idol,2,23.2,Apr/12/2010 01:06:48
713067,AI.2010.LEE,Lee DeWyze to win American Idol,1,23.1,Apr/12/2010 04:20:01
713067,AI.2010.LEE,Lee DeWyze to win American Idol,100,23.1,Apr/12/2010 04:20:01
713067,AI.2010.LEE,Lee DeWyze to win American Idol,1,23.0,Apr/12/2010 04:20:30
713067,AI.2010.LEE,Lee DeWyze to win American Idol,14,23.0,Apr/12/2010 04:20:30
713067,AI.2010.LEE,Lee DeWyze to win American Idol,1,24.9,Apr/13/2010 14:09:14
713067,AI.2010.LEE,Lee DeWyze to win American Idol,1,24.9,Apr/13/2010 14:09:14
713067,AI.2010.LEE,Lee DeWyze to win American Idol,1,24.9,Apr/13/2010 14:09:14
713067,AI.2010.LEE,Lee DeWyze to win American Idol,1,24.9,Apr/13/2010 14:09:14
713067,AI.2010.LEE,Lee DeWyze to win American Idol,1,24.8,Apr/13/2010 14:09:14
713067,AI.2010.LEE,Lee DeWyze to win American Idol,7,24.7,Apr/13/2010 14:09:14
713067,AI.2010.LEE,Lee DeWyze to win American Idol,5,24.9,Apr/13/2010 14:09:14
713067,AI.2010.LEE,Lee DeWyze to win American Idol,3,23.2,Apr/13/2010 14:09:14
713067,AI.2010.LEE,Lee DeWyze to win American Idol,2,23.7,Apr/13/2010 14:09:14
713067,AI.2010.LEE,Lee DeWyze to win American Idol,2,23.1,Apr/13/2010 23:27:17
713067,AI.2010.LEE,Lee DeWyze to win American Idol,1,23.0,Apr/14/2010 00:15:44
713067,AI.2010.LEE,Lee DeWyze to win American Idol,1,25.0,Apr/14/2010 00:39:52
713067,AI.2010.LEE,Lee DeWyze to win American Idol,1,25.0,Apr/14/2010 00:39:52
713067,AI.2010.LEE,Lee DeWyze to win American Idol,1,26.9,Apr/14/2010 00:40:46
713067,AI.2010.LEE,Lee DeWyze to win American Idol,1,25.9,Apr/14/2010 00:40:46
713067,AI.2010.LEE,Lee DeWyze to win American Idol,1,26.0,Apr/14/2010 00:40:46
713067,AI.2010.LEE,Lee DeWyze to win American Idol,1,25.9,Apr/14/2010 00:40:46
713067,AI.2010.LEE,Lee DeWyze to win American Idol,1,25.5,Apr/14/2010 00:40:46
713067,AI.2010.LEE,Lee DeWyze to win American Idol,1,26.5,Apr/14/2010 00:40:46
713067,AI.2010.LEE,Lee DeWyze to win American Idol,1,25.9,Apr/14/2010 00:40:46
713067,AI.2010.LEE,Lee DeWyze to win American Idol,1,26.9,Apr/14/2010 00:40:46
713067,AI.2010.LEE,Lee DeWyze to win American Idol,1,26.7,Apr/14/2010 00:40:46
713067,AI.2010.LEE,Lee DeWyze to win American Idol,1,25.9,Apr/14/2010 00:40:46
713067,AI.2010.LEE,Lee DeWyze to win American Idol,1,27.9,Apr/14/2010 00:43:34
713067,AI.2010.LEE,Lee DeWyze to win American Idol,1,27.9,Apr/14/2010 00:43:34
713067,AI.2010.LEE,Lee DeWyze to win American Idol,1,27.5,Apr/14/2010 00:43:34
713067,AI.2010.LEE,Lee DeWyze to win American Idol,1,27.9,Apr/14/2010 00:43:34
713067,AI.2010.LEE,Lee DeWyze to win American Idol,1,27.9,Apr/14/2010 00:43:34
713067,AI.2010.LEE,Lee DeWyze to win American Idol,2,27.5,Apr/15/2010 20:23:40
713067,AI.2010.LEE,Lee DeWyze to win American Idol,15,27.5,Apr/15/2010 20:23:40
713067,AI.2010.LEE,Lee DeWyze to win American Idol,1,26.9,Apr/15/2010 20:23:40
713067,AI.2010.LEE,Lee DeWyze to win American Idol,1,27.0,Apr/15/2010 20:23:40
713067,AI.2010.LEE,Lee DeWyze to win American Idol,1,27.4,Apr/15/2010 20:23:40
713067,AI.2010.LEE,Lee DeWyze to win American Idol,1,26.9,Apr/15/2010 23:36:02
713067,AI.2010.LEE,Lee DeWyze to win American Idol,10,25.7,Apr/16/2010 17:06:13
713067,AI.2010.LEE,Lee DeWyze to win American Idol,1,25.3,Apr/16/2010 17:07:13
713067,AI.2010.LEE,Lee DeWyze to win American Idol,15,25.0,Apr/16/2010 17:07:29
713067,AI.2010.LEE,Lee DeWyze to win American Idol,1,25.0,Apr/16/2010 17:07:29
713067,AI.2010.LEE,Lee DeWyze to win American Idol,1,24.7,Apr/16/2010 17:16:07
713067,AI.2010.LEE,Lee DeWyze to win American Idol,1,24.4,Apr/16/2010 17:16:19
713067,AI.2010.LEE,Lee DeWyze to win American Idol,1,24.1,Apr/16/2010 17:16:30
713067,AI.2010.LEE,Lee DeWyze to win American Idol,1,23.7,Apr/16/2010 17:16:43
713067,AI.2010.LEE,Lee DeWyze to win American Idol,1,23.4,Apr/16/2010 17:16:53
713067,AI.2010.LEE,Lee DeWyze to win American Idol,1,23.1,Apr/16/2010 17:17:04
713067,AI.2010.LEE,Lee DeWyze to win American Idol,5,23.1,Apr/16/2010 17:17:04
713067,AI.2010.LEE,Lee DeWyze to win American Idol,85,23.0,Apr/16/2010 17:17:27
713067,AI.2010.LEE,Lee DeWyze to win American Idol,88,22.5,Apr/16/2010 17:17:45
713067,AI.2010.LEE,Lee DeWyze to win American Idol,3,26.7,Apr/17/2010 16:13:00
713067,AI.2010.LEE,Lee DeWyze to win American Idol,120,25.0,Apr/18/2010 11:56:33
713067,AI.2010.LEE,Lee DeWyze to win American Idol,200,24.9,Apr/20/2010 00:52:03
713067,AI.2010.LEE,Lee DeWyze to win American Idol,1,24.8,Apr/20/2010 00:52:03
713067,AI.2010.LEE,Lee DeWyze to win American Idol,1,20.9,Apr/20/2010 23:24:18
713067,AI.2010.LEE,Lee DeWyze to win American Idol,1,21.1,Apr/20/2010 23:24:18
713067,AI.2010.LEE,Lee DeWyze to win American Idol,1,21.2,Apr/20/2010 23:24:18
713067,AI.2010.LEE,Lee DeWyze to win American Idol,1,20.9,Apr/20/2010 23:52:35
713067,AI.2010.LEE,Lee DeWyze to win American Idol,65,25.0,Apr/21/2010 05:48:36
713067,AI.2010.LEE,Lee DeWyze to win American Idol,1,25.1,Apr/21/2010 05:48:36
713067,AI.2010.LEE,Lee DeWyze to win American Idol,1,25.1,Apr/21/2010 05:48:36
713067,AI.2010.LEE,Lee DeWyze to win American Idol,1,25.6,Apr/21/2010 05:48:36
713067,AI.2010.LEE,Lee DeWyze to win American Idol,1,26.1,Apr/21/2010 05:48:36
713067,AI.2010.LEE,Lee DeWyze to win American Idol,1,26.6,Apr/21/2010 05:48:36
713067,AI.2010.LEE,Lee DeWyze to win American Idol,1,26.0,Apr/22/2010 00:52:45
713067,AI.2010.LEE,Lee DeWyze to win American Idol,1,25.7,Apr/22/2010 00:53:11
713067,AI.2010.LEE,Lee DeWyze to win American Idol,1,25.1,Apr/22/2010 01:00:55
713067,AI.2010.LEE,Lee DeWyze to win American Idol,1,25.4,Apr/22/2010 01:00:55
713067,AI.2010.LEE,Lee DeWyze to win American Idol,5,25.0,Apr/22/2010 01:01:26
713067,AI.2010.LEE,Lee DeWyze to win American Idol,1,25.6,Apr/22/2010 17:04:40
713067,AI.2010.LEE,Lee DeWyze to win American Idol,1,25.1,Apr/22/2010 17:04:56
713067,AI.2010.LEE,Lee DeWyze to win American Idol,5,25.0,Apr/22/2010 17:05:06
713067,AI.2010.LEE,Lee DeWyze to win American Idol,3,25.0,Apr/22/2010 17:05:24
713067,AI.2010.LEE,Lee DeWyze to win American Idol,12,25.1,Apr/22/2010 19:18:19
713067,AI.2010.LEE,Lee DeWyze to win American Idol,122,25.0,Apr/22/2010 20:42:53
713067,AI.2010.LEE,Lee DeWyze to win American Idol,1,24.9,Apr/22/2010 22:39:26
713067,AI.2010.LEE,Lee DeWyze to win American Idol,4,25.6,Apr/23/2010 04:22:30
713067,AI.2010.LEE,Lee DeWyze to win American Idol,1,25.1,Apr/23/2010 04:22:30
713067,AI.2010.LEE,Lee DeWyze to win American Idol,5,25.6,Apr/23/2010 12:36:18
713067,AI.2010.LEE,Lee DeWyze to win American Idol,1,25.1,Apr/23/2010 14:05:46
713067,AI.2010.LEE,Lee DeWyze to win American Idol,1,25.5,Apr/23/2010 14:05:46
713067,AI.2010.LEE,Lee DeWyze to win American Idol,1,25.3,Apr/23/2010 14:05:46
713067,AI.2010.LEE,Lee DeWyze to win American Idol,1,25.1,Apr/23/2010 15:35:04
713067,AI.2010.LEE,Lee DeWyze to win American Idol,41,25.5,Apr/24/2010 04:54:06
713067,AI.2010.LEE,Lee DeWyze to win American Idol,1,25.2,Apr/24/2010 04:54:41
713067,AI.2010.LEE,Lee DeWyze to win American Idol,200,25.1,Apr/24/2010 04:54:51
713067,AI.2010.LEE,Lee DeWyze to win American Idol,29,25.0,Apr/24/2010 04:55:15
713067,AI.2010.LEE,Lee DeWyze to win American Idol,1,22.8,Apr/26/2010 04:43:46
713067,AI.2010.LEE,Lee DeWyze to win American Idol,1,23.1,Apr/26/2010 04:43:46
713067,AI.2010.LEE,Lee DeWyze to win American Idol,104,22.8,Apr/27/2010 13:35:08
713067,AI.2010.LEE,Lee DeWyze to win American Idol,1,23.6,Apr/28/2010 00:29:06
713067,AI.2010.LEE,Lee DeWyze to win American Idol,1,23.3,Apr/28/2010 00:29:06
713067,AI.2010.LEE,Lee DeWyze to win American Idol,1,23.0,Apr/28/2010 00:29:06
713067,AI.2010.LEE,Lee DeWyze to win American Idol,1,22.8,Apr/28/2010 00:29:06
713067,AI.2010.LEE,Lee DeWyze to win American Idol,12,22.8,Apr/28/2010 00:29:06
713067,AI.2010.LEE,Lee DeWyze to win American Idol,88,22.8,Apr/28/2010 01:17:17
713067,AI.2010.LEE,Lee DeWyze to win American Idol,100,22.9,Apr/28/2010 01:17:17
713067,AI.2010.LEE,Lee DeWyze to win American Idol,100,23.0,Apr/28/2010 01:17:17
713067,AI.2010.LEE,Lee DeWyze to win American Idol,150,22.8,Apr/28/2010 01:35:08
713067,AI.2010.LEE,Lee DeWyze to win American Idol,11,22.7,Apr/28/2010 01:47:38
713067,AI.2010.LEE,Lee DeWyze to win American Idol,1,22.6,Apr/28/2010 01:58:29
713067,AI.2010.LEE,Lee DeWyze to win American Idol,9,22.7,Apr/28/2010 01:58:29
713067,AI.2010.LEE,Lee DeWyze to win American Idol,1,22.3,Apr/28/2010 01:58:53
713067,AI.2010.LEE,Lee DeWyze to win American Idol,1,22.0,Apr/28/2010 01:58:53
713067,AI.2010.LEE,Lee DeWyze to win American Idol,20,22.0,Apr/28/2010 01:58:53
713067,AI.2010.LEE,Lee DeWyze to win American Idol,10,21.0,Apr/28/2010 02:04:49
713067,AI.2010.LEE,Lee DeWyze to win American Idol,5,22.0,Apr/28/2010 03:20:01
713067,AI.2010.LEE,Lee DeWyze to win American Idol,5,22.8,Apr/28/2010 08:33:47
713067,AI.2010.LEE,Lee DeWyze to win American Idol,1,22.8,Apr/28/2010 08:39:00
713067,AI.2010.LEE,Lee DeWyze to win American Idol,4,22.8,Apr/28/2010 08:39:00
713067,AI.2010.LEE,Lee DeWyze to win American Idol,1,22.8,Apr/28/2010 16:54:12
713067,AI.2010.LEE,Lee DeWyze to win American Idol,1,22.8,Apr/28/2010 16:54:22
713067,AI.2010.LEE,Lee DeWyze to win American Idol,1,22.8,Apr/28/2010 16:54:32
713067,AI.2010.LEE,Lee DeWyze to win American Idol,1,24.6,Apr/28/2010 18:07:41
713067,AI.2010.LEE,Lee DeWyze to win American Idol,10,23.5,Apr/28/2010 19:21:14
713067,AI.2010.LEE,Lee DeWyze to win American Idol,30,23.8,Apr/29/2010 01:29:04
713067,AI.2010.LEE,Lee DeWyze to win American Idol,40,24.7,Apr/29/2010 01:29:41
713067,AI.2010.LEE,Lee DeWyze to win American Idol,1,24.7,Apr/29/2010 01:30:30
713067,AI.2010.LEE,Lee DeWyze to win American Idol,1,22.8,Apr/29/2010 01:30:41
713067,AI.2010.LEE,Lee DeWyze to win American Idol,3,24.7,Apr/29/2010 01:51:18
713067,AI.2010.LEE,Lee DeWyze to win American Idol,1,28.5,Apr/29/2010 01:59:50
713067,AI.2010.LEE,Lee DeWyze to win American Idol,1,27.7,Apr/29/2010 01:59:50
713067,AI.2010.LEE,Lee DeWyze to win American Idol,1,30.7,Apr/29/2010 01:59:50
713067,AI.2010.LEE,Lee DeWyze to win American Idol,1,34.7,Apr/29/2010 01:59:50
713067,AI.2010.LEE,Lee DeWyze to win American Idol,5,32.0,Apr/29/2010 02:01:18
713067,AI.2010.LEE,Lee DeWyze to win American Idol,25,31.8,Apr/29/2010 02:06:56
713067,AI.2010.LEE,Lee DeWyze to win American Idol,15,31.7,Apr/29/2010 02:13:14
713067,AI.2010.LEE,Lee DeWyze to win American Idol,20,30.0,Apr/29/2010 02:13:41
713067,AI.2010.LEE,Lee DeWyze to win American Idol,1,31.6,Apr/29/2010 13:32:05
713067,AI.2010.LEE,Lee DeWyze to win American Idol,1,31.3,Apr/29/2010 13:33:08
713067,AI.2010.LEE,Lee DeWyze to win American Idol,1,31.0,Apr/29/2010 13:34:09
713067,AI.2010.LEE,Lee DeWyze to win American Idol,1,30.7,Apr/29/2010 14:31:33
713067,AI.2010.LEE,Lee DeWyze to win American Idol,1,30.4,Apr/29/2010 14:34:38
713067,AI.2010.LEE,Lee DeWyze to win American Idol,1,30.1,Apr/29/2010 14:37:47
713067,AI.2010.LEE,Lee DeWyze to win American Idol,20,30.0,Apr/29/2010 14:38:50
713067,AI.2010.LEE,Lee DeWyze to win American Idol,15,29.9,Apr/29/2010 14:39:53
713067,AI.2010.LEE,Lee DeWyze to win American Idol,5,29.9,Apr/29/2010 15:42:37
713067,AI.2010.LEE,Lee DeWyze to win American Idol,1,29.6,Apr/29/2010 15:45:44
713067,AI.2010.LEE,Lee DeWyze to win American Idol,19,29.5,Apr/29/2010 15:46:49
713067,AI.2010.LEE,Lee DeWyze to win American Idol,17,29.7,Apr/29/2010 16:10:26
713067,AI.2010.LEE,Lee DeWyze to win American Idol,3,29.7,Apr/30/2010 16:36:43
713067,AI.2010.LEE,Lee DeWyze to win American Idol,10,29.7,Apr/30/2010 16:36:43
713067,AI.2010.LEE,Lee DeWyze to win American Idol,1,29.8,Apr/30/2010 16:36:43
713067,AI.2010.LEE,Lee DeWyze to win American Idol,1,30.1,Apr/30/2010 16:36:43
713067,AI.2010.LEE,Lee DeWyze to win American Idol,1,30.6,Apr/30/2010 16:36:43
713067,AI.2010.LEE,Lee DeWyze to win American Idol,1,30.3,Apr/30/2010 16:36:43
713067,AI.2010.LEE,Lee DeWyze to win American Idol,1,29.5,Apr/30/2010 20:03:54
713067,AI.2010.LEE,Lee DeWyze to win American Idol,11,29.5,Apr/30/2010 20:03:54
713067,AI.2010.LEE,Lee DeWyze to win American Idol,10,29.7,Apr/30/2010 20:03:54
713067,AI.2010.LEE,Lee DeWyze to win American Idol,200,29.6,May/01/2010 08:41:04
713067,AI.2010.LEE,Lee DeWyze to win American Idol,45,29.6,May/01/2010 20:14:27
713067,AI.2010.LEE,Lee DeWyze to win American Idol,19,29.5,May/01/2010 22:19:03
713067,AI.2010.LEE,Lee DeWyze to win American Idol,1,29.5,May/01/2010 22:19:03
713067,AI.2010.LEE,Lee DeWyze to win American Idol,1,29.4,May/01/2010 22:20:05
713067,AI.2010.LEE,Lee DeWyze to win American Idol,26,29.3,May/02/2010 14:35:58
713067,AI.2010.LEE,Lee DeWyze to win American Idol,4,29.3,May/02/2010 14:40:01
713067,AI.2010.LEE,Lee DeWyze to win American Idol,1,29.3,May/02/2010 14:40:01
713067,AI.2010.LEE,Lee DeWyze to win American Idol,1,29.2,May/02/2010 14:41:16
713067,AI.2010.LEE,Lee DeWyze to win American Idol,22,29.1,May/02/2010 14:42:37
713067,AI.2010.LEE,Lee DeWyze to win American Idol,8,29.1,May/02/2010 14:49:02
713067,AI.2010.LEE,Lee DeWyze to win American Idol,1,29.1,May/02/2010 14:49:02
713067,AI.2010.LEE,Lee DeWyze to win American Idol,14,29.0,May/02/2010 14:50:04
713067,AI.2010.LEE,Lee DeWyze to win American Idol,6,29.0,May/02/2010 14:58:31
713067,AI.2010.LEE,Lee DeWyze to win American Idol,1,29.0,May/02/2010 14:58:31
713067,AI.2010.LEE,Lee DeWyze to win American Idol,20,28.9,May/02/2010 14:59:32
713067,AI.2010.LEE,Lee DeWyze to win American Idol,1,28.9,May/02/2010 14:59:32
713067,AI.2010.LEE,Lee DeWyze to win American Idol,82,29.9,May/04/2010 22:48:36
713067,AI.2010.LEE,Lee DeWyze to win American Idol,5,30.0,May/04/2010 23:29:11
713067,AI.2010.LEE,Lee DeWyze to win American Idol,2,30.7,May/05/2010 00:06:18
713067,AI.2010.LEE,Lee DeWyze to win American Idol,10,31.5,May/05/2010 00:37:18
713067,AI.2010.LEE,Lee DeWyze to win American Idol,1,34.9,May/05/2010 00:46:31
713067,AI.2010.LEE,Lee DeWyze to win American Idol,20,35.0,May/05/2010 00:46:31
713067,AI.2010.LEE,Lee DeWyze to win American Idol,1,35.9,May/05/2010 00:46:53
713067,AI.2010.LEE,Lee DeWyze to win American Idol,1,36.9,May/05/2010 00:46:53
713067,AI.2010.LEE,Lee DeWyze to win American Idol,1,37.9,May/05/2010 00:46:53
713067,AI.2010.LEE,Lee DeWyze to win American Idol,1,37.5,May/05/2010 00:46:53
713067,AI.2010.LEE,Lee DeWyze to win American Idol,1,37.0,May/05/2010 00:46:53
713067,AI.2010.LEE,Lee DeWyze to win American Idol,1,37.9,May/05/2010 00:46:53
713067,AI.2010.LEE,Lee DeWyze to win American Idol,114,37.9,May/05/2010 00:46:53
713067,AI.2010.LEE,Lee DeWyze to win American Idol,158,43.9,May/05/2010 01:13:32
713067,AI.2010.LEE,Lee DeWyze to win American Idol,20,43.9,May/05/2010 01:16:56
713067,AI.2010.LEE,Lee DeWyze to win American Idol,1,46.6,May/05/2010 01:17:08
713067,AI.2010.LEE,Lee DeWyze to win American Idol,4,45.7,May/05/2010 01:20:11
713067,AI.2010.LEE,Lee DeWyze to win American Idol,4,45.5,May/05/2010 01:23:52
713067,AI.2010.LEE,Lee DeWyze to win American Idol,6,45.4,May/05/2010 15:21:57
713067,AI.2010.LEE,Lee DeWyze to win American Idol,5,45.9,May/05/2010 15:22:07
713067,AI.2010.LEE,Lee DeWyze to win American Idol,250,47.8,May/05/2010 15:22:29
713067,AI.2010.LEE,Lee DeWyze to win American Idol,10,47.8,May/05/2010 16:01:36
713067,AI.2010.LEE,Lee DeWyze to win American Idol,20,48.5,May/05/2010 22:03:22
713067,AI.2010.LEE,Lee DeWyze to win American Idol,100,48.9,May/05/2010 22:03:45
713067,AI.2010.LEE,Lee DeWyze to win American Idol,40,49.7,May/05/2010 22:04:57
713067,AI.2010.LEE,Lee DeWyze to win American Idol,10,49.7,May/06/2010 00:00:26
713067,AI.2010.LEE,Lee DeWyze to win American Idol,5,50.0,May/06/2010 00:00:32
713067,AI.2010.LEE,Lee DeWyze to win American Idol,15,47.7,May/06/2010 02:17:46
713067,AI.2010.LEE,Lee DeWyze to win American Idol,29,48.0,May/06/2010 10:51:23
713067,AI.2010.LEE,Lee DeWyze to win American Idol,3,48.0,May/06/2010 10:52:24
713067,AI.2010.LEE,Lee DeWyze to win American Idol,2,49.0,May/06/2010 17:10:09
713067,AI.2010.LEE,Lee DeWyze to win American Idol,147,48.0,May/06/2010 18:08:20
713067,AI.2010.LEE,Lee DeWyze to win American Idol,1,48.0,May/06/2010 20:01:25
713067,AI.2010.LEE,Lee DeWyze to win American Idol,80,48.0,May/07/2010 05:49:21
713067,AI.2010.LEE,Lee DeWyze to win American Idol,15,47.7,May/08/2010 04:57:19
713067,AI.2010.LEE,Lee DeWyze to win American Idol,99,47.6,May/08/2010 04:57:19
713067,AI.2010.LEE,Lee DeWyze to win American Idol,210,47.6,May/08/2010 06:15:36
713067,AI.2010.LEE,Lee DeWyze to win American Idol,19,49.4,May/09/2010 14:00:11
713067,AI.2010.LEE,Lee DeWyze to win American Idol,1,48.9,May/09/2010 14:00:11
713067,AI.2010.LEE,Lee DeWyze to win American Idol,1,47.8,May/10/2010 14:05:25
713067,AI.2010.LEE,Lee DeWyze to win American Idol,1,47.9,May/10/2010 15:56:06
713067,AI.2010.LEE,Lee DeWyze to win American Idol,10,47.7,May/10/2010 21:00:56
713067,AI.2010.LEE,Lee DeWyze to win American Idol,15,47.6,May/10/2010 21:47:34
713067,AI.2010.LEE,Lee DeWyze to win American Idol,8,47.6,May/10/2010 21:48:46
713067,AI.2010.LEE,Lee DeWyze to win American Idol,30,47.6,May/11/2010 02:12:53
713067,AI.2010.LEE,Lee DeWyze to win American Idol,10,47.6,May/11/2010 05:33:03
713067,AI.2010.LEE,Lee DeWyze to win American Idol,40,47.6,May/11/2010 07:32:22
713067,AI.2010.LEE,Lee DeWyze to win American Idol,5,47.6,May/11/2010 14:57:57
713067,AI.2010.LEE,Lee DeWyze to win American Idol,83,47.6,May/11/2010 16:39:07
713067,AI.2010.LEE,Lee DeWyze to win American Idol,14,45.0,May/11/2010 20:32:24
713067,AI.2010.LEE,Lee DeWyze to win American Idol,1,45.1,May/11/2010 20:32:24
713067,AI.2010.LEE,Lee DeWyze to win American Idol,1,41.0,May/12/2010 00:08:25
713067,AI.2010.LEE,Lee DeWyze to win American Idol,9,41.0,May/12/2010 00:08:25
713067,AI.2010.LEE,Lee DeWyze to win American Idol,1,40.0,May/12/2010 00:14:50
713067,AI.2010.LEE,Lee DeWyze to win American Idol,1,40.0,May/12/2010 00:18:24
713067,AI.2010.LEE,Lee DeWyze to win American Idol,1,41.0,May/12/2010 11:55:04
713067,AI.2010.LEE,Lee DeWyze to win American Idol,5,43.0,May/12/2010 14:41:45
713067,AI.2010.LEE,Lee DeWyze to win American Idol,9,41.2,May/13/2010 01:37:51
713067,AI.2010.LEE,Lee DeWyze to win American Idol,2,41.5,May/13/2010 04:38:57
713067,AI.2010.LEE,Lee DeWyze to win American Idol,48,41.5,May/13/2010 22:08:30
713067,AI.2010.LEE,Lee DeWyze to win American Idol,290,41.5,May/14/2010 03:23:51
713067,AI.2010.LEE,Lee DeWyze to win American Idol,10,41.4,May/14/2010 18:23:52
713067,AI.2010.LEE,Lee DeWyze to win American Idol,7,41.4,May/14/2010 19:38:30
713067,AI.2010.LEE,Lee DeWyze to win American Idol,3,41.6,May/14/2010 19:38:30
713067,AI.2010.LEE,Lee DeWyze to win American Idol,10,41.4,May/14/2010 19:38:43
713067,AI.2010.LEE,Lee DeWyze to win American Idol,10,41.4,May/14/2010 19:38:51
713067,AI.2010.LEE,Lee DeWyze to win American Idol,50,41.1,May/14/2010 19:52:08
713067,AI.2010.LEE,Lee DeWyze to win American Idol,50,41.2,May/14/2010 19:52:08
713067,AI.2010.LEE,Lee DeWyze to win American Idol,50,41.3,May/14/2010 19:52:08
713067,AI.2010.LEE,Lee DeWyze to win American Idol,13,41.4,May/14/2010 19:52:08
713067,AI.2010.LEE,Lee DeWyze to win American Idol,1,41.5,May/14/2010 19:52:08
713067,AI.2010.LEE,Lee DeWyze to win American Idol,50,41.0,May/15/2010 23:57:29
713067,AI.2010.LEE,Lee DeWyze to win American Idol,50,40.9,May/15/2010 23:57:29
713067,AI.2010.LEE,Lee DeWyze to win American Idol,38,40.5,May/16/2010 00:08:08
713067,AI.2010.LEE,Lee DeWyze to win American Idol,50,40.7,May/16/2010 00:08:08
713067,AI.2010.LEE,Lee DeWyze to win American Idol,12,40.7,May/16/2010 10:11:57
713067,AI.2010.LEE,Lee DeWyze to win American Idol,12,40.7,May/16/2010 10:12:14
713067,AI.2010.LEE,Lee DeWyze to win American Idol,138,41.0,May/16/2010 10:12:14
713067,AI.2010.LEE,Lee DeWyze to win American Idol,50,41.0,May/16/2010 15:06:28
713067,AI.2010.LEE,Lee DeWyze to win American Idol,7,40.9,May/16/2010 17:44:18
713067,AI.2010.LEE,Lee DeWyze to win American Idol,50,40.9,May/16/2010 20:03:35
713067,AI.2010.LEE,Lee DeWyze to win American Idol,100,41.1,May/18/2010 14:16:13
713067,AI.2010.LEE,Lee DeWyze to win American Idol,93,41.3,May/18/2010 14:16:13
713067,AI.2010.LEE,Lee DeWyze to win American Idol,500,41.2,May/18/2010 14:16:13
713067,AI.2010.LEE,Lee DeWyze to win American Idol,57,41.3,May/18/2010 14:16:13
713067,AI.2010.LEE,Lee DeWyze to win American Idol,10,41.0,May/18/2010 18:40:14
713067,AI.2010.LEE,Lee DeWyze to win American Idol,90,41.1,May/18/2010 19:14:16
713067,AI.2010.LEE,Lee DeWyze to win American Idol,10,41.1,May/18/2010 20:46:02
713067,AI.2010.LEE,Lee DeWyze to win American Idol,12,41.4,May/18/2010 21:21:16
713067,AI.2010.LEE,Lee DeWyze to win American Idol,38,41.4,May/18/2010 21:21:16
713067,AI.2010.LEE,Lee DeWyze to win American Idol,5,41.5,May/18/2010 22:38:42
713067,AI.2010.LEE,Lee DeWyze to win American Idol,3,51.0,May/19/2010 00:20:30
713067,AI.2010.LEE,Lee DeWyze to win American Idol,30,52.0,May/19/2010 00:24:43
713067,AI.2010.LEE,Lee DeWyze to win American Idol,5,56.0,May/19/2010 00:39:46
713067,AI.2010.LEE,Lee DeWyze to win American Idol,88,51.5,May/19/2010 00:42:19
713067,AI.2010.LEE,Lee DeWyze to win American Idol,100,50.5,May/19/2010 00:43:18
713067,AI.2010.LEE,Lee DeWyze to win American Idol,12,51.5,May/19/2010 00:43:18
713067,AI.2010.LEE,Lee DeWyze to win American Idol,15,58.0,May/19/2010 03:25:49
713067,AI.2010.LEE,Lee DeWyze to win American Idol,3,62.0,May/19/2010 04:36:58
713067,AI.2010.LEE,Lee DeWyze to win American Idol,3,62.0,May/19/2010 04:40:53
713067,AI.2010.LEE,Lee DeWyze to win American Idol,5,62.0,May/19/2010 05:35:09
713067,AI.2010.LEE,Lee DeWyze to win American Idol,10,61.9,May/19/2010 08:11:15
713067,AI.2010.LEE,Lee DeWyze to win American Idol,7,61.9,May/19/2010 12:16:27
713067,AI.2010.LEE,Lee DeWyze to win American Idol,10,61.9,May/19/2010 13:01:34
713067,AI.2010.LEE,Lee DeWyze to win American Idol,17,61.9,May/19/2010 13:06:39
713067,AI.2010.LEE,Lee DeWyze to win American Idol,9,62.0,May/19/2010 13:14:48
713067,AI.2010.LEE,Lee DeWyze to win American Idol,30,63.0,May/19/2010 22:43:49
713067,AI.2010.LEE,Lee DeWyze to win American Idol,1,64.7,May/20/2010 00:08:17
713067,AI.2010.LEE,Lee DeWyze to win American Idol,1,65.0,May/20/2010 10:55:54
713067,AI.2010.LEE,Lee DeWyze to win American Idol,10,64.7,May/20/2010 11:28:12
713067,AI.2010.LEE,Lee DeWyze to win American Idol,19,65.0,May/20/2010 11:28:28
713067,AI.2010.LEE,Lee DeWyze to win American Idol,1,65.7,May/20/2010 12:28:05
713067,AI.2010.LEE,Lee DeWyze to win American Idol,1,65.0,May/20/2010 12:28:07
713067,AI.2010.LEE,Lee DeWyze to win American Idol,1,64.0,May/20/2010 12:29:09
713067,AI.2010.LEE,Lee DeWyze to win American Idol,2,62.5,May/20/2010 14:37:42
713067,AI.2010.LEE,Lee DeWyze to win American Idol,8,62.5,May/20/2010 14:37:42
713067,AI.2010.LEE,Lee DeWyze to win American Idol,1,63.0,May/20/2010 14:37:42
713067,AI.2010.LEE,Lee DeWyze to win American Idol,1,62.6,May/20/2010 14:37:42
713067,AI.2010.LEE,Lee DeWyze to win American Idol,1,64.0,May/20/2010 14:37:42
713067,AI.2010.LEE,Lee DeWyze to win American Idol,1,65.0,May/20/2010 14:37:42
713067,AI.2010.LEE,Lee DeWyze to win American Idol,1,65.1,May/20/2010 14:37:42
713067,AI.2010.LEE,Lee DeWyze to win American Idol,1,65.0,May/20/2010 15:25:21
713067,AI.2010.LEE,Lee DeWyze to win American Idol,1,65.0,May/21/2010 00:27:30
713067,AI.2010.LEE,Lee DeWyze to win American Idol,4,65.0,May/21/2010 00:27:30
713067,AI.2010.LEE,Lee DeWyze to win American Idol,14,65.0,May/21/2010 00:27:30
713067,AI.2010.LEE,Lee DeWyze to win American Idol,1,65.0,May/21/2010 01:40:06
713067,AI.2010.LEE,Lee DeWyze to win American Idol,10,65.1,May/21/2010 03:31:14
713067,AI.2010.LEE,Lee DeWyze to win American Idol,50,65.2,May/21/2010 03:31:51
713067,AI.2010.LEE,Lee DeWyze to win American Idol,100,65.3,May/21/2010 03:32:21
713067,AI.2010.LEE,Lee DeWyze to win American Idol,200,65.6,May/21/2010 03:32:42
713067,AI.2010.LEE,Lee DeWyze to win American Idol,100,65.8,May/21/2010 03:33:06
713067,AI.2010.LEE,Lee DeWyze to win American Idol,100,66.0,May/21/2010 03:35:16
713067,AI.2010.LEE,Lee DeWyze to win American Idol,5,66.7,May/21/2010 13:15:25
713067,AI.2010.LEE,Lee DeWyze to win American Idol,5,66.7,May/21/2010 13:41:16
713067,AI.2010.LEE,Lee DeWyze to win American Idol,1,69.8,May/21/2010 13:41:39
713067,AI.2010.LEE,Lee DeWyze to win American Idol,5,69.7,May/21/2010 15:51:27
713067,AI.2010.LEE,Lee DeWyze to win American Idol,1,69.0,May/21/2010 20:19:29
713067,AI.2010.LEE,Lee DeWyze to win American Idol,1,68.0,May/21/2010 20:20:04
713067,AI.2010.LEE,Lee DeWyze to win American Idol,5,69.4,May/21/2010 23:12:28
713067,AI.2010.LEE,Lee DeWyze to win American Idol,1,69.7,May/21/2010 23:12:35
713067,AI.2010.LEE,Lee DeWyze to win American Idol,5,69.5,May/21/2010 23:13:38
713067,AI.2010.LEE,Lee DeWyze to win American Idol,5,69.7,May/21/2010 23:14:42
713067,AI.2010.LEE,Lee DeWyze to win American Idol,5,69.5,May/21/2010 23:15:02
713067,AI.2010.LEE,Lee DeWyze to win American Idol,1,69.7,May/21/2010 23:16:06
713067,AI.2010.LEE,Lee DeWyze to win American Idol,4,69.7,May/21/2010 23:16:06
713067,AI.2010.LEE,Lee DeWyze to win American Idol,1,69.5,May/21/2010 23:17:47
713067,AI.2010.LEE,Lee DeWyze to win American Idol,9,69.8,May/21/2010 23:18:21
713067,AI.2010.LEE,Lee DeWyze to win American Idol,1,69.8,May/21/2010 23:18:21
713067,AI.2010.LEE,Lee DeWyze to win American Idol,20,69.8,May/21/2010 23:18:48
713067,AI.2010.LEE,Lee DeWyze to win American Idol,10,69.7,May/21/2010 23:19:49
713067,AI.2010.LEE,Lee DeWyze to win American Idol,10,69.5,May/21/2010 23:21:51
713067,AI.2010.LEE,Lee DeWyze to win American Idol,1,69.5,May/22/2010 01:39:56
713067,AI.2010.LEE,Lee DeWyze to win American Idol,2,69.5,May/22/2010 04:02:24
713067,AI.2010.LEE,Lee DeWyze to win American Idol,1,69.0,May/22/2010 05:31:02
713067,AI.2010.LEE,Lee DeWyze to win American Idol,1,69.1,May/22/2010 05:31:02
713067,AI.2010.LEE,Lee DeWyze to win American Idol,1,69.2,May/22/2010 05:31:02
713067,AI.2010.LEE,Lee DeWyze to win American Idol,1,69.3,May/22/2010 05:31:02
713067,AI.2010.LEE,Lee DeWyze to win American Idol,1,69.4,May/22/2010 05:31:02
713067,AI.2010.LEE,Lee DeWyze to win American Idol,1,68.9,May/22/2010 10:49:34
713067,AI.2010.LEE,Lee DeWyze to win American Idol,1,69.0,May/22/2010 10:49:58
713067,AI.2010.LEE,Lee DeWyze to win American Idol,1,69.1,May/22/2010 10:50:46
713067,AI.2010.LEE,Lee DeWyze to win American Idol,1,69.2,May/22/2010 10:50:46
713067,AI.2010.LEE,Lee DeWyze to win American Idol,1,69.3,May/22/2010 10:50:46
713067,AI.2010.LEE,Lee DeWyze to win American Idol,1,69.4,May/22/2010 10:50:46
713067,AI.2010.LEE,Lee DeWyze to win American Idol,3,69.4,May/22/2010 13:45:52
713067,AI.2010.LEE,Lee DeWyze to win American Idol,1,69.0,May/22/2010 13:45:54
713067,AI.2010.LEE,Lee DeWyze to win American Idol,1,69.5,May/22/2010 16:22:37
713067,AI.2010.LEE,Lee DeWyze to win American Idol,1,69.4,May/22/2010 19:39:37
713067,AI.2010.LEE,Lee DeWyze to win American Idol,2,69.4,May/22/2010 19:39:37
713067,AI.2010.LEE,Lee DeWyze to win American Idol,1,69.0,May/22/2010 19:39:40
713067,AI.2010.LEE,Lee DeWyze to win American Idol,1,69.0,May/22/2010 19:39:40
713067,AI.2010.LEE,Lee DeWyze to win American Idol,1,68.0,May/23/2010 00:40:07
713067,AI.2010.LEE,Lee DeWyze to win American Idol,1,68.0,May/23/2010 00:40:07
713067,AI.2010.LEE,Lee DeWyze to win American Idol,1,69.3,May/23/2010 17:46:09
713067,AI.2010.LEE,Lee DeWyze to win American Idol,1,69.0,May/23/2010 22:45:50
713067,AI.2010.LEE,Lee DeWyze to win American Idol,3,69.0,May/23/2010 22:45:50
713067,AI.2010.LEE,Lee DeWyze to win American Idol,1,68.0,May/23/2010 22:46:16
713067,AI.2010.LEE,Lee DeWyze to win American Idol,17,69.4,May/24/2010 13:19:51
713067,AI.2010.LEE,Lee DeWyze to win American Idol,10,69.3,May/24/2010 13:19:51
713067,AI.2010.LEE,Lee DeWyze to win American Idol,16,69.3,May/24/2010 13:19:51
713067,AI.2010.LEE,Lee DeWyze to win American Idol,4,69.4,May/24/2010 15:35:08
713067,AI.2010.LEE,Lee DeWyze to win American Idol,1,69.0,May/24/2010 15:59:07
713067,AI.2010.LEE,Lee DeWyze to win American Idol,1,68.4,May/24/2010 19:55:14
713067,AI.2010.LEE,Lee DeWyze to win American Idol,1,68.0,May/24/2010 23:36:19
713067,AI.2010.LEE,Lee DeWyze to win American Idol,50,67.1,May/25/2010 05:15:51
713067,AI.2010.LEE,Lee DeWyze to win American Idol,1,67.0,May/25/2010 14:38:54
713067,AI.2010.LEE,Lee DeWyze to win American Idol,1,67.0,May/25/2010 14:38:54
713067,AI.2010.LEE,Lee DeWyze to win American Idol,1,67.0,May/25/2010 15:37:19
713067,AI.2010.LEE,Lee DeWyze to win American Idol,1,66.0,May/25/2010 17:25:56
713067,AI.2010.LEE,Lee DeWyze to win American Idol,1,66.0,May/25/2010 17:25:56
713067,AI.2010.LEE,Lee DeWyze to win American Idol,1,65.2,May/25/2010 19:58:48
713067,AI.2010.LEE,Lee DeWyze to win American Idol,1,65.0,May/25/2010 19:59:12
713067,AI.2010.LEE,Lee DeWyze to win American Idol,1,64.0,May/25/2010 19:59:35
713067,AI.2010.LEE,Lee DeWyze to win American Idol,1,63.3,May/25/2010 19:59:51
713067,AI.2010.LEE,Lee DeWyze to win American Idol,1,63.2,May/25/2010 20:00:06
713067,AI.2010.LEE,Lee DeWyze to win American Idol,5,63.1,May/25/2010 20:00:24
713067,AI.2010.LEE,Lee DeWyze to win American Idol,250,64.9,May/25/2010 22:48:41
713067,AI.2010.LEE,Lee DeWyze to win American Idol,500,64.0,May/26/2010 00:12:05
713067,AI.2010.LEE,Lee DeWyze to win American Idol,1,63.0,May/26/2010 00:20:28
713067,AI.2010.LEE,Lee DeWyze to win American Idol,1,63.0,May/26/2010 00:24:05
713067,AI.2010.LEE,Lee DeWyze to win American Idol,1,62.6,May/26/2010 00:25:20
713067,AI.2010.LEE,Lee DeWyze to win American Idol,1,61.1,May/26/2010 00:26:46
713067,AI.2010.LEE,Lee DeWyze to win American Idol,10,60.1,May/26/2010 00:31:57
713067,AI.2010.LEE,Lee DeWyze to win American Idol,5,60.0,May/26/2010 00:34:31
713067,AI.2010.LEE,Lee DeWyze to win American Idol,5,60.0,May/26/2010 00:35:21
713067,AI.2010.LEE,Lee DeWyze to win American Idol,3,60.0,May/26/2010 00:38:57
713067,AI.2010.LEE,Lee DeWyze to win American Idol,17,60.0,May/26/2010 00:38:59
713067,AI.2010.LEE,Lee DeWyze to win American Idol,15,60.0,May/26/2010 00:39:29
713067,AI.2010.LEE,Lee DeWyze to win American Idol,30,59.0,May/26/2010 00:43:05
713067,AI.2010.LEE,Lee DeWyze to win American Idol,30,58.0,May/26/2010 00:44:26
713067,AI.2010.LEE,Lee DeWyze to win American Idol,30,57.0,May/26/2010 00:44:26
713067,AI.2010.LEE,Lee DeWyze to win American Idol,30,56.0,May/26/2010 00:51:06
713067,AI.2010.LEE,Lee DeWyze to win American Idol,30,55.0,May/26/2010 00:51:06
713067,AI.2010.LEE,Lee DeWyze to win American Idol,30,54.0,May/26/2010 00:51:22
713067,AI.2010.LEE,Lee DeWyze to win American Idol,20,53.0,May/26/2010 00:52:15
713067,AI.2010.LEE,Lee DeWyze to win American Idol,12,41.3,May/26/2010 00:54:32
713067,AI.2010.LEE,Lee DeWyze to win American Idol,30,40.0,May/26/2010 00:54:32
713067,AI.2010.LEE,Lee DeWyze to win American Idol,16,41.3,May/26/2010 00:54:32
713067,AI.2010.LEE,Lee DeWyze to win American Idol,20,35.1,May/26/2010 00:55:09
713067,AI.2010.LEE,Lee DeWyze to win American Idol,62,40.0,May/26/2010 00:55:34
713067,AI.2010.LEE,Lee DeWyze to win American Idol,5,40.8,May/26/2010 00:56:22
713067,AI.2010.LEE,Lee DeWyze to win American Idol,19,45.5,May/26/2010 00:56:41
713067,AI.2010.LEE,Lee DeWyze to win American Idol,26,45.0,May/26/2010 00:56:43
713067,AI.2010.LEE,Lee DeWyze to win American Idol,10,40.7,May/26/2010 00:57:05
713067,AI.2010.LEE,Lee DeWyze to win American Idol,145,45.0,May/26/2010 00:58:09
713067,AI.2010.LEE,Lee DeWyze to win American Idol,2,40.7,May/26/2010 00:58:11
713067,AI.2010.LEE,Lee DeWyze to win American Idol,3,40.0,May/26/2010 00:58:55
713067,AI.2010.LEE,Lee DeWyze to win American Idol,30,39.0,May/26/2010 01:00:03
713067,AI.2010.LEE,Lee DeWyze to win American Idol,30,39.5,May/26/2010 01:00:03
713067,AI.2010.LEE,Lee DeWyze to win American Idol,30,39.9,May/26/2010 01:00:03
713067,AI.2010.LEE,Lee DeWyze to win American Idol,27,40.0,May/26/2010 01:00:03
713067,AI.2010.LEE,Lee DeWyze to win American Idol,20,39.0,May/26/2010 01:00:08
713067,AI.2010.LEE,Lee DeWyze to win American Idol,13,39.0,May/26/2010 01:01:48
713067,AI.2010.LEE,Lee DeWyze to win American Idol,57,42.8,May/26/2010 01:05:05
713067,AI.2010.LEE,Lee DeWyze to win American Idol,100,42.9,May/26/2010 01:05:09
713067,AI.2010.LEE,Lee DeWyze to win American Idol,10,44.6,May/26/2010 01:05:20
713067,AI.2010.LEE,Lee DeWyze to win American Idol,1,38.1,May/26/2010 01:05:50
713067,AI.2010.LEE,Lee DeWyze to win American Idol,8,44.9,May/26/2010 01:06:13
713067,AI.2010.LEE,Lee DeWyze to win American Idol,1,39.0,May/26/2010 01:06:18
713067,AI.2010.LEE,Lee DeWyze to win American Idol,8,44.8,May/26/2010 01:08:29
713067,AI.2010.LEE,Lee DeWyze to win American Idol,1,41.1,May/26/2010 01:08:38
713067,AI.2010.LEE,Lee DeWyze to win American Idol,2,44.9,May/26/2010 01:11:29
713067,AI.2010.LEE,Lee DeWyze to win American Idol,2,44.8,May/26/2010 01:11:29
713067,AI.2010.LEE,Lee DeWyze to win American Idol,1,58.0,May/26/2010 01:14:51
713067,AI.2010.LEE,Lee DeWyze to win American Idol,10,58.0,May/26/2010 01:14:51
713067,AI.2010.LEE,Lee DeWyze to win American Idol,20,59.9,May/26/2010 01:15:05
713067,AI.2010.LEE,Lee DeWyze to win American Idol,10,60.5,May/26/2010 01:15:23
713067,AI.2010.LEE,Lee DeWyze to win American Idol,200,57.5,May/26/2010 01:21:55
713067,AI.2010.LEE,Lee DeWyze to win American Idol,1,62.4,May/26/2010 01:27:35
713067,AI.2010.LEE,Lee DeWyze to win American Idol,10,67.8,May/26/2010 01:29:13
713067,AI.2010.LEE,Lee DeWyze to win American Idol,10,67.9,May/26/2010 01:29:28
713067,AI.2010.LEE,Lee DeWyze to win American Idol,100,68.0,May/26/2010 01:29:40
713067,AI.2010.LEE,Lee DeWyze to win American Idol,10,67.8,May/26/2010 01:33:44
713067,AI.2010.LEE,Lee DeWyze to win American Idol,20,73.0,May/26/2010 01:37:29
713067,AI.2010.LEE,Lee DeWyze to win American Idol,27,79.9,May/26/2010 01:38:26
713067,AI.2010.LEE,Lee DeWyze to win American Idol,10,80.0,May/26/2010 01:38:31
713067,AI.2010.LEE,Lee DeWyze to win American Idol,10,80.0,May/26/2010 01:38:31
713067,AI.2010.LEE,Lee DeWyze to win American Idol,1,83.9,May/26/2010 01:39:23
713067,AI.2010.LEE,Lee DeWyze to win American Idol,30,79.0,May/26/2010 01:58:26
713067,AI.2010.LEE,Lee DeWyze to win American Idol,18,83.9,May/26/2010 02:03:52
713067,AI.2010.LEE,Lee DeWyze to win American Idol,10,81.5,May/26/2010 02:14:24
713067,AI.2010.LEE,Lee DeWyze to win American Idol,14,81.9,May/26/2010 02:14:35
713067,AI.2010.LEE,Lee DeWyze to win American Idol,7,83.0,May/26/2010 02:14:44
713067,AI.2010.LEE,Lee DeWyze to win American Idol,26,82.9,May/26/2010 02:14:44
713067,AI.2010.LEE,Lee DeWyze to win American Idol,26,83.0,May/26/2010 02:16:36
713067,AI.2010.LEE,Lee DeWyze to win American Idol,19,83.9,May/26/2010 02:18:15
713067,AI.2010.LEE,Lee DeWyze to win American Idol,23,81.9,May/26/2010 02:18:57
713067,AI.2010.LEE,Lee DeWyze to win American Idol,22,81.1,May/26/2010 02:21:53
713067,AI.2010.LEE,Lee DeWyze to win American Idol,1,81.2,May/26/2010 02:21:53
713067,AI.2010.LEE,Lee DeWyze to win American Idol,26,81.0,May/26/2010 02:22:01
713067,AI.2010.LEE,Lee DeWyze to win American Idol,151,81.0,May/26/2010 02:22:18
713067,AI.2010.LEE,Lee DeWyze to win American Idol,1,84.4,May/26/2010 02:23:53
713067,AI.2010.LEE,Lee DeWyze to win American Idol,5,82.0,May/26/2010 02:25:22
713067,AI.2010.LEE,Lee DeWyze to win American Idol,3,82.1,May/26/2010 02:31:17
713067,AI.2010.LEE,Lee DeWyze to win American Idol,1,82.1,May/26/2010 02:32:47
713067,AI.2010.LEE,Lee DeWyze to win American Idol,1,82.2,May/26/2010 02:32:47
713067,AI.2010.LEE,Lee DeWyze to win American Idol,3,82.1,May/26/2010 02:33:38
713067,AI.2010.LEE,Lee DeWyze to win American Idol,8,82.1,May/26/2010 03:06:34
713067,AI.2010.LEE,Lee DeWyze to win American Idol,1,82.2,May/26/2010 03:06:34
713067,AI.2010.LEE,Lee DeWyze to win American Idol,3,84.4,May/26/2010 03:20:22
713067,AI.2010.LEE,Lee DeWyze to win American Idol,1,84.4,May/26/2010 03:20:22
713067,AI.2010.LEE,Lee DeWyze to win American Idol,1,84.2,May/26/2010 03:20:22
713067,AI.2010.LEE,Lee DeWyze to win American Idol,10,85.0,May/26/2010 04:01:54
713067,AI.2010.LEE,Lee DeWyze to win American Idol,1,86.8,May/26/2010 04:02:03
713067,AI.2010.LEE,Lee DeWyze to win American Idol,20,82.6,May/26/2010 05:31:24
713067,AI.2010.LEE,Lee DeWyze to win American Idol,12,82.1,May/26/2010 05:31:34
713067,AI.2010.LEE,Lee DeWyze to win American Idol,5,83.8,May/26/2010 06:44:54
713067,AI.2010.LEE,Lee DeWyze to win American Idol,5,83.9,May/26/2010 06:45:01
713067,AI.2010.LEE,Lee DeWyze to win American Idol,1,85.9,May/26/2010 06:45:15
713067,AI.2010.LEE,Lee DeWyze to win American Idol,20,81.5,May/26/2010 07:15:15
713067,AI.2010.LEE,Lee DeWyze to win American Idol,18,80.2,May/26/2010 07:19:38
713067,AI.2010.LEE,Lee DeWyze to win American Idol,20,79.2,May/26/2010 12:21:38
713067,AI.2010.LEE,Lee DeWyze to win American Idol,16,78.4,May/26/2010 12:21:38
713067,AI.2010.LEE,Lee DeWyze to win American Idol,1,81.8,May/26/2010 13:17:08
713067,AI.2010.LEE,Lee DeWyze to win American Idol,2,77.9,May/26/2010 13:56:54
713067,AI.2010.LEE,Lee DeWyze to win American Idol,4,77.9,May/26/2010 14:40:28
713067,AI.2010.LEE,Lee DeWyze to win American Idol,10,82.2,May/26/2010 15:43:54
713067,AI.2010.LEE,Lee DeWyze to win American Idol,3,82.2,May/26/2010 15:56:19
713067,AI.2010.LEE,Lee DeWyze to win American Idol,1,81.7,May/26/2010 17:13:55
713067,AI.2010.LEE,Lee DeWyze to win American Idol,5,81.8,May/26/2010 17:17:52
713067,AI.2010.LEE,Lee DeWyze to win American Idol,4,81.8,May/26/2010 17:17:52
713067,AI.2010.LEE,Lee DeWyze to win American Idol,5,81.8,May/26/2010 17:31:47
713067,AI.2010.LEE,Lee DeWyze to win American Idol,5,81.8,May/26/2010 17:33:27
713067,AI.2010.LEE,Lee DeWyze to win American Idol,2,81.8,May/26/2010 17:37:29
713067,AI.2010.LEE,Lee DeWyze to win American Idol,8,81.8,May/26/2010 19:25:01
713067,AI.2010.LEE,Lee DeWyze to win American Idol,1,81.7,May/26/2010 19:25:01
713067,AI.2010.LEE,Lee DeWyze to win American Idol,10,81.8,May/26/2010 19:34:42
713067,AI.2010.LEE,Lee DeWyze to win American Idol,9,81.9,May/26/2010 19:35:32
713067,AI.2010.LEE,Lee DeWyze to win American Idol,980,80.1,May/26/2010 19:45:41
713067,AI.2010.LEE,Lee DeWyze to win American Idol,1,80.2,May/26/2010 19:45:41
713067,AI.2010.LEE,Lee DeWyze to win American Idol,16,85.0,May/26/2010 19:47:05
713067,AI.2010.LEE,Lee DeWyze to win American Idol,1,85.1,May/26/2010 19:47:15
713067,AI.2010.LEE,Lee DeWyze to win American Idol,1,85.0,May/26/2010 19:49:02
713067,AI.2010.LEE,Lee DeWyze to win American Idol,1,84.9,May/26/2010 19:49:02
713067,AI.2010.LEE,Lee DeWyze to win American Idol,1,84.7,May/26/2010 19:49:02
713067,AI.2010.LEE,Lee DeWyze to win American Idol,1,84.5,May/26/2010 19:49:02
713067,AI.2010.LEE,Lee DeWyze to win American Idol,1,84.3,May/26/2010 19:49:02
713067,AI.2010.LEE,Lee DeWyze to win American Idol,1,84.1,May/26/2010 19:49:02
713067,AI.2010.LEE,Lee DeWyze to win American Idol,1,83.9,May/26/2010 19:49:02
713067,AI.2010.LEE,Lee DeWyze to win American Idol,1,83.7,May/26/2010 19:49:02
713067,AI.2010.LEE,Lee DeWyze to win American Idol,1,83.5,May/26/2010 19:49:02
713067,AI.2010.LEE,Lee DeWyze to win American Idol,1,83.3,May/26/2010 19:49:02
713067,AI.2010.LEE,Lee DeWyze to win American Idol,1,83.1,May/26/2010 19:49:02
713067,AI.2010.LEE,Lee DeWyze to win American Idol,14,83.0,May/26/2010 19:49:02
713067,AI.2010.LEE,Lee DeWyze to win American Idol,1,82.9,May/26/2010 19:49:02
713067,AI.2010.LEE,Lee DeWyze to win American Idol,1,82.8,May/26/2010 19:49:02
713067,AI.2010.LEE,Lee DeWyze to win American Idol,23,86.6,May/26/2010 19:49:04
713067,AI.2010.LEE,Lee DeWyze to win American Idol,23,82.8,May/26/2010 19:49:30
713067,AI.2010.LEE,Lee DeWyze to win American Idol,10,86.6,May/26/2010 19:49:32
713067,AI.2010.LEE,Lee DeWyze to win American Idol,10,82.8,May/26/2010 19:50:14
713067,AI.2010.LEE,Lee DeWyze to win American Idol,10,84.8,May/26/2010 19:50:16
713067,AI.2010.LEE,Lee DeWyze to win American Idol,1,82.8,May/26/2010 20:36:11
713067,AI.2010.LEE,Lee DeWyze to win American Idol,1,82.7,May/26/2010 20:36:11
713067,AI.2010.LEE,Lee DeWyze to win American Idol,28,82.8,May/26/2010 20:36:11
713067,AI.2010.LEE,Lee DeWyze to win American Idol,1,80.2,May/26/2010 22:03:06
713067,AI.2010.LEE,Lee DeWyze to win American Idol,9,80.2,May/26/2010 22:03:06
713067,AI.2010.LEE,Lee DeWyze to win American Idol,20,80.1,May/26/2010 22:05:16
713067,AI.2010.LEE,Lee DeWyze to win American Idol,1,82.7,May/26/2010 22:28:13
713067,AI.2010.LEE,Lee DeWyze to win American Idol,1,80.0,May/26/2010 23:15:31
713067,AI.2010.LEE,Lee DeWyze to win American Idol,1,80.5,May/26/2010 23:15:31
713067,AI.2010.LEE,Lee DeWyze to win American Idol,3,77.9,May/26/2010 23:23:37
713067,AI.2010.LEE,Lee DeWyze to win American Idol,2,77.9,May/26/2010 23:36:52
713067,AI.2010.LEE,Lee DeWyze to win American Idol,4,76.3,May/27/2010 00:05:37
713067,AI.2010.LEE,Lee DeWyze to win American Idol,19,75.1,May/27/2010 00:10:51
713067,AI.2010.LEE,Lee DeWyze to win American Idol,1,76.5,May/27/2010 00:10:51
713067,AI.2010.LEE,Lee DeWyze to win American Idol,10,79.5,May/27/2010 00:14:38
713067,AI.2010.LEE,Lee DeWyze to win American Idol,202,79.6,May/27/2010 00:14:49
713067,AI.2010.LEE,Lee DeWyze to win American Idol,190,79.8,May/27/2010 00:15:20
713067,AI.2010.LEE,Lee DeWyze to win American Idol,2,80.0,May/27/2010 00:26:13
713067,AI.2010.LEE,Lee DeWyze to win American Idol,3,79.0,May/27/2010 00:32:41
713067,AI.2010.LEE,Lee DeWyze to win American Idol,1,80.0,May/27/2010 00:32:41
713067,AI.2010.LEE,Lee DeWyze to win American Idol,1,81.0,May/27/2010 00:58:30
713067,AI.2010.LEE,Lee DeWyze to win American Idol,1,80.0,May/27/2010 01:16:18
713067,AI.2010.LEE,Lee DeWyze to win American Idol,18,81.0,May/27/2010 01:18:03
713067,AI.2010.LEE,Lee DeWyze to win American Idol,2,80.0,May/27/2010 01:18:03
713067,AI.2010.LEE,Lee DeWyze to win American Idol,20,81.0,May/27/2010 01:18:49
713067,AI.2010.LEE,Lee DeWyze to win American Idol,90,77.5,May/27/2010 01:25:25
713067,AI.2010.LEE,Lee DeWyze to win American Idol,10,77.6,May/27/2010 01:25:25
713067,AI.2010.LEE,Lee DeWyze to win American Idol,10,77.6,May/27/2010 01:25:25
713067,AI.2010.LEE,Lee DeWyze to win American Idol,10,77.5,May/27/2010 01:25:43
713067,AI.2010.LEE,Lee DeWyze to win American Idol,1,80.9,May/27/2010 01:25:49
713067,AI.2010.LEE,Lee DeWyze to win American Idol,10,77.6,May/27/2010 01:26:37
713067,AI.2010.LEE,Lee DeWyze to win American Idol,1,80.9,May/27/2010 01:26:43
713067,AI.2010.LEE,Lee DeWyze to win American Idol,3,79.9,May/27/2010 01:31:32
713067,AI.2010.LEE,Lee DeWyze to win American Idol,5,79.9,May/27/2010 01:52:58
713067,AI.2010.LEE,Lee DeWyze to win American Idol,5,79.9,May/27/2010 01:53:15
713067,AI.2010.LEE,Lee DeWyze to win American Idol,10,99.2,May/27/2010 02:02:57
713067,AI.2010.LEE,Lee DeWyze to win American Idol,10,99.3,May/27/2010 02:02:57
713067,AI.2010.LEE,Lee DeWyze to win American Idol,10,99.4,May/27/2010 02:02:57
713067,AI.2010.LEE,Lee DeWyze to win American Idol,1,99.3,May/27/2010 02:02:57
713067,AI.2010.LEE,Lee DeWyze to win American Idol,869,99.4,May/27/2010 02:02:57
713067,AI.2010.LEE,Lee DeWyze to win American Idol,100,99.3,May/27/2010 02:04:12
713067,AI.2010.LEE,Lee DeWyze to win American Idol,849,99.3,May/27/2010 02:07:04
713067,AI.2010.LEE,Lee DeWyze to win American Idol,10,99.3,May/27/2010 02:18:07
713067,AI.2010.LEE,Lee DeWyze to win American Idol,16,99.4,May/27/2010 02:34:18
713067,AI.2010.LEE,Lee DeWyze to win American Idol,4,99.3,May/27/2010 02:50:50
713067,AI.2010.LEE,Lee DeWyze to win American Idol,1,99.3,May/27/2010 03:00:56
713067,AI.2010.LEE,Lee DeWyze to win American Idol,22,99.4,May/27/2010 03:27:44
713067,AI.2010.LEE,Lee DeWyze to win American Idol,58,99.4,May/27/2010 04:32:05
713067,AI.2010.LEE,Lee DeWyze to win American Idol,43,99.4,May/27/2010 05:14:20
713067,AI.2010.LEE,Lee DeWyze to win American Idol,1,99.4,May/27/2010 06:14:47
713067,AI.2010.LEE,Lee DeWyze to win American Idol,9,99.4,May/27/2010 06:14:59
713067,AI.2010.LEE,Lee DeWyze to win American Idol,20,99.4,May/27/2010 06:15:12
