market id,market symbol,market name,trade quantity,trade price,date/time [utc]
713088,AI.2010.DIDI,Didi Benami to win American Idol,5,10.0,Feb/22/2010 02:21:58
713088,AI.2010.DIDI,Didi Benami to win American Idol,1,9.0,Feb/22/2010 02:21:58
713088,AI.2010.DIDI,Didi Benami to win American Idol,1,9.5,Feb/22/2010 02:21:58
713088,AI.2010.DIDI,Didi Benami to win American Idol,1,7.9,Feb/22/2010 02:21:58
713088,AI.2010.DIDI,Didi Benami to win American Idol,1,8.9,Feb/22/2010 02:21:58
713088,AI.2010.DIDI,Didi Benami to win American Idol,1,9.9,Feb/22/2010 02:21:58
713088,AI.2010.DIDI,Didi Benami to win American Idol,14,10.0,Feb/22/2010 05:24:14
713088,AI.2010.DIDI,Didi Benami to win American Idol,1,9.9,Feb/22/2010 05:24:14
713088,AI.2010.DIDI,Didi Benami to win American Idol,1,9.9,Feb/23/2010 05:16:41
713088,AI.2010.DIDI,Didi Benami to win American Idol,1,11.9,Feb/23/2010 05:16:41
713088,AI.2010.DIDI,Didi Benami to win American Idol,10,12.5,Feb/23/2010 05:16:41
713088,AI.2010.DIDI,Didi Benami to win American Idol,1,10.9,Feb/23/2010 05:16:41
713088,AI.2010.DIDI,Didi Benami to win American Idol,1,12.9,Feb/23/2010 05:16:41
713088,AI.2010.DIDI,Didi Benami to win American Idol,2,14.9,Feb/23/2010 20:12:31
713088,AI.2010.DIDI,Didi Benami to win American Idol,1,14.9,Feb/23/2010 20:12:31
713088,AI.2010.DIDI,Didi Benami to win American Idol,18,15.0,Feb/23/2010 20:12:31
713088,AI.2010.DIDI,Didi Benami to win American Idol,1,13.0,Feb/24/2010 02:32:58
713088,AI.2010.DIDI,Didi Benami to win American Idol,1,10.5,Feb/24/2010 11:31:57
713088,AI.2010.DIDI,Didi Benami to win American Idol,1,10.9,Feb/24/2010 11:32:07
713088,AI.2010.DIDI,Didi Benami to win American Idol,1,11.4,Feb/24/2010 11:32:25
713088,AI.2010.DIDI,Didi Benami to win American Idol,10,11.7,Feb/24/2010 11:32:42
713088,AI.2010.DIDI,Didi Benami to win American Idol,2,8.5,Feb/24/2010 22:18:55
713088,AI.2010.DIDI,Didi Benami to win American Idol,1,8.5,Feb/24/2010 23:24:52
713088,AI.2010.DIDI,Didi Benami to win American Idol,1,9.7,Feb/25/2010 01:07:34
713088,AI.2010.DIDI,Didi Benami to win American Idol,1,9.0,Feb/25/2010 01:07:34
713088,AI.2010.DIDI,Didi Benami to win American Idol,1,8.9,Feb/25/2010 01:07:34
713088,AI.2010.DIDI,Didi Benami to win American Idol,2,9.4,Feb/25/2010 01:07:34
713088,AI.2010.DIDI,Didi Benami to win American Idol,2,9.5,Feb/25/2010 01:07:34
713088,AI.2010.DIDI,Didi Benami to win American Idol,1,9.5,Feb/25/2010 01:07:34
713088,AI.2010.DIDI,Didi Benami to win American Idol,1,8.9,Feb/25/2010 09:23:01
713088,AI.2010.DIDI,Didi Benami to win American Idol,3,9.3,Feb/25/2010 09:23:01
713088,AI.2010.DIDI,Didi Benami to win American Idol,2,9.0,Feb/25/2010 09:23:01
713088,AI.2010.DIDI,Didi Benami to win American Idol,2,8.9,Feb/25/2010 09:23:01
713088,AI.2010.DIDI,Didi Benami to win American Idol,2,9.4,Feb/25/2010 09:23:01
713088,AI.2010.DIDI,Didi Benami to win American Idol,2,9.7,Feb/25/2010 09:23:01
713088,AI.2010.DIDI,Didi Benami to win American Idol,20,9.9,Feb/25/2010 09:23:01
713088,AI.2010.DIDI,Didi Benami to win American Idol,2,9.9,Feb/25/2010 09:23:01
713088,AI.2010.DIDI,Didi Benami to win American Idol,1,9.9,Feb/25/2010 09:23:01
713088,AI.2010.DIDI,Didi Benami to win American Idol,10,9.9,Feb/25/2010 10:30:37
713088,AI.2010.DIDI,Didi Benami to win American Idol,5,8.7,Feb/26/2010 16:45:37
713088,AI.2010.DIDI,Didi Benami to win American Idol,20,8.8,Feb/26/2010 18:04:25
713088,AI.2010.DIDI,Didi Benami to win American Idol,5,8.8,Feb/27/2010 03:58:41
713088,AI.2010.DIDI,Didi Benami to win American Idol,3,9.5,Feb/27/2010 05:00:51
713088,AI.2010.DIDI,Didi Benami to win American Idol,3,8.9,Feb/27/2010 05:00:51
713088,AI.2010.DIDI,Didi Benami to win American Idol,1,9.5,Feb/27/2010 05:00:51
713088,AI.2010.DIDI,Didi Benami to win American Idol,3,9.8,Feb/27/2010 05:00:51
713088,AI.2010.DIDI,Didi Benami to win American Idol,1,10.8,Feb/27/2010 05:00:51
713088,AI.2010.DIDI,Didi Benami to win American Idol,20,10.0,Feb/27/2010 05:00:51
713088,AI.2010.DIDI,Didi Benami to win American Idol,1,11.7,Feb/27/2010 05:00:51
713088,AI.2010.DIDI,Didi Benami to win American Idol,1,10.4,Feb/27/2010 05:00:51
713088,AI.2010.DIDI,Didi Benami to win American Idol,1,11.4,Feb/27/2010 05:00:51
713088,AI.2010.DIDI,Didi Benami to win American Idol,1,12.4,Feb/27/2010 05:00:51
713088,AI.2010.DIDI,Didi Benami to win American Idol,2,9.9,Feb/27/2010 05:00:51
713088,AI.2010.DIDI,Didi Benami to win American Idol,225,12.9,Feb/27/2010 05:00:51
713088,AI.2010.DIDI,Didi Benami to win American Idol,23,11.5,Feb/27/2010 05:00:51
713088,AI.2010.DIDI,Didi Benami to win American Idol,1,9.9,Feb/27/2010 05:00:51
713088,AI.2010.DIDI,Didi Benami to win American Idol,2,12.4,Feb/27/2010 05:00:51
713088,AI.2010.DIDI,Didi Benami to win American Idol,2,10.8,Feb/27/2010 05:00:51
713088,AI.2010.DIDI,Didi Benami to win American Idol,1,12.9,Feb/27/2010 05:00:51
713088,AI.2010.DIDI,Didi Benami to win American Idol,1,12.4,Feb/27/2010 05:00:51
713088,AI.2010.DIDI,Didi Benami to win American Idol,1,11.9,Feb/27/2010 05:00:51
713088,AI.2010.DIDI,Didi Benami to win American Idol,1,10.9,Feb/27/2010 05:00:51
713088,AI.2010.DIDI,Didi Benami to win American Idol,1,10.4,Feb/27/2010 05:00:51
713088,AI.2010.DIDI,Didi Benami to win American Idol,2,10.9,Feb/27/2010 05:00:51
713088,AI.2010.DIDI,Didi Benami to win American Idol,2,11.4,Feb/27/2010 05:00:51
713088,AI.2010.DIDI,Didi Benami to win American Idol,1,12.5,Feb/27/2010 05:00:51
713088,AI.2010.DIDI,Didi Benami to win American Idol,1,11.5,Feb/27/2010 17:59:15
713088,AI.2010.DIDI,Didi Benami to win American Idol,5,9.3,Feb/28/2010 22:09:20
713088,AI.2010.DIDI,Didi Benami to win American Idol,1,9.2,Feb/28/2010 22:09:20
713088,AI.2010.DIDI,Didi Benami to win American Idol,20,9.0,Feb/28/2010 22:09:20
713088,AI.2010.DIDI,Didi Benami to win American Idol,1,8.9,Mar/01/2010 03:58:44
713088,AI.2010.DIDI,Didi Benami to win American Idol,3,9.0,Mar/01/2010 03:58:55
713088,AI.2010.DIDI,Didi Benami to win American Idol,30,9.1,Mar/01/2010 03:59:10
713088,AI.2010.DIDI,Didi Benami to win American Idol,1,9.5,Mar/01/2010 04:00:37
713088,AI.2010.DIDI,Didi Benami to win American Idol,10,9.6,Mar/01/2010 04:00:55
713088,AI.2010.DIDI,Didi Benami to win American Idol,10,9.6,Mar/01/2010 04:01:06
713088,AI.2010.DIDI,Didi Benami to win American Idol,2,9.8,Mar/01/2010 04:01:45
713088,AI.2010.DIDI,Didi Benami to win American Idol,4,8.7,Mar/02/2010 01:40:47
713088,AI.2010.DIDI,Didi Benami to win American Idol,1,8.8,Mar/02/2010 01:40:47
713088,AI.2010.DIDI,Didi Benami to win American Idol,8,9.8,Mar/02/2010 08:51:02
713088,AI.2010.DIDI,Didi Benami to win American Idol,1,9.0,Mar/02/2010 08:51:02
713088,AI.2010.DIDI,Didi Benami to win American Idol,2,9.7,Mar/02/2010 08:51:02
713088,AI.2010.DIDI,Didi Benami to win American Idol,2,9.9,Mar/02/2010 08:51:02
713088,AI.2010.DIDI,Didi Benami to win American Idol,37,9.9,Mar/02/2010 08:51:02
713088,AI.2010.DIDI,Didi Benami to win American Idol,1,9.6,Mar/03/2010 02:30:26
713088,AI.2010.DIDI,Didi Benami to win American Idol,1,9.4,Mar/03/2010 02:30:26
713088,AI.2010.DIDI,Didi Benami to win American Idol,1,9.8,Mar/03/2010 02:30:26
713088,AI.2010.DIDI,Didi Benami to win American Idol,20,10.0,Mar/03/2010 02:30:26
713088,AI.2010.DIDI,Didi Benami to win American Idol,1,10.0,Mar/03/2010 02:30:26
713088,AI.2010.DIDI,Didi Benami to win American Idol,4,10.0,Mar/03/2010 03:01:43
713088,AI.2010.DIDI,Didi Benami to win American Idol,4,10.0,Mar/03/2010 03:15:44
713088,AI.2010.DIDI,Didi Benami to win American Idol,5,10.0,Mar/03/2010 03:25:42
713088,AI.2010.DIDI,Didi Benami to win American Idol,3,10.0,Mar/03/2010 04:20:41
713088,AI.2010.DIDI,Didi Benami to win American Idol,1,9.1,Mar/03/2010 22:23:15
713088,AI.2010.DIDI,Didi Benami to win American Idol,1,9.9,Mar/04/2010 01:54:03
713088,AI.2010.DIDI,Didi Benami to win American Idol,1,9.9,Mar/04/2010 01:54:03
713088,AI.2010.DIDI,Didi Benami to win American Idol,2,9.9,Mar/04/2010 01:54:03
713088,AI.2010.DIDI,Didi Benami to win American Idol,6,9.9,Mar/04/2010 01:54:51
713088,AI.2010.DIDI,Didi Benami to win American Idol,20,8.0,Mar/04/2010 01:56:52
713088,AI.2010.DIDI,Didi Benami to win American Idol,2,8.1,Mar/04/2010 01:56:52
713088,AI.2010.DIDI,Didi Benami to win American Idol,5,6.5,Mar/04/2010 01:58:15
713088,AI.2010.DIDI,Didi Benami to win American Idol,10,6.6,Mar/04/2010 01:58:15
713088,AI.2010.DIDI,Didi Benami to win American Idol,5,6.6,Mar/04/2010 02:32:16
713088,AI.2010.DIDI,Didi Benami to win American Idol,5,6.6,Mar/04/2010 02:54:01
713088,AI.2010.DIDI,Didi Benami to win American Idol,5,6.5,Mar/04/2010 02:55:31
713088,AI.2010.DIDI,Didi Benami to win American Idol,5,6.5,Mar/04/2010 03:04:02
713088,AI.2010.DIDI,Didi Benami to win American Idol,1,6.4,Mar/04/2010 03:26:07
713088,AI.2010.DIDI,Didi Benami to win American Idol,5,6.4,Mar/04/2010 03:45:13
713088,AI.2010.DIDI,Didi Benami to win American Idol,1,6.5,Mar/04/2010 05:05:57
713088,AI.2010.DIDI,Didi Benami to win American Idol,10,6.5,Mar/04/2010 11:22:14
713088,AI.2010.DIDI,Didi Benami to win American Idol,2,6.1,Mar/04/2010 11:22:25
713088,AI.2010.DIDI,Didi Benami to win American Idol,2,5.9,Mar/04/2010 11:22:36
713088,AI.2010.DIDI,Didi Benami to win American Idol,2,5.5,Mar/04/2010 11:22:52
713088,AI.2010.DIDI,Didi Benami to win American Idol,10,5.2,Mar/04/2010 11:23:03
713088,AI.2010.DIDI,Didi Benami to win American Idol,20,5.0,Mar/04/2010 11:23:14
713088,AI.2010.DIDI,Didi Benami to win American Idol,17,5.0,Mar/04/2010 19:07:02
713088,AI.2010.DIDI,Didi Benami to win American Idol,10,5.3,Mar/04/2010 22:09:51
713088,AI.2010.DIDI,Didi Benami to win American Idol,1,5.3,Mar/04/2010 22:09:51
713088,AI.2010.DIDI,Didi Benami to win American Idol,31,5.4,Mar/04/2010 22:09:51
713088,AI.2010.DIDI,Didi Benami to win American Idol,3,5.0,Mar/04/2010 22:30:00
713088,AI.2010.DIDI,Didi Benami to win American Idol,1,5.1,Mar/04/2010 22:30:00
713088,AI.2010.DIDI,Didi Benami to win American Idol,1,4.9,Mar/05/2010 01:49:07
713088,AI.2010.DIDI,Didi Benami to win American Idol,4,4.7,Mar/08/2010 15:22:06
713088,AI.2010.DIDI,Didi Benami to win American Idol,5,4.7,Mar/08/2010 15:22:06
713088,AI.2010.DIDI,Didi Benami to win American Idol,4,4.8,Mar/08/2010 15:22:17
713088,AI.2010.DIDI,Didi Benami to win American Idol,5,4.8,Mar/08/2010 15:22:17
713088,AI.2010.DIDI,Didi Benami to win American Idol,10,4.8,Mar/08/2010 15:22:17
713088,AI.2010.DIDI,Didi Benami to win American Idol,461,4.9,Mar/08/2010 15:22:29
713088,AI.2010.DIDI,Didi Benami to win American Idol,3,4.9,Mar/08/2010 15:22:29
713088,AI.2010.DIDI,Didi Benami to win American Idol,1,4.9,Mar/08/2010 22:01:03
713088,AI.2010.DIDI,Didi Benami to win American Idol,1,4.8,Mar/08/2010 22:01:14
713088,AI.2010.DIDI,Didi Benami to win American Idol,1,4.8,Mar/08/2010 22:01:52
713088,AI.2010.DIDI,Didi Benami to win American Idol,1,4.8,Mar/08/2010 22:02:05
713088,AI.2010.DIDI,Didi Benami to win American Idol,1,4.8,Mar/08/2010 22:02:13
713088,AI.2010.DIDI,Didi Benami to win American Idol,1,4.8,Mar/08/2010 22:02:21
713088,AI.2010.DIDI,Didi Benami to win American Idol,1,4.8,Mar/08/2010 22:02:32
713088,AI.2010.DIDI,Didi Benami to win American Idol,1,4.8,Mar/08/2010 22:02:36
713088,AI.2010.DIDI,Didi Benami to win American Idol,1,4.8,Mar/08/2010 22:02:47
713088,AI.2010.DIDI,Didi Benami to win American Idol,1,4.8,Mar/08/2010 22:03:23
713088,AI.2010.DIDI,Didi Benami to win American Idol,1,4.8,Mar/08/2010 22:03:42
713088,AI.2010.DIDI,Didi Benami to win American Idol,1,4.8,Mar/08/2010 22:04:05
713088,AI.2010.DIDI,Didi Benami to win American Idol,1,4.8,Mar/08/2010 22:04:30
713088,AI.2010.DIDI,Didi Benami to win American Idol,1,4.8,Mar/08/2010 22:04:39
713088,AI.2010.DIDI,Didi Benami to win American Idol,1,4.8,Mar/08/2010 22:04:53
713088,AI.2010.DIDI,Didi Benami to win American Idol,1,4.8,Mar/08/2010 22:05:22
713088,AI.2010.DIDI,Didi Benami to win American Idol,1,4.8,Mar/08/2010 22:05:45
713088,AI.2010.DIDI,Didi Benami to win American Idol,1,4.8,Mar/08/2010 22:05:57
713088,AI.2010.DIDI,Didi Benami to win American Idol,1,4.8,Mar/08/2010 22:06:12
713088,AI.2010.DIDI,Didi Benami to win American Idol,1,4.8,Mar/08/2010 22:06:34
713088,AI.2010.DIDI,Didi Benami to win American Idol,1,4.8,Mar/08/2010 22:06:44
713088,AI.2010.DIDI,Didi Benami to win American Idol,1,4.8,Mar/08/2010 22:07:09
713088,AI.2010.DIDI,Didi Benami to win American Idol,1,4.8,Mar/08/2010 22:07:19
713088,AI.2010.DIDI,Didi Benami to win American Idol,1,4.8,Mar/08/2010 22:07:28
713088,AI.2010.DIDI,Didi Benami to win American Idol,1,4.8,Mar/08/2010 22:08:20
713088,AI.2010.DIDI,Didi Benami to win American Idol,1,4.8,Mar/08/2010 22:49:41
713088,AI.2010.DIDI,Didi Benami to win American Idol,1,4.8,Mar/08/2010 22:50:24
713088,AI.2010.DIDI,Didi Benami to win American Idol,1,4.8,Mar/08/2010 22:50:37
713088,AI.2010.DIDI,Didi Benami to win American Idol,4,4.8,Mar/09/2010 03:49:47
713088,AI.2010.DIDI,Didi Benami to win American Idol,1,4.8,Mar/09/2010 05:16:30
713088,AI.2010.DIDI,Didi Benami to win American Idol,1,4.8,Mar/09/2010 05:16:54
713088,AI.2010.DIDI,Didi Benami to win American Idol,1,4.8,Mar/09/2010 05:17:10
713088,AI.2010.DIDI,Didi Benami to win American Idol,1,4.8,Mar/09/2010 05:17:50
713088,AI.2010.DIDI,Didi Benami to win American Idol,1,4.8,Mar/09/2010 05:18:20
713088,AI.2010.DIDI,Didi Benami to win American Idol,1,4.8,Mar/09/2010 05:18:27
713088,AI.2010.DIDI,Didi Benami to win American Idol,1,4.8,Mar/09/2010 05:19:03
713088,AI.2010.DIDI,Didi Benami to win American Idol,1,4.8,Mar/09/2010 05:19:14
713088,AI.2010.DIDI,Didi Benami to win American Idol,11,4.8,Mar/09/2010 15:13:59
713088,AI.2010.DIDI,Didi Benami to win American Idol,2,4.6,Mar/09/2010 17:25:25
713088,AI.2010.DIDI,Didi Benami to win American Idol,14,4.5,Mar/09/2010 19:38:52
713088,AI.2010.DIDI,Didi Benami to win American Idol,3,4.5,Mar/10/2010 00:15:21
713088,AI.2010.DIDI,Didi Benami to win American Idol,1,4.5,Mar/10/2010 01:14:41
713088,AI.2010.DIDI,Didi Benami to win American Idol,1,4.9,Mar/10/2010 01:37:17
713088,AI.2010.DIDI,Didi Benami to win American Idol,4,4.7,Mar/10/2010 01:37:17
713088,AI.2010.DIDI,Didi Benami to win American Idol,5,4.9,Mar/10/2010 01:37:17
713088,AI.2010.DIDI,Didi Benami to win American Idol,1,5.0,Mar/10/2010 01:37:58
713088,AI.2010.DIDI,Didi Benami to win American Idol,20,5.0,Mar/10/2010 01:37:58
713088,AI.2010.DIDI,Didi Benami to win American Idol,1,4.9,Mar/10/2010 01:37:58
713088,AI.2010.DIDI,Didi Benami to win American Idol,2,4.9,Mar/10/2010 01:37:58
713088,AI.2010.DIDI,Didi Benami to win American Idol,1,5.3,Mar/10/2010 01:38:51
713088,AI.2010.DIDI,Didi Benami to win American Idol,2,5.7,Mar/10/2010 01:38:56
713088,AI.2010.DIDI,Didi Benami to win American Idol,1,5.8,Mar/10/2010 01:39:03
713088,AI.2010.DIDI,Didi Benami to win American Idol,4,5.9,Mar/10/2010 01:39:13
713088,AI.2010.DIDI,Didi Benami to win American Idol,4,5.9,Mar/10/2010 01:39:13
713088,AI.2010.DIDI,Didi Benami to win American Idol,1,5.9,Mar/10/2010 01:39:13
713088,AI.2010.DIDI,Didi Benami to win American Idol,1,5.9,Mar/10/2010 01:39:13
713088,AI.2010.DIDI,Didi Benami to win American Idol,2,5.9,Mar/10/2010 01:39:13
713088,AI.2010.DIDI,Didi Benami to win American Idol,1,5.9,Mar/10/2010 01:39:13
713088,AI.2010.DIDI,Didi Benami to win American Idol,1,6.0,Mar/10/2010 01:44:38
713088,AI.2010.DIDI,Didi Benami to win American Idol,1,5.9,Mar/10/2010 01:44:38
713088,AI.2010.DIDI,Didi Benami to win American Idol,1,6.0,Mar/10/2010 01:44:38
713088,AI.2010.DIDI,Didi Benami to win American Idol,1,6.0,Mar/10/2010 01:44:38
713088,AI.2010.DIDI,Didi Benami to win American Idol,42,6.1,Mar/10/2010 02:21:32
713088,AI.2010.DIDI,Didi Benami to win American Idol,8,6.2,Mar/10/2010 02:21:32
713088,AI.2010.DIDI,Didi Benami to win American Idol,1,6.4,Mar/10/2010 06:27:46
713088,AI.2010.DIDI,Didi Benami to win American Idol,1,6.5,Mar/10/2010 06:27:55
713088,AI.2010.DIDI,Didi Benami to win American Idol,1,6.5,Mar/10/2010 06:27:55
713088,AI.2010.DIDI,Didi Benami to win American Idol,1,6.5,Mar/10/2010 06:27:55
713088,AI.2010.DIDI,Didi Benami to win American Idol,1,6.8,Mar/10/2010 06:28:08
713088,AI.2010.DIDI,Didi Benami to win American Idol,2,6.9,Mar/10/2010 06:28:17
713088,AI.2010.DIDI,Didi Benami to win American Idol,2,6.9,Mar/10/2010 06:28:17
713088,AI.2010.DIDI,Didi Benami to win American Idol,2,6.9,Mar/10/2010 06:28:17
713088,AI.2010.DIDI,Didi Benami to win American Idol,4,6.9,Mar/10/2010 06:28:17
713088,AI.2010.DIDI,Didi Benami to win American Idol,1,6.9,Mar/10/2010 06:28:17
713088,AI.2010.DIDI,Didi Benami to win American Idol,1,6.2,Mar/10/2010 21:17:49
713088,AI.2010.DIDI,Didi Benami to win American Idol,1,6.2,Mar/10/2010 21:44:49
713088,AI.2010.DIDI,Didi Benami to win American Idol,1,6.2,Mar/10/2010 21:49:47
713088,AI.2010.DIDI,Didi Benami to win American Idol,1,6.2,Mar/10/2010 21:49:58
713088,AI.2010.DIDI,Didi Benami to win American Idol,2,6.2,Mar/10/2010 21:52:55
713088,AI.2010.DIDI,Didi Benami to win American Idol,1,6.2,Mar/10/2010 21:53:06
713088,AI.2010.DIDI,Didi Benami to win American Idol,1,6.2,Mar/10/2010 21:53:17
713088,AI.2010.DIDI,Didi Benami to win American Idol,2,6.2,Mar/10/2010 21:53:28
713088,AI.2010.DIDI,Didi Benami to win American Idol,1,6.1,Mar/10/2010 21:53:40
713088,AI.2010.DIDI,Didi Benami to win American Idol,5,6.1,Mar/11/2010 02:41:16
713088,AI.2010.DIDI,Didi Benami to win American Idol,2,6.1,Mar/11/2010 03:52:15
713088,AI.2010.DIDI,Didi Benami to win American Idol,1,6.0,Mar/11/2010 03:52:15
713088,AI.2010.DIDI,Didi Benami to win American Idol,1,6.2,Mar/11/2010 04:35:37
713088,AI.2010.DIDI,Didi Benami to win American Idol,2,6.2,Mar/11/2010 07:32:04
713088,AI.2010.DIDI,Didi Benami to win American Idol,1,6.4,Mar/11/2010 07:32:13
713088,AI.2010.DIDI,Didi Benami to win American Idol,2,6.5,Mar/11/2010 07:32:23
713088,AI.2010.DIDI,Didi Benami to win American Idol,1,6.7,Mar/11/2010 07:32:35
713088,AI.2010.DIDI,Didi Benami to win American Idol,5,6.8,Mar/11/2010 07:32:46
713088,AI.2010.DIDI,Didi Benami to win American Idol,4,6.9,Mar/11/2010 07:32:56
713088,AI.2010.DIDI,Didi Benami to win American Idol,5,6.9,Mar/11/2010 07:32:56
713088,AI.2010.DIDI,Didi Benami to win American Idol,1,6.9,Mar/11/2010 07:32:56
713088,AI.2010.DIDI,Didi Benami to win American Idol,2,7.0,Mar/11/2010 07:37:41
713088,AI.2010.DIDI,Didi Benami to win American Idol,4,7.0,Mar/11/2010 07:37:41
713088,AI.2010.DIDI,Didi Benami to win American Idol,2,7.0,Mar/11/2010 07:37:41
713088,AI.2010.DIDI,Didi Benami to win American Idol,1,7.0,Mar/11/2010 07:37:41
713088,AI.2010.DIDI,Didi Benami to win American Idol,2,7.0,Mar/11/2010 07:37:41
713088,AI.2010.DIDI,Didi Benami to win American Idol,4,7.0,Mar/12/2010 03:16:02
713088,AI.2010.DIDI,Didi Benami to win American Idol,1,7.6,Mar/12/2010 03:16:02
713088,AI.2010.DIDI,Didi Benami to win American Idol,1,7.3,Mar/12/2010 03:16:02
713088,AI.2010.DIDI,Didi Benami to win American Idol,1,7.1,Mar/12/2010 03:16:02
713088,AI.2010.DIDI,Didi Benami to win American Idol,54,7.7,Mar/12/2010 03:16:02
713088,AI.2010.DIDI,Didi Benami to win American Idol,5,7.3,Mar/12/2010 03:16:02
713088,AI.2010.DIDI,Didi Benami to win American Idol,5,7.2,Mar/12/2010 03:16:02
713088,AI.2010.DIDI,Didi Benami to win American Idol,5,7.3,Mar/12/2010 03:16:02
713088,AI.2010.DIDI,Didi Benami to win American Idol,2,7.4,Mar/12/2010 03:16:02
713088,AI.2010.DIDI,Didi Benami to win American Idol,3,7.5,Mar/12/2010 03:16:02
713088,AI.2010.DIDI,Didi Benami to win American Idol,1,7.3,Mar/12/2010 03:16:02
713088,AI.2010.DIDI,Didi Benami to win American Idol,2,7.5,Mar/12/2010 03:16:02
713088,AI.2010.DIDI,Didi Benami to win American Idol,1,7.5,Mar/12/2010 03:16:02
713088,AI.2010.DIDI,Didi Benami to win American Idol,5,7.3,Mar/12/2010 03:16:02
713088,AI.2010.DIDI,Didi Benami to win American Idol,1,7.9,Mar/12/2010 03:16:37
713088,AI.2010.DIDI,Didi Benami to win American Idol,1,7.7,Mar/12/2010 03:16:37
713088,AI.2010.DIDI,Didi Benami to win American Idol,1,7.9,Mar/12/2010 03:16:37
713088,AI.2010.DIDI,Didi Benami to win American Idol,2,7.9,Mar/12/2010 03:16:37
713088,AI.2010.DIDI,Didi Benami to win American Idol,3,7.9,Mar/12/2010 03:16:37
713088,AI.2010.DIDI,Didi Benami to win American Idol,1,7.9,Mar/12/2010 03:16:37
713088,AI.2010.DIDI,Didi Benami to win American Idol,2,7.9,Mar/12/2010 03:16:37
713088,AI.2010.DIDI,Didi Benami to win American Idol,2,7.9,Mar/12/2010 03:16:37
713088,AI.2010.DIDI,Didi Benami to win American Idol,1,7.9,Mar/12/2010 03:16:37
713088,AI.2010.DIDI,Didi Benami to win American Idol,1,7.9,Mar/12/2010 03:16:37
713088,AI.2010.DIDI,Didi Benami to win American Idol,1,7.9,Mar/12/2010 03:16:37
713088,AI.2010.DIDI,Didi Benami to win American Idol,6,7.5,Mar/13/2010 19:48:26
713088,AI.2010.DIDI,Didi Benami to win American Idol,20,7.9,Mar/13/2010 19:48:26
713088,AI.2010.DIDI,Didi Benami to win American Idol,4,7.9,Mar/14/2010 02:06:40
713088,AI.2010.DIDI,Didi Benami to win American Idol,200,8.0,Mar/14/2010 08:32:58
713088,AI.2010.DIDI,Didi Benami to win American Idol,8,8.0,Mar/15/2010 00:58:21
713088,AI.2010.DIDI,Didi Benami to win American Idol,192,8.0,Mar/15/2010 06:13:22
713088,AI.2010.DIDI,Didi Benami to win American Idol,60,8.5,Mar/16/2010 17:36:56
713088,AI.2010.DIDI,Didi Benami to win American Idol,54,8.5,Mar/16/2010 17:55:46
713088,AI.2010.DIDI,Didi Benami to win American Idol,1,7.2,Mar/16/2010 23:27:10
713088,AI.2010.DIDI,Didi Benami to win American Idol,1,8.5,Mar/17/2010 01:03:53
713088,AI.2010.DIDI,Didi Benami to win American Idol,1,7.9,Mar/17/2010 01:03:53
713088,AI.2010.DIDI,Didi Benami to win American Idol,86,8.5,Mar/17/2010 01:03:53
713088,AI.2010.DIDI,Didi Benami to win American Idol,2,8.4,Mar/17/2010 01:03:53
713088,AI.2010.DIDI,Didi Benami to win American Idol,10,8.5,Mar/17/2010 01:10:42
713088,AI.2010.DIDI,Didi Benami to win American Idol,20,6.9,Mar/17/2010 01:21:30
713088,AI.2010.DIDI,Didi Benami to win American Idol,2,6.8,Mar/17/2010 01:22:11
713088,AI.2010.DIDI,Didi Benami to win American Idol,2,7.0,Mar/17/2010 01:42:52
713088,AI.2010.DIDI,Didi Benami to win American Idol,1,7.0,Mar/17/2010 06:01:45
713088,AI.2010.DIDI,Didi Benami to win American Idol,1,7.0,Mar/17/2010 19:10:12
713088,AI.2010.DIDI,Didi Benami to win American Idol,1,7.1,Mar/17/2010 19:48:27
713088,AI.2010.DIDI,Didi Benami to win American Idol,2,7.1,Mar/17/2010 19:48:39
713088,AI.2010.DIDI,Didi Benami to win American Idol,1,7.1,Mar/17/2010 19:49:57
713088,AI.2010.DIDI,Didi Benami to win American Idol,4,7.0,Mar/18/2010 12:24:21
713088,AI.2010.DIDI,Didi Benami to win American Idol,1,7.0,Mar/18/2010 12:42:17
713088,AI.2010.DIDI,Didi Benami to win American Idol,1,8.8,Mar/19/2010 01:38:27
713088,AI.2010.DIDI,Didi Benami to win American Idol,1,8.5,Mar/19/2010 01:38:27
713088,AI.2010.DIDI,Didi Benami to win American Idol,2,8.9,Mar/19/2010 01:38:27
713088,AI.2010.DIDI,Didi Benami to win American Idol,10,8.4,Mar/19/2010 01:38:27
713088,AI.2010.DIDI,Didi Benami to win American Idol,1,9.5,Mar/19/2010 01:38:27
713088,AI.2010.DIDI,Didi Benami to win American Idol,20,8.5,Mar/19/2010 01:38:27
713088,AI.2010.DIDI,Didi Benami to win American Idol,1,8.4,Mar/19/2010 01:38:27
713088,AI.2010.DIDI,Didi Benami to win American Idol,1,8.0,Mar/19/2010 01:38:27
713088,AI.2010.DIDI,Didi Benami to win American Idol,10,9.8,Mar/19/2010 01:38:27
713088,AI.2010.DIDI,Didi Benami to win American Idol,1,8.4,Mar/19/2010 01:38:27
713088,AI.2010.DIDI,Didi Benami to win American Idol,2,9.4,Mar/19/2010 01:38:27
713088,AI.2010.DIDI,Didi Benami to win American Idol,235,9.8,Mar/19/2010 01:38:27
713088,AI.2010.DIDI,Didi Benami to win American Idol,1,8.9,Mar/19/2010 01:38:27
713088,AI.2010.DIDI,Didi Benami to win American Idol,2,9.0,Mar/19/2010 01:38:27
713088,AI.2010.DIDI,Didi Benami to win American Idol,1,9.5,Mar/19/2010 01:38:27
713088,AI.2010.DIDI,Didi Benami to win American Idol,1,9.5,Mar/19/2010 01:38:27
713088,AI.2010.DIDI,Didi Benami to win American Idol,1,9.5,Mar/19/2010 01:38:27
713088,AI.2010.DIDI,Didi Benami to win American Idol,1,9.7,Mar/19/2010 01:38:27
713088,AI.2010.DIDI,Didi Benami to win American Idol,1,9.7,Mar/19/2010 01:38:27
713088,AI.2010.DIDI,Didi Benami to win American Idol,1,9.5,Mar/19/2010 01:38:27
713088,AI.2010.DIDI,Didi Benami to win American Idol,1,8.9,Mar/19/2010 01:38:27
713088,AI.2010.DIDI,Didi Benami to win American Idol,2,9.4,Mar/19/2010 01:38:27
713088,AI.2010.DIDI,Didi Benami to win American Idol,2,8.9,Mar/19/2010 01:38:27
713088,AI.2010.DIDI,Didi Benami to win American Idol,1,9.5,Mar/19/2010 01:38:27
713088,AI.2010.DIDI,Didi Benami to win American Idol,1,9.5,Mar/19/2010 05:06:30
713088,AI.2010.DIDI,Didi Benami to win American Idol,55,9.8,Mar/19/2010 05:06:30
713088,AI.2010.DIDI,Didi Benami to win American Idol,1,9.7,Mar/19/2010 05:06:30
713088,AI.2010.DIDI,Didi Benami to win American Idol,1,9.7,Mar/19/2010 05:06:30
713088,AI.2010.DIDI,Didi Benami to win American Idol,1,8.1,Mar/20/2010 10:01:24
713088,AI.2010.DIDI,Didi Benami to win American Idol,78,10.7,Mar/21/2010 02:09:12
713088,AI.2010.DIDI,Didi Benami to win American Idol,2,10.0,Mar/21/2010 02:09:12
713088,AI.2010.DIDI,Didi Benami to win American Idol,1,10.8,Mar/21/2010 02:09:12
713088,AI.2010.DIDI,Didi Benami to win American Idol,1,9.9,Mar/21/2010 02:09:12
713088,AI.2010.DIDI,Didi Benami to win American Idol,1,8.2,Mar/21/2010 02:09:12
713088,AI.2010.DIDI,Didi Benami to win American Idol,1,10.0,Mar/21/2010 02:09:12
713088,AI.2010.DIDI,Didi Benami to win American Idol,65,10.8,Mar/21/2010 02:09:12
713088,AI.2010.DIDI,Didi Benami to win American Idol,1,9.8,Mar/21/2010 02:09:12
713088,AI.2010.DIDI,Didi Benami to win American Idol,20,9.8,Mar/21/2010 02:09:12
713088,AI.2010.DIDI,Didi Benami to win American Idol,1,9.5,Mar/21/2010 02:09:12
713088,AI.2010.DIDI,Didi Benami to win American Idol,1,8.9,Mar/21/2010 02:09:12
713088,AI.2010.DIDI,Didi Benami to win American Idol,2,8.9,Mar/21/2010 02:09:12
713088,AI.2010.DIDI,Didi Benami to win American Idol,2,9.7,Mar/21/2010 02:09:12
713088,AI.2010.DIDI,Didi Benami to win American Idol,1,8.5,Mar/21/2010 02:09:12
713088,AI.2010.DIDI,Didi Benami to win American Idol,10,10.5,Mar/21/2010 02:09:12
713088,AI.2010.DIDI,Didi Benami to win American Idol,1,10.4,Mar/21/2010 02:09:12
713088,AI.2010.DIDI,Didi Benami to win American Idol,1,10.5,Mar/21/2010 02:09:12
713088,AI.2010.DIDI,Didi Benami to win American Idol,1,9.9,Mar/21/2010 02:09:12
713088,AI.2010.DIDI,Didi Benami to win American Idol,1,9.9,Mar/21/2010 02:09:12
713088,AI.2010.DIDI,Didi Benami to win American Idol,1,10.7,Mar/21/2010 02:09:12
713088,AI.2010.DIDI,Didi Benami to win American Idol,1,10.5,Mar/21/2010 02:09:12
713088,AI.2010.DIDI,Didi Benami to win American Idol,1,9.9,Mar/21/2010 02:09:12
713088,AI.2010.DIDI,Didi Benami to win American Idol,1,10.0,Mar/21/2010 02:09:12
713088,AI.2010.DIDI,Didi Benami to win American Idol,1,9.9,Mar/21/2010 02:09:12
713088,AI.2010.DIDI,Didi Benami to win American Idol,1,10.5,Mar/21/2010 02:09:12
713088,AI.2010.DIDI,Didi Benami to win American Idol,1,9.9,Mar/21/2010 02:09:12
713088,AI.2010.DIDI,Didi Benami to win American Idol,1,9.9,Mar/21/2010 02:09:12
713088,AI.2010.DIDI,Didi Benami to win American Idol,1,10.5,Mar/21/2010 02:09:12
713088,AI.2010.DIDI,Didi Benami to win American Idol,1,10.0,Mar/21/2010 03:07:23
713088,AI.2010.DIDI,Didi Benami to win American Idol,1,10.0,Mar/21/2010 03:07:34
713088,AI.2010.DIDI,Didi Benami to win American Idol,2,10.0,Mar/21/2010 03:07:45
713088,AI.2010.DIDI,Didi Benami to win American Idol,1,10.0,Mar/21/2010 03:07:57
713088,AI.2010.DIDI,Didi Benami to win American Idol,2,10.0,Mar/21/2010 03:08:08
713088,AI.2010.DIDI,Didi Benami to win American Idol,1,10.0,Mar/21/2010 03:08:19
713088,AI.2010.DIDI,Didi Benami to win American Idol,2,10.0,Mar/21/2010 03:08:31
713088,AI.2010.DIDI,Didi Benami to win American Idol,2,10.0,Mar/21/2010 03:08:42
713088,AI.2010.DIDI,Didi Benami to win American Idol,2,10.0,Mar/21/2010 03:08:53
713088,AI.2010.DIDI,Didi Benami to win American Idol,2,10.0,Mar/21/2010 03:09:04
713088,AI.2010.DIDI,Didi Benami to win American Idol,100,10.0,Mar/21/2010 03:10:05
713088,AI.2010.DIDI,Didi Benami to win American Idol,1,10.0,Mar/21/2010 03:21:18
713088,AI.2010.DIDI,Didi Benami to win American Idol,5,10.0,Mar/21/2010 03:21:29
713088,AI.2010.DIDI,Didi Benami to win American Idol,2,10.0,Mar/21/2010 03:21:41
713088,AI.2010.DIDI,Didi Benami to win American Idol,1,10.0,Mar/21/2010 03:21:52
713088,AI.2010.DIDI,Didi Benami to win American Idol,1,10.0,Mar/21/2010 03:22:03
713088,AI.2010.DIDI,Didi Benami to win American Idol,1,10.6,Mar/21/2010 05:40:06
713088,AI.2010.DIDI,Didi Benami to win American Idol,1,10.4,Mar/21/2010 05:40:23
713088,AI.2010.DIDI,Didi Benami to win American Idol,124,10.0,Mar/21/2010 20:22:55
713088,AI.2010.DIDI,Didi Benami to win American Idol,100,9.5,Mar/22/2010 14:06:54
713088,AI.2010.DIDI,Didi Benami to win American Idol,86,10.0,Mar/22/2010 17:24:52
713088,AI.2010.DIDI,Didi Benami to win American Idol,50,9.5,Mar/23/2010 00:59:26
713088,AI.2010.DIDI,Didi Benami to win American Idol,1,8.8,Mar/23/2010 01:17:31
713088,AI.2010.DIDI,Didi Benami to win American Idol,1,8.7,Mar/23/2010 01:19:35
713088,AI.2010.DIDI,Didi Benami to win American Idol,2,8.6,Mar/23/2010 01:39:43
713088,AI.2010.DIDI,Didi Benami to win American Idol,2,8.6,Mar/23/2010 01:39:54
713088,AI.2010.DIDI,Didi Benami to win American Idol,3,8.6,Mar/23/2010 01:40:05
713088,AI.2010.DIDI,Didi Benami to win American Idol,3,8.6,Mar/23/2010 01:40:16
713088,AI.2010.DIDI,Didi Benami to win American Idol,2,8.5,Mar/23/2010 01:40:28
713088,AI.2010.DIDI,Didi Benami to win American Idol,3,8.5,Mar/23/2010 01:43:00
713088,AI.2010.DIDI,Didi Benami to win American Idol,2,8.5,Mar/23/2010 01:43:12
713088,AI.2010.DIDI,Didi Benami to win American Idol,3,8.5,Mar/23/2010 01:43:40
713088,AI.2010.DIDI,Didi Benami to win American Idol,1,8.5,Mar/23/2010 01:44:05
713088,AI.2010.DIDI,Didi Benami to win American Idol,2,8.5,Mar/23/2010 01:47:58
713088,AI.2010.DIDI,Didi Benami to win American Idol,10,9.4,Mar/23/2010 04:35:01
713088,AI.2010.DIDI,Didi Benami to win American Idol,1,9.0,Mar/23/2010 04:35:01
713088,AI.2010.DIDI,Didi Benami to win American Idol,34,9.5,Mar/23/2010 04:35:01
713088,AI.2010.DIDI,Didi Benami to win American Idol,2,8.5,Mar/23/2010 04:43:54
713088,AI.2010.DIDI,Didi Benami to win American Idol,1,9.1,Mar/23/2010 15:13:16
713088,AI.2010.DIDI,Didi Benami to win American Idol,1,8.9,Mar/23/2010 15:23:24
713088,AI.2010.DIDI,Didi Benami to win American Idol,1,8.9,Mar/23/2010 15:23:35
713088,AI.2010.DIDI,Didi Benami to win American Idol,3,8.7,Mar/23/2010 15:23:46
713088,AI.2010.DIDI,Didi Benami to win American Idol,1,8.5,Mar/23/2010 15:23:58
713088,AI.2010.DIDI,Didi Benami to win American Idol,4,8.5,Mar/24/2010 01:53:53
713088,AI.2010.DIDI,Didi Benami to win American Idol,1,8.2,Mar/24/2010 02:12:13
713088,AI.2010.DIDI,Didi Benami to win American Idol,8,8.2,Mar/24/2010 05:42:03
713088,AI.2010.DIDI,Didi Benami to win American Idol,2,8.3,Mar/24/2010 05:42:03
713088,AI.2010.DIDI,Didi Benami to win American Idol,14,8.2,Mar/24/2010 12:04:50
713088,AI.2010.DIDI,Didi Benami to win American Idol,2,8.2,Mar/24/2010 12:04:50
713088,AI.2010.DIDI,Didi Benami to win American Idol,100,8.1,Mar/24/2010 12:05:08
713088,AI.2010.DIDI,Didi Benami to win American Idol,2,7.9,Mar/24/2010 13:51:18
713088,AI.2010.DIDI,Didi Benami to win American Idol,90,7.9,Mar/24/2010 17:44:30
713088,AI.2010.DIDI,Didi Benami to win American Idol,1,8.0,Mar/24/2010 17:44:30
713088,AI.2010.DIDI,Didi Benami to win American Idol,1,7.9,Mar/24/2010 17:44:30
713088,AI.2010.DIDI,Didi Benami to win American Idol,1,8.0,Mar/24/2010 19:22:27
713088,AI.2010.DIDI,Didi Benami to win American Idol,7,8.0,Mar/24/2010 21:33:31
713088,AI.2010.DIDI,Didi Benami to win American Idol,1,7.8,Mar/25/2010 01:40:39
713088,AI.2010.DIDI,Didi Benami to win American Idol,1,7.7,Mar/25/2010 01:40:39
713088,AI.2010.DIDI,Didi Benami to win American Idol,50,7.9,Mar/25/2010 01:40:39
713088,AI.2010.DIDI,Didi Benami to win American Idol,50,8.7,Mar/25/2010 01:40:39
713088,AI.2010.DIDI,Didi Benami to win American Idol,1,7.9,Mar/25/2010 01:40:39
713088,AI.2010.DIDI,Didi Benami to win American Idol,1,7.9,Mar/25/2010 01:40:39
713088,AI.2010.DIDI,Didi Benami to win American Idol,1,7.8,Mar/25/2010 01:40:39
713088,AI.2010.DIDI,Didi Benami to win American Idol,1,7.5,Mar/25/2010 01:40:39
713088,AI.2010.DIDI,Didi Benami to win American Idol,1,7.4,Mar/25/2010 01:40:39
713088,AI.2010.DIDI,Didi Benami to win American Idol,1,8.9,Mar/25/2010 01:40:39
713088,AI.2010.DIDI,Didi Benami to win American Idol,1,8.1,Mar/25/2010 01:40:39
713088,AI.2010.DIDI,Didi Benami to win American Idol,1,8.1,Mar/25/2010 01:40:39
713088,AI.2010.DIDI,Didi Benami to win American Idol,2,9.0,Mar/25/2010 01:40:39
713088,AI.2010.DIDI,Didi Benami to win American Idol,1,7.0,Mar/25/2010 21:41:44
713088,AI.2010.DIDI,Didi Benami to win American Idol,1,7.3,Mar/26/2010 07:15:57
713088,AI.2010.DIDI,Didi Benami to win American Idol,2,7.0,Mar/26/2010 07:15:57
713088,AI.2010.DIDI,Didi Benami to win American Idol,2,6.9,Mar/26/2010 07:15:57
713088,AI.2010.DIDI,Didi Benami to win American Idol,32,7.4,Mar/26/2010 07:15:57
713088,AI.2010.DIDI,Didi Benami to win American Idol,1,7.2,Mar/26/2010 07:15:57
713088,AI.2010.DIDI,Didi Benami to win American Idol,4,6.5,Mar/26/2010 07:15:57
713088,AI.2010.DIDI,Didi Benami to win American Idol,1,7.3,Mar/26/2010 07:15:57
713088,AI.2010.DIDI,Didi Benami to win American Idol,20,7.4,Mar/26/2010 07:15:57
713088,AI.2010.DIDI,Didi Benami to win American Idol,400,7.5,Mar/26/2010 07:15:57
713088,AI.2010.DIDI,Didi Benami to win American Idol,7,7.5,Mar/26/2010 18:43:38
713088,AI.2010.DIDI,Didi Benami to win American Idol,30,7.6,Mar/26/2010 18:57:12
713088,AI.2010.DIDI,Didi Benami to win American Idol,4,7.6,Mar/26/2010 18:57:12
713088,AI.2010.DIDI,Didi Benami to win American Idol,500,7.6,Mar/26/2010 18:57:12
713088,AI.2010.DIDI,Didi Benami to win American Idol,500,7.4,Mar/27/2010 20:30:15
713088,AI.2010.DIDI,Didi Benami to win American Idol,5,7.4,Mar/28/2010 06:00:07
713088,AI.2010.DIDI,Didi Benami to win American Idol,500,7.4,Mar/28/2010 06:00:07
713088,AI.2010.DIDI,Didi Benami to win American Idol,500,5.8,Mar/29/2010 22:31:13
713088,AI.2010.DIDI,Didi Benami to win American Idol,1,5.9,Mar/30/2010 02:55:54
713088,AI.2010.DIDI,Didi Benami to win American Idol,74,6.9,Mar/30/2010 05:23:12
713088,AI.2010.DIDI,Didi Benami to win American Idol,100,6.8,Mar/30/2010 05:23:12
713088,AI.2010.DIDI,Didi Benami to win American Idol,90,6.7,Mar/30/2010 05:23:12
713088,AI.2010.DIDI,Didi Benami to win American Idol,2,6.0,Mar/30/2010 05:23:12
713088,AI.2010.DIDI,Didi Benami to win American Idol,1,6.7,Mar/30/2010 05:23:12
713088,AI.2010.DIDI,Didi Benami to win American Idol,2,6.5,Mar/30/2010 05:23:12
713088,AI.2010.DIDI,Didi Benami to win American Idol,20,6.8,Mar/30/2010 05:23:12
713088,AI.2010.DIDI,Didi Benami to win American Idol,1,6.7,Mar/30/2010 05:23:12
713088,AI.2010.DIDI,Didi Benami to win American Idol,4,6.5,Mar/30/2010 05:23:12
713088,AI.2010.DIDI,Didi Benami to win American Idol,1,6.2,Mar/30/2010 05:23:12
713088,AI.2010.DIDI,Didi Benami to win American Idol,1,6.3,Mar/30/2010 05:23:12
713088,AI.2010.DIDI,Didi Benami to win American Idol,1,6.4,Mar/30/2010 05:23:12
713088,AI.2010.DIDI,Didi Benami to win American Idol,1,6.5,Mar/30/2010 05:23:12
713088,AI.2010.DIDI,Didi Benami to win American Idol,1,6.6,Mar/30/2010 05:23:12
713088,AI.2010.DIDI,Didi Benami to win American Idol,1,5.9,Mar/30/2010 05:23:12
713088,AI.2010.DIDI,Didi Benami to win American Idol,40,5.9,Mar/30/2010 16:23:46
713088,AI.2010.DIDI,Didi Benami to win American Idol,20,5.8,Mar/30/2010 16:23:57
713088,AI.2010.DIDI,Didi Benami to win American Idol,1,5.2,Mar/31/2010 01:24:12
713088,AI.2010.DIDI,Didi Benami to win American Idol,1,5.1,Mar/31/2010 01:24:12
713088,AI.2010.DIDI,Didi Benami to win American Idol,20,5.0,Mar/31/2010 01:43:23
713088,AI.2010.DIDI,Didi Benami to win American Idol,1,5.0,Mar/31/2010 01:43:23
713088,AI.2010.DIDI,Didi Benami to win American Idol,1,4.8,Mar/31/2010 01:44:13
713088,AI.2010.DIDI,Didi Benami to win American Idol,1,4.9,Mar/31/2010 01:44:13
713088,AI.2010.DIDI,Didi Benami to win American Idol,1,4.7,Mar/31/2010 01:44:13
713088,AI.2010.DIDI,Didi Benami to win American Idol,1,4.6,Mar/31/2010 01:44:13
713088,AI.2010.DIDI,Didi Benami to win American Idol,1,4.5,Mar/31/2010 01:44:13
713088,AI.2010.DIDI,Didi Benami to win American Idol,1,4.2,Mar/31/2010 01:47:38
713088,AI.2010.DIDI,Didi Benami to win American Idol,1,4.3,Mar/31/2010 01:47:38
713088,AI.2010.DIDI,Didi Benami to win American Idol,1,4.4,Mar/31/2010 01:47:38
713088,AI.2010.DIDI,Didi Benami to win American Idol,1,4.0,Mar/31/2010 01:50:43
713088,AI.2010.DIDI,Didi Benami to win American Idol,1,4.1,Mar/31/2010 01:50:43
713088,AI.2010.DIDI,Didi Benami to win American Idol,1,3.8,Mar/31/2010 02:13:15
713088,AI.2010.DIDI,Didi Benami to win American Idol,1,3.9,Mar/31/2010 02:13:15
713088,AI.2010.DIDI,Didi Benami to win American Idol,1,3.8,Mar/31/2010 02:19:48
713088,AI.2010.DIDI,Didi Benami to win American Idol,2,3.9,Mar/31/2010 02:19:48
713088,AI.2010.DIDI,Didi Benami to win American Idol,2,3.5,Mar/31/2010 02:19:48
713088,AI.2010.DIDI,Didi Benami to win American Idol,2,3.7,Mar/31/2010 02:19:48
713088,AI.2010.DIDI,Didi Benami to win American Idol,2,4.9,Mar/31/2010 02:19:48
713088,AI.2010.DIDI,Didi Benami to win American Idol,20,4.4,Mar/31/2010 02:19:48
713088,AI.2010.DIDI,Didi Benami to win American Idol,1,4.0,Mar/31/2010 02:19:48
713088,AI.2010.DIDI,Didi Benami to win American Idol,2,4.5,Mar/31/2010 02:19:48
713088,AI.2010.DIDI,Didi Benami to win American Idol,2,4.9,Mar/31/2010 02:19:48
713088,AI.2010.DIDI,Didi Benami to win American Idol,3,4.5,Mar/31/2010 02:19:48
713088,AI.2010.DIDI,Didi Benami to win American Idol,2,5.0,Mar/31/2010 02:19:50
713088,AI.2010.DIDI,Didi Benami to win American Idol,1,5.0,Mar/31/2010 02:19:56
713088,AI.2010.DIDI,Didi Benami to win American Idol,2,5.1,Mar/31/2010 02:22:12
713088,AI.2010.DIDI,Didi Benami to win American Idol,1,5.9,Mar/31/2010 02:22:12
713088,AI.2010.DIDI,Didi Benami to win American Idol,1,2.6,Mar/31/2010 06:39:02
713088,AI.2010.DIDI,Didi Benami to win American Idol,1,2.4,Mar/31/2010 06:39:19
713088,AI.2010.DIDI,Didi Benami to win American Idol,1,2.2,Mar/31/2010 06:39:43
713088,AI.2010.DIDI,Didi Benami to win American Idol,1,2.0,Mar/31/2010 06:40:44
713088,AI.2010.DIDI,Didi Benami to win American Idol,1,1.9,Mar/31/2010 06:40:56
713088,AI.2010.DIDI,Didi Benami to win American Idol,1,1.8,Mar/31/2010 06:41:07
713088,AI.2010.DIDI,Didi Benami to win American Idol,1,3.8,Mar/31/2010 13:51:51
713088,AI.2010.DIDI,Didi Benami to win American Idol,1,3.8,Mar/31/2010 13:54:54
713088,AI.2010.DIDI,Didi Benami to win American Idol,2,3.0,Mar/31/2010 14:15:12
713088,AI.2010.DIDI,Didi Benami to win American Idol,2,2.9,Mar/31/2010 14:46:48
713088,AI.2010.DIDI,Didi Benami to win American Idol,2,2.9,Mar/31/2010 18:08:38
713088,AI.2010.DIDI,Didi Benami to win American Idol,83,1.1,Mar/31/2010 18:21:23
713088,AI.2010.DIDI,Didi Benami to win American Idol,10,1.1,Mar/31/2010 18:21:23
713088,AI.2010.DIDI,Didi Benami to win American Idol,10,1.2,Apr/01/2010 01:57:55
713088,AI.2010.DIDI,Didi Benami to win American Idol,90,0.5,Apr/01/2010 01:57:55
713088,AI.2010.DIDI,Didi Benami to win American Idol,10,0.5,Apr/01/2010 02:05:05
713088,AI.2010.DIDI,Didi Benami to win American Idol,5,0.5,Apr/01/2010 02:05:05
713088,AI.2010.DIDI,Didi Benami to win American Idol,67,0.5,Apr/01/2010 03:12:35
713088,AI.2010.DIDI,Didi Benami to win American Idol,20,0.5,Apr/01/2010 03:12:35
713088,AI.2010.DIDI,Didi Benami to win American Idol,247,0.5,Apr/01/2010 03:12:35
713088,AI.2010.DIDI,Didi Benami to win American Idol,100,0.4,Apr/01/2010 03:13:42
713088,AI.2010.DIDI,Didi Benami to win American Idol,6,0.4,Apr/01/2010 03:13:42
713088,AI.2010.DIDI,Didi Benami to win American Idol,894,0.2,Apr/01/2010 03:13:42
713088,AI.2010.DIDI,Didi Benami to win American Idol,609,0.2,Apr/01/2010 03:14:41
713088,AI.2010.DIDI,Didi Benami to win American Idol,1,0.4,Apr/01/2010 12:23:08
713088,AI.2010.DIDI,Didi Benami to win American Idol,9,0.4,Apr/01/2010 12:23:19
713088,AI.2010.DIDI,Didi Benami to win American Idol,2,0.3,Apr/04/2010 01:05:32
713088,AI.2010.DIDI,Didi Benami to win American Idol,10,0.3,Apr/04/2010 01:05:32
713088,AI.2010.DIDI,Didi Benami to win American Idol,7,0.3,Apr/04/2010 01:05:32
713088,AI.2010.DIDI,Didi Benami to win American Idol,34,0.4,Apr/06/2010 17:56:24
713088,AI.2010.DIDI,Didi Benami to win American Idol,20,0.5,Apr/06/2010 17:56:37
713088,AI.2010.DIDI,Didi Benami to win American Idol,31,0.3,Apr/11/2010 21:10:30
713088,AI.2010.DIDI,Didi Benami to win American Idol,15,0.5,Apr/11/2010 21:10:57
713088,AI.2010.DIDI,Didi Benami to win American Idol,40,0.4,Apr/15/2010 21:09:39
713088,AI.2010.DIDI,Didi Benami to win American Idol,14,0.5,Apr/15/2010 21:09:58
713088,AI.2010.DIDI,Didi Benami to win American Idol,15,0.4,Apr/22/2010 01:01:46
713088,AI.2010.DIDI,Didi Benami to win American Idol,15,0.4,May/05/2010 13:38:21
713088,AI.2010.DIDI,Didi Benami to win American Idol,152,0.2,May/05/2010 13:38:21
713088,AI.2010.DIDI,Didi Benami to win American Idol,9,0.4,May/19/2010 12:17:19
713088,AI.2010.DIDI,Didi Benami to win American Idol,144,0.4,May/19/2010 16:47:26
