market id,market symbol,market name,trade quantity,trade price,date/time [utc]
713076,AI.2010.SIOBHAN,Siobhan Magnus to win American Idol,18,5.0,Feb/20/2010 01:08:45
713076,AI.2010.SIOBHAN,Siobhan Magnus to win American Idol,1,4.9,Feb/20/2010 01:08:45
713076,AI.2010.SIOBHAN,Siobhan Magnus to win American Idol,1,3.9,Feb/20/2010 01:08:45
713076,AI.2010.SIOBHAN,Siobhan Magnus to win American Idol,1,3.4,Feb/23/2010 21:51:02
713076,AI.2010.SIOBHAN,Siobhan Magnus to win American Idol,1,4.9,Feb/23/2010 22:14:45
713076,AI.2010.SIOBHAN,Siobhan Magnus to win American Idol,1,4.5,Feb/23/2010 22:14:45
713076,AI.2010.SIOBHAN,Siobhan Magnus to win American Idol,1,3.9,Feb/23/2010 22:14:45
713076,AI.2010.SIOBHAN,Siobhan Magnus to win American Idol,1,4.0,Feb/23/2010 22:14:45
713076,AI.2010.SIOBHAN,Siobhan Magnus to win American Idol,6,5.0,Feb/23/2010 22:14:45
713076,AI.2010.SIOBHAN,Siobhan Magnus to win American Idol,1,4.4,Feb/23/2010 22:14:45
713076,AI.2010.SIOBHAN,Siobhan Magnus to win American Idol,2,4.8,Feb/23/2010 22:14:45
713076,AI.2010.SIOBHAN,Siobhan Magnus to win American Idol,9,5.0,Feb/24/2010 02:31:29
713076,AI.2010.SIOBHAN,Siobhan Magnus to win American Idol,2,4.9,Feb/24/2010 02:31:29
713076,AI.2010.SIOBHAN,Siobhan Magnus to win American Idol,1,4.9,Feb/24/2010 02:31:29
713076,AI.2010.SIOBHAN,Siobhan Magnus to win American Idol,5,5.0,Feb/24/2010 02:33:03
713076,AI.2010.SIOBHAN,Siobhan Magnus to win American Idol,1,6.9,Feb/24/2010 02:52:57
713076,AI.2010.SIOBHAN,Siobhan Magnus to win American Idol,1,5.9,Feb/24/2010 02:52:57
713076,AI.2010.SIOBHAN,Siobhan Magnus to win American Idol,2,6.9,Feb/24/2010 02:52:57
713076,AI.2010.SIOBHAN,Siobhan Magnus to win American Idol,1,7.5,Feb/24/2010 03:03:55
713076,AI.2010.SIOBHAN,Siobhan Magnus to win American Idol,9,7.5,Feb/24/2010 03:03:55
713076,AI.2010.SIOBHAN,Siobhan Magnus to win American Idol,1,9.9,Feb/24/2010 04:00:39
713076,AI.2010.SIOBHAN,Siobhan Magnus to win American Idol,1,7.9,Feb/24/2010 04:00:39
713076,AI.2010.SIOBHAN,Siobhan Magnus to win American Idol,1,8.9,Feb/24/2010 04:00:39
713076,AI.2010.SIOBHAN,Siobhan Magnus to win American Idol,1,9.0,Feb/24/2010 04:00:39
713076,AI.2010.SIOBHAN,Siobhan Magnus to win American Idol,1,8.4,Feb/24/2010 04:00:39
713076,AI.2010.SIOBHAN,Siobhan Magnus to win American Idol,1,9.5,Feb/24/2010 04:00:39
713076,AI.2010.SIOBHAN,Siobhan Magnus to win American Idol,1,8.9,Feb/24/2010 04:00:39
713076,AI.2010.SIOBHAN,Siobhan Magnus to win American Idol,1,9.0,Feb/24/2010 04:00:39
713076,AI.2010.SIOBHAN,Siobhan Magnus to win American Idol,1,9.9,Feb/24/2010 11:30:00
713076,AI.2010.SIOBHAN,Siobhan Magnus to win American Idol,1,10.9,Feb/24/2010 11:30:23
713076,AI.2010.SIOBHAN,Siobhan Magnus to win American Idol,1,11.9,Feb/24/2010 11:30:37
713076,AI.2010.SIOBHAN,Siobhan Magnus to win American Idol,2,11.9,Feb/24/2010 11:30:37
713076,AI.2010.SIOBHAN,Siobhan Magnus to win American Idol,1,10.9,Feb/24/2010 15:17:54
713076,AI.2010.SIOBHAN,Siobhan Magnus to win American Idol,39,10.5,Feb/24/2010 22:16:11
713076,AI.2010.SIOBHAN,Siobhan Magnus to win American Idol,1,10.5,Feb/24/2010 22:19:48
713076,AI.2010.SIOBHAN,Siobhan Magnus to win American Idol,4,10.0,Feb/24/2010 23:25:42
713076,AI.2010.SIOBHAN,Siobhan Magnus to win American Idol,9,10.6,Feb/25/2010 00:59:48
713076,AI.2010.SIOBHAN,Siobhan Magnus to win American Idol,1,10.4,Feb/25/2010 00:59:48
713076,AI.2010.SIOBHAN,Siobhan Magnus to win American Idol,20,10.3,Feb/25/2010 00:59:48
713076,AI.2010.SIOBHAN,Siobhan Magnus to win American Idol,4,9.0,Feb/25/2010 03:10:25
713076,AI.2010.SIOBHAN,Siobhan Magnus to win American Idol,4,9.0,Feb/25/2010 03:20:54
713076,AI.2010.SIOBHAN,Siobhan Magnus to win American Idol,2,9.0,Feb/25/2010 03:42:47
713076,AI.2010.SIOBHAN,Siobhan Magnus to win American Idol,20,8.6,Feb/25/2010 03:43:11
713076,AI.2010.SIOBHAN,Siobhan Magnus to win American Idol,2,8.5,Feb/25/2010 04:19:12
713076,AI.2010.SIOBHAN,Siobhan Magnus to win American Idol,1,8.4,Feb/25/2010 10:29:32
713076,AI.2010.SIOBHAN,Siobhan Magnus to win American Idol,20,8.6,Feb/25/2010 10:29:44
713076,AI.2010.SIOBHAN,Siobhan Magnus to win American Idol,2,8.5,Feb/25/2010 19:50:04
713076,AI.2010.SIOBHAN,Siobhan Magnus to win American Idol,18,9.0,Feb/25/2010 19:53:34
713076,AI.2010.SIOBHAN,Siobhan Magnus to win American Idol,20,8.9,Feb/25/2010 19:53:34
713076,AI.2010.SIOBHAN,Siobhan Magnus to win American Idol,2,8.9,Feb/25/2010 19:53:34
713076,AI.2010.SIOBHAN,Siobhan Magnus to win American Idol,2,9.4,Feb/25/2010 20:38:57
713076,AI.2010.SIOBHAN,Siobhan Magnus to win American Idol,2,9.0,Feb/25/2010 20:38:57
713076,AI.2010.SIOBHAN,Siobhan Magnus to win American Idol,1,9.5,Feb/25/2010 20:38:57
713076,AI.2010.SIOBHAN,Siobhan Magnus to win American Idol,3,9.8,Feb/25/2010 20:38:57
713076,AI.2010.SIOBHAN,Siobhan Magnus to win American Idol,2,9.5,Feb/25/2010 20:38:57
713076,AI.2010.SIOBHAN,Siobhan Magnus to win American Idol,8,9.8,Feb/25/2010 21:25:51
713076,AI.2010.SIOBHAN,Siobhan Magnus to win American Idol,2,9.9,Feb/25/2010 21:29:58
713076,AI.2010.SIOBHAN,Siobhan Magnus to win American Idol,18,9.9,Feb/25/2010 21:29:58
713076,AI.2010.SIOBHAN,Siobhan Magnus to win American Idol,15,9.8,Feb/25/2010 21:29:58
713076,AI.2010.SIOBHAN,Siobhan Magnus to win American Idol,10,8.4,Feb/26/2010 06:21:27
713076,AI.2010.SIOBHAN,Siobhan Magnus to win American Idol,10,8.3,Feb/26/2010 06:21:34
713076,AI.2010.SIOBHAN,Siobhan Magnus to win American Idol,10,8.2,Feb/26/2010 06:21:41
713076,AI.2010.SIOBHAN,Siobhan Magnus to win American Idol,5,8.0,Feb/26/2010 06:21:53
713076,AI.2010.SIOBHAN,Siobhan Magnus to win American Idol,1,9.0,Feb/26/2010 15:10:54
713076,AI.2010.SIOBHAN,Siobhan Magnus to win American Idol,3,8.9,Feb/26/2010 15:10:54
713076,AI.2010.SIOBHAN,Siobhan Magnus to win American Idol,16,9.0,Feb/26/2010 15:10:54
713076,AI.2010.SIOBHAN,Siobhan Magnus to win American Idol,20,8.9,Feb/26/2010 15:10:54
713076,AI.2010.SIOBHAN,Siobhan Magnus to win American Idol,20,8.5,Feb/26/2010 15:10:54
713076,AI.2010.SIOBHAN,Siobhan Magnus to win American Idol,20,8.3,Feb/26/2010 15:10:54
713076,AI.2010.SIOBHAN,Siobhan Magnus to win American Idol,20,8.1,Feb/26/2010 15:10:54
713076,AI.2010.SIOBHAN,Siobhan Magnus to win American Idol,1,9.1,Feb/26/2010 15:12:36
713076,AI.2010.SIOBHAN,Siobhan Magnus to win American Idol,17,9.1,Feb/26/2010 15:12:36
713076,AI.2010.SIOBHAN,Siobhan Magnus to win American Idol,4,9.0,Feb/26/2010 15:12:36
713076,AI.2010.SIOBHAN,Siobhan Magnus to win American Idol,15,8.4,Feb/26/2010 15:26:21
713076,AI.2010.SIOBHAN,Siobhan Magnus to win American Idol,20,8.5,Feb/26/2010 15:55:27
713076,AI.2010.SIOBHAN,Siobhan Magnus to win American Idol,10,8.5,Feb/26/2010 16:22:23
713076,AI.2010.SIOBHAN,Siobhan Magnus to win American Idol,20,8.7,Feb/26/2010 18:55:35
713076,AI.2010.SIOBHAN,Siobhan Magnus to win American Idol,3,8.5,Feb/26/2010 18:55:35
713076,AI.2010.SIOBHAN,Siobhan Magnus to win American Idol,20,8.3,Feb/27/2010 00:46:38
713076,AI.2010.SIOBHAN,Siobhan Magnus to win American Idol,7,8.2,Feb/27/2010 00:47:08
713076,AI.2010.SIOBHAN,Siobhan Magnus to win American Idol,20,8.3,Feb/27/2010 01:07:39
713076,AI.2010.SIOBHAN,Siobhan Magnus to win American Idol,10,8.5,Feb/27/2010 01:08:02
713076,AI.2010.SIOBHAN,Siobhan Magnus to win American Idol,3,7.9,Feb/27/2010 18:03:21
713076,AI.2010.SIOBHAN,Siobhan Magnus to win American Idol,5,8.0,Feb/27/2010 18:03:38
713076,AI.2010.SIOBHAN,Siobhan Magnus to win American Idol,2,8.0,Feb/28/2010 16:39:45
713076,AI.2010.SIOBHAN,Siobhan Magnus to win American Idol,2,7.9,Feb/28/2010 16:39:45
713076,AI.2010.SIOBHAN,Siobhan Magnus to win American Idol,2,7.7,Feb/28/2010 16:39:45
713076,AI.2010.SIOBHAN,Siobhan Magnus to win American Idol,1,7.5,Feb/28/2010 16:39:45
713076,AI.2010.SIOBHAN,Siobhan Magnus to win American Idol,10,8.5,Feb/28/2010 17:58:56
713076,AI.2010.SIOBHAN,Siobhan Magnus to win American Idol,2,8.3,Feb/28/2010 17:58:56
713076,AI.2010.SIOBHAN,Siobhan Magnus to win American Idol,17,8.4,Feb/28/2010 17:58:56
713076,AI.2010.SIOBHAN,Siobhan Magnus to win American Idol,50,8.9,Feb/28/2010 20:35:34
713076,AI.2010.SIOBHAN,Siobhan Magnus to win American Idol,20,8.7,Feb/28/2010 20:35:34
713076,AI.2010.SIOBHAN,Siobhan Magnus to win American Idol,40,8.8,Mar/01/2010 15:51:36
713076,AI.2010.SIOBHAN,Siobhan Magnus to win American Idol,1,7.9,Mar/01/2010 15:51:36
713076,AI.2010.SIOBHAN,Siobhan Magnus to win American Idol,1,8.3,Mar/01/2010 15:51:36
713076,AI.2010.SIOBHAN,Siobhan Magnus to win American Idol,1,8.4,Mar/01/2010 15:51:36
713076,AI.2010.SIOBHAN,Siobhan Magnus to win American Idol,1,8.5,Mar/01/2010 15:51:36
713076,AI.2010.SIOBHAN,Siobhan Magnus to win American Idol,1,8.7,Mar/01/2010 15:51:36
713076,AI.2010.SIOBHAN,Siobhan Magnus to win American Idol,2,8.5,Mar/01/2010 15:51:36
713076,AI.2010.SIOBHAN,Siobhan Magnus to win American Idol,2,8.7,Mar/01/2010 15:51:36
713076,AI.2010.SIOBHAN,Siobhan Magnus to win American Idol,8,9.0,Mar/01/2010 17:00:10
713076,AI.2010.SIOBHAN,Siobhan Magnus to win American Idol,30,9.0,Mar/02/2010 15:48:44
713076,AI.2010.SIOBHAN,Siobhan Magnus to win American Idol,2,9.0,Mar/02/2010 18:34:28
713076,AI.2010.SIOBHAN,Siobhan Magnus to win American Idol,3,9.0,Mar/02/2010 22:25:35
713076,AI.2010.SIOBHAN,Siobhan Magnus to win American Idol,10,9.0,Mar/02/2010 22:45:22
713076,AI.2010.SIOBHAN,Siobhan Magnus to win American Idol,1,9.1,Mar/02/2010 22:51:24
713076,AI.2010.SIOBHAN,Siobhan Magnus to win American Idol,8,9.1,Mar/02/2010 22:51:24
713076,AI.2010.SIOBHAN,Siobhan Magnus to win American Idol,20,9.1,Mar/03/2010 00:32:27
713076,AI.2010.SIOBHAN,Siobhan Magnus to win American Idol,21,9.1,Mar/03/2010 02:12:57
713076,AI.2010.SIOBHAN,Siobhan Magnus to win American Idol,10,9.1,Mar/03/2010 02:31:03
713076,AI.2010.SIOBHAN,Siobhan Magnus to win American Idol,3,9.1,Mar/03/2010 03:00:50
713076,AI.2010.SIOBHAN,Siobhan Magnus to win American Idol,3,9.1,Mar/03/2010 03:15:26
713076,AI.2010.SIOBHAN,Siobhan Magnus to win American Idol,4,9.1,Mar/03/2010 03:25:30
713076,AI.2010.SIOBHAN,Siobhan Magnus to win American Idol,4,9.1,Mar/03/2010 04:20:20
713076,AI.2010.SIOBHAN,Siobhan Magnus to win American Idol,1,9.2,Mar/03/2010 14:49:44
713076,AI.2010.SIOBHAN,Siobhan Magnus to win American Idol,1,9.4,Mar/03/2010 17:11:23
713076,AI.2010.SIOBHAN,Siobhan Magnus to win American Idol,1,10.9,Mar/03/2010 19:12:01
713076,AI.2010.SIOBHAN,Siobhan Magnus to win American Idol,1,10.9,Mar/03/2010 19:12:01
713076,AI.2010.SIOBHAN,Siobhan Magnus to win American Idol,2,10.9,Mar/03/2010 19:12:01
713076,AI.2010.SIOBHAN,Siobhan Magnus to win American Idol,2,10.4,Mar/03/2010 19:12:01
713076,AI.2010.SIOBHAN,Siobhan Magnus to win American Idol,1,9.6,Mar/03/2010 19:12:01
713076,AI.2010.SIOBHAN,Siobhan Magnus to win American Idol,1,9.8,Mar/03/2010 19:12:01
713076,AI.2010.SIOBHAN,Siobhan Magnus to win American Idol,1,10.8,Mar/03/2010 19:12:01
713076,AI.2010.SIOBHAN,Siobhan Magnus to win American Idol,1,9.9,Mar/03/2010 19:12:01
713076,AI.2010.SIOBHAN,Siobhan Magnus to win American Idol,2,9.8,Mar/03/2010 19:12:01
713076,AI.2010.SIOBHAN,Siobhan Magnus to win American Idol,1,10.9,Mar/03/2010 19:12:01
713076,AI.2010.SIOBHAN,Siobhan Magnus to win American Idol,1,9.9,Mar/03/2010 19:12:01
713076,AI.2010.SIOBHAN,Siobhan Magnus to win American Idol,1,10.8,Mar/03/2010 19:12:01
713076,AI.2010.SIOBHAN,Siobhan Magnus to win American Idol,1,9.9,Mar/03/2010 19:12:01
713076,AI.2010.SIOBHAN,Siobhan Magnus to win American Idol,1,10.9,Mar/03/2010 19:12:01
713076,AI.2010.SIOBHAN,Siobhan Magnus to win American Idol,1,10.0,Mar/03/2010 19:12:01
713076,AI.2010.SIOBHAN,Siobhan Magnus to win American Idol,1,11.9,Mar/03/2010 19:54:15
713076,AI.2010.SIOBHAN,Siobhan Magnus to win American Idol,1,11.4,Mar/03/2010 19:54:15
713076,AI.2010.SIOBHAN,Siobhan Magnus to win American Idol,1,11.9,Mar/03/2010 19:54:15
713076,AI.2010.SIOBHAN,Siobhan Magnus to win American Idol,1,12.4,Mar/03/2010 19:54:15
713076,AI.2010.SIOBHAN,Siobhan Magnus to win American Idol,1,11.8,Mar/03/2010 19:54:15
713076,AI.2010.SIOBHAN,Siobhan Magnus to win American Idol,10,11.0,Mar/04/2010 00:56:09
713076,AI.2010.SIOBHAN,Siobhan Magnus to win American Idol,1,12.5,Mar/04/2010 02:52:34
713076,AI.2010.SIOBHAN,Siobhan Magnus to win American Idol,1,12.9,Mar/04/2010 02:52:39
713076,AI.2010.SIOBHAN,Siobhan Magnus to win American Idol,1,12.9,Mar/04/2010 02:52:39
713076,AI.2010.SIOBHAN,Siobhan Magnus to win American Idol,1,12.9,Mar/04/2010 02:52:39
713076,AI.2010.SIOBHAN,Siobhan Magnus to win American Idol,1,13.0,Mar/04/2010 02:52:45
713076,AI.2010.SIOBHAN,Siobhan Magnus to win American Idol,1,13.9,Mar/04/2010 02:53:07
713076,AI.2010.SIOBHAN,Siobhan Magnus to win American Idol,1,13.5,Mar/04/2010 02:53:07
713076,AI.2010.SIOBHAN,Siobhan Magnus to win American Idol,1,13.9,Mar/04/2010 02:53:07
713076,AI.2010.SIOBHAN,Siobhan Magnus to win American Idol,2,13.7,Mar/04/2010 02:53:07
713076,AI.2010.SIOBHAN,Siobhan Magnus to win American Idol,10,14.8,Mar/04/2010 03:00:05
713076,AI.2010.SIOBHAN,Siobhan Magnus to win American Idol,1,14.5,Mar/04/2010 03:00:05
713076,AI.2010.SIOBHAN,Siobhan Magnus to win American Idol,10,14.6,Mar/04/2010 03:00:05
713076,AI.2010.SIOBHAN,Siobhan Magnus to win American Idol,1,14.8,Mar/04/2010 03:00:05
713076,AI.2010.SIOBHAN,Siobhan Magnus to win American Idol,9,14.5,Mar/04/2010 03:00:05
713076,AI.2010.SIOBHAN,Siobhan Magnus to win American Idol,1,14.0,Mar/04/2010 03:00:05
713076,AI.2010.SIOBHAN,Siobhan Magnus to win American Idol,2,14.7,Mar/04/2010 03:00:05
713076,AI.2010.SIOBHAN,Siobhan Magnus to win American Idol,8,14.0,Mar/04/2010 03:00:05
713076,AI.2010.SIOBHAN,Siobhan Magnus to win American Idol,1,14.9,Mar/04/2010 03:00:25
713076,AI.2010.SIOBHAN,Siobhan Magnus to win American Idol,1,14.9,Mar/04/2010 03:00:25
713076,AI.2010.SIOBHAN,Siobhan Magnus to win American Idol,20,15.0,Mar/04/2010 03:00:25
713076,AI.2010.SIOBHAN,Siobhan Magnus to win American Idol,1,15.0,Mar/04/2010 03:00:25
713076,AI.2010.SIOBHAN,Siobhan Magnus to win American Idol,1,14.7,Mar/04/2010 03:09:12
713076,AI.2010.SIOBHAN,Siobhan Magnus to win American Idol,52,14.9,Mar/04/2010 03:15:42
713076,AI.2010.SIOBHAN,Siobhan Magnus to win American Idol,10,15.0,Mar/04/2010 03:16:07
713076,AI.2010.SIOBHAN,Siobhan Magnus to win American Idol,1,12.1,Mar/04/2010 03:18:05
713076,AI.2010.SIOBHAN,Siobhan Magnus to win American Idol,1,15.9,Mar/04/2010 03:49:01
713076,AI.2010.SIOBHAN,Siobhan Magnus to win American Idol,1,15.5,Mar/04/2010 03:49:01
713076,AI.2010.SIOBHAN,Siobhan Magnus to win American Idol,1,15.7,Mar/04/2010 03:49:01
713076,AI.2010.SIOBHAN,Siobhan Magnus to win American Idol,1,16.0,Mar/04/2010 03:49:01
713076,AI.2010.SIOBHAN,Siobhan Magnus to win American Idol,1,15.7,Mar/04/2010 03:49:01
713076,AI.2010.SIOBHAN,Siobhan Magnus to win American Idol,2,15.9,Mar/04/2010 03:49:01
713076,AI.2010.SIOBHAN,Siobhan Magnus to win American Idol,10,15.9,Mar/04/2010 03:49:01
713076,AI.2010.SIOBHAN,Siobhan Magnus to win American Idol,1,15.7,Mar/04/2010 03:49:01
713076,AI.2010.SIOBHAN,Siobhan Magnus to win American Idol,10,16.9,Mar/04/2010 06:12:42
713076,AI.2010.SIOBHAN,Siobhan Magnus to win American Idol,2,17.8,Mar/04/2010 06:12:42
713076,AI.2010.SIOBHAN,Siobhan Magnus to win American Idol,4,17.8,Mar/04/2010 06:12:42
713076,AI.2010.SIOBHAN,Siobhan Magnus to win American Idol,3,17.3,Mar/05/2010 22:09:24
713076,AI.2010.SIOBHAN,Siobhan Magnus to win American Idol,1,16.9,Mar/05/2010 22:09:24
713076,AI.2010.SIOBHAN,Siobhan Magnus to win American Idol,1,17.3,Mar/06/2010 02:48:42
713076,AI.2010.SIOBHAN,Siobhan Magnus to win American Idol,3,17.3,Mar/06/2010 06:06:47
713076,AI.2010.SIOBHAN,Siobhan Magnus to win American Idol,5,17.7,Mar/06/2010 21:59:51
713076,AI.2010.SIOBHAN,Siobhan Magnus to win American Idol,5,17.5,Mar/06/2010 21:59:51
713076,AI.2010.SIOBHAN,Siobhan Magnus to win American Idol,1,17.9,Mar/06/2010 23:26:08
713076,AI.2010.SIOBHAN,Siobhan Magnus to win American Idol,5,17.9,Mar/06/2010 23:26:08
713076,AI.2010.SIOBHAN,Siobhan Magnus to win American Idol,1,18.0,Mar/07/2010 01:17:24
713076,AI.2010.SIOBHAN,Siobhan Magnus to win American Idol,1,18.0,Mar/07/2010 01:17:24
713076,AI.2010.SIOBHAN,Siobhan Magnus to win American Idol,2,18.4,Mar/07/2010 01:19:25
713076,AI.2010.SIOBHAN,Siobhan Magnus to win American Idol,2,17.9,Mar/07/2010 01:45:57
713076,AI.2010.SIOBHAN,Siobhan Magnus to win American Idol,4,18.0,Mar/07/2010 12:24:57
713076,AI.2010.SIOBHAN,Siobhan Magnus to win American Idol,5,18.0,Mar/07/2010 12:24:57
713076,AI.2010.SIOBHAN,Siobhan Magnus to win American Idol,1,18.0,Mar/07/2010 12:24:57
713076,AI.2010.SIOBHAN,Siobhan Magnus to win American Idol,2,17.6,Mar/07/2010 16:11:26
713076,AI.2010.SIOBHAN,Siobhan Magnus to win American Idol,2,17.7,Mar/07/2010 16:11:26
713076,AI.2010.SIOBHAN,Siobhan Magnus to win American Idol,3,17.4,Mar/07/2010 21:02:59
713076,AI.2010.SIOBHAN,Siobhan Magnus to win American Idol,5,17.5,Mar/07/2010 21:02:59
713076,AI.2010.SIOBHAN,Siobhan Magnus to win American Idol,3,17.9,Mar/08/2010 04:25:39
713076,AI.2010.SIOBHAN,Siobhan Magnus to win American Idol,1,18.5,Mar/08/2010 04:25:44
713076,AI.2010.SIOBHAN,Siobhan Magnus to win American Idol,5,18.5,Mar/08/2010 04:25:44
713076,AI.2010.SIOBHAN,Siobhan Magnus to win American Idol,1,18.7,Mar/08/2010 04:25:51
713076,AI.2010.SIOBHAN,Siobhan Magnus to win American Idol,1,18.7,Mar/08/2010 04:25:51
713076,AI.2010.SIOBHAN,Siobhan Magnus to win American Idol,1,18.8,Mar/08/2010 04:25:55
713076,AI.2010.SIOBHAN,Siobhan Magnus to win American Idol,1,18.8,Mar/08/2010 04:25:55
713076,AI.2010.SIOBHAN,Siobhan Magnus to win American Idol,2,18.8,Mar/08/2010 04:25:55
713076,AI.2010.SIOBHAN,Siobhan Magnus to win American Idol,2,18.8,Mar/08/2010 04:25:55
713076,AI.2010.SIOBHAN,Siobhan Magnus to win American Idol,2,18.9,Mar/08/2010 04:26:03
713076,AI.2010.SIOBHAN,Siobhan Magnus to win American Idol,4,18.9,Mar/08/2010 04:26:03
713076,AI.2010.SIOBHAN,Siobhan Magnus to win American Idol,1,19.0,Mar/08/2010 04:26:08
713076,AI.2010.SIOBHAN,Siobhan Magnus to win American Idol,1,19.5,Mar/08/2010 04:26:14
713076,AI.2010.SIOBHAN,Siobhan Magnus to win American Idol,1,19.5,Mar/08/2010 04:26:14
713076,AI.2010.SIOBHAN,Siobhan Magnus to win American Idol,1,19.7,Mar/08/2010 04:26:23
713076,AI.2010.SIOBHAN,Siobhan Magnus to win American Idol,10,19.8,Mar/08/2010 04:26:30
713076,AI.2010.SIOBHAN,Siobhan Magnus to win American Idol,1,19.8,Mar/08/2010 04:26:30
713076,AI.2010.SIOBHAN,Siobhan Magnus to win American Idol,1,19.8,Mar/08/2010 04:26:30
713076,AI.2010.SIOBHAN,Siobhan Magnus to win American Idol,2,19.8,Mar/08/2010 04:26:30
713076,AI.2010.SIOBHAN,Siobhan Magnus to win American Idol,1,19.9,Mar/08/2010 04:26:35
713076,AI.2010.SIOBHAN,Siobhan Magnus to win American Idol,1,19.9,Mar/08/2010 04:26:35
713076,AI.2010.SIOBHAN,Siobhan Magnus to win American Idol,1,19.9,Mar/08/2010 04:26:35
713076,AI.2010.SIOBHAN,Siobhan Magnus to win American Idol,20,20.0,Mar/08/2010 04:26:40
713076,AI.2010.SIOBHAN,Siobhan Magnus to win American Idol,5,20.5,Mar/08/2010 04:51:11
713076,AI.2010.SIOBHAN,Siobhan Magnus to win American Idol,1,20.7,Mar/08/2010 04:51:24
713076,AI.2010.SIOBHAN,Siobhan Magnus to win American Idol,1,20.9,Mar/08/2010 04:51:29
713076,AI.2010.SIOBHAN,Siobhan Magnus to win American Idol,1,20.9,Mar/08/2010 04:51:29
713076,AI.2010.SIOBHAN,Siobhan Magnus to win American Idol,1,21.5,Mar/08/2010 04:51:35
713076,AI.2010.SIOBHAN,Siobhan Magnus to win American Idol,1,21.9,Mar/08/2010 04:51:39
713076,AI.2010.SIOBHAN,Siobhan Magnus to win American Idol,1,22.5,Mar/08/2010 04:51:42
713076,AI.2010.SIOBHAN,Siobhan Magnus to win American Idol,1,22.9,Mar/08/2010 04:51:51
713076,AI.2010.SIOBHAN,Siobhan Magnus to win American Idol,1,22.9,Mar/08/2010 04:51:51
713076,AI.2010.SIOBHAN,Siobhan Magnus to win American Idol,1,23.9,Mar/08/2010 04:51:55
713076,AI.2010.SIOBHAN,Siobhan Magnus to win American Idol,1,23.9,Mar/08/2010 04:51:55
713076,AI.2010.SIOBHAN,Siobhan Magnus to win American Idol,1,24.9,Mar/08/2010 04:52:00
713076,AI.2010.SIOBHAN,Siobhan Magnus to win American Idol,1,25.9,Mar/08/2010 04:52:05
713076,AI.2010.SIOBHAN,Siobhan Magnus to win American Idol,1,17.5,Mar/08/2010 10:20:25
713076,AI.2010.SIOBHAN,Siobhan Magnus to win American Idol,256,17.5,Mar/08/2010 10:20:25
713076,AI.2010.SIOBHAN,Siobhan Magnus to win American Idol,10,17.5,Mar/08/2010 16:08:04
713076,AI.2010.SIOBHAN,Siobhan Magnus to win American Idol,1,17.5,Mar/08/2010 16:08:04
713076,AI.2010.SIOBHAN,Siobhan Magnus to win American Idol,5,17.5,Mar/08/2010 16:08:04
713076,AI.2010.SIOBHAN,Siobhan Magnus to win American Idol,1,17.5,Mar/08/2010 22:01:02
713076,AI.2010.SIOBHAN,Siobhan Magnus to win American Idol,1,17.5,Mar/08/2010 22:01:14
713076,AI.2010.SIOBHAN,Siobhan Magnus to win American Idol,1,17.5,Mar/08/2010 22:01:52
713076,AI.2010.SIOBHAN,Siobhan Magnus to win American Idol,1,17.5,Mar/08/2010 22:02:05
713076,AI.2010.SIOBHAN,Siobhan Magnus to win American Idol,1,17.5,Mar/08/2010 22:02:13
713076,AI.2010.SIOBHAN,Siobhan Magnus to win American Idol,1,17.5,Mar/08/2010 22:02:21
713076,AI.2010.SIOBHAN,Siobhan Magnus to win American Idol,1,17.5,Mar/08/2010 22:02:32
713076,AI.2010.SIOBHAN,Siobhan Magnus to win American Idol,1,17.5,Mar/08/2010 22:02:36
713076,AI.2010.SIOBHAN,Siobhan Magnus to win American Idol,1,17.5,Mar/08/2010 22:02:47
713076,AI.2010.SIOBHAN,Siobhan Magnus to win American Idol,1,17.5,Mar/08/2010 22:03:23
713076,AI.2010.SIOBHAN,Siobhan Magnus to win American Idol,1,15.1,Mar/08/2010 22:03:42
713076,AI.2010.SIOBHAN,Siobhan Magnus to win American Idol,1,14.6,Mar/08/2010 22:04:18
713076,AI.2010.SIOBHAN,Siobhan Magnus to win American Idol,1,14.6,Mar/08/2010 22:04:30
713076,AI.2010.SIOBHAN,Siobhan Magnus to win American Idol,1,14.1,Mar/08/2010 22:04:39
713076,AI.2010.SIOBHAN,Siobhan Magnus to win American Idol,1,14.1,Mar/08/2010 22:04:53
713076,AI.2010.SIOBHAN,Siobhan Magnus to win American Idol,1,13.6,Mar/08/2010 22:05:22
713076,AI.2010.SIOBHAN,Siobhan Magnus to win American Idol,1,13.7,Mar/08/2010 22:05:45
713076,AI.2010.SIOBHAN,Siobhan Magnus to win American Idol,1,13.7,Mar/08/2010 22:05:57
713076,AI.2010.SIOBHAN,Siobhan Magnus to win American Idol,1,13.7,Mar/08/2010 22:06:12
713076,AI.2010.SIOBHAN,Siobhan Magnus to win American Idol,1,13.7,Mar/08/2010 22:06:34
713076,AI.2010.SIOBHAN,Siobhan Magnus to win American Idol,1,13.7,Mar/08/2010 22:06:44
713076,AI.2010.SIOBHAN,Siobhan Magnus to win American Idol,1,13.6,Mar/08/2010 22:07:09
713076,AI.2010.SIOBHAN,Siobhan Magnus to win American Idol,1,13.6,Mar/08/2010 22:07:19
713076,AI.2010.SIOBHAN,Siobhan Magnus to win American Idol,1,13.1,Mar/08/2010 22:07:28
713076,AI.2010.SIOBHAN,Siobhan Magnus to win American Idol,1,13.2,Mar/08/2010 22:08:20
713076,AI.2010.SIOBHAN,Siobhan Magnus to win American Idol,1,13.4,Mar/08/2010 22:49:41
713076,AI.2010.SIOBHAN,Siobhan Magnus to win American Idol,1,13.4,Mar/08/2010 22:50:24
713076,AI.2010.SIOBHAN,Siobhan Magnus to win American Idol,1,13.4,Mar/08/2010 22:50:37
713076,AI.2010.SIOBHAN,Siobhan Magnus to win American Idol,5,17.0,Mar/09/2010 03:34:17
713076,AI.2010.SIOBHAN,Siobhan Magnus to win American Idol,1,13.9,Mar/09/2010 05:16:30
713076,AI.2010.SIOBHAN,Siobhan Magnus to win American Idol,1,13.8,Mar/09/2010 05:19:03
713076,AI.2010.SIOBHAN,Siobhan Magnus to win American Idol,1,13.8,Mar/09/2010 05:19:14
713076,AI.2010.SIOBHAN,Siobhan Magnus to win American Idol,1,14.6,Mar/09/2010 19:38:52
713076,AI.2010.SIOBHAN,Siobhan Magnus to win American Idol,1,14.3,Mar/09/2010 19:38:52
713076,AI.2010.SIOBHAN,Siobhan Magnus to win American Idol,1,14.0,Mar/09/2010 19:38:52
713076,AI.2010.SIOBHAN,Siobhan Magnus to win American Idol,11,13.9,Mar/09/2010 19:39:11
713076,AI.2010.SIOBHAN,Siobhan Magnus to win American Idol,1,13.8,Mar/10/2010 00:33:01
713076,AI.2010.SIOBHAN,Siobhan Magnus to win American Idol,1,13.7,Mar/10/2010 00:33:06
713076,AI.2010.SIOBHAN,Siobhan Magnus to win American Idol,17,13.6,Mar/10/2010 00:33:12
713076,AI.2010.SIOBHAN,Siobhan Magnus to win American Idol,20,13.5,Mar/10/2010 00:33:17
713076,AI.2010.SIOBHAN,Siobhan Magnus to win American Idol,1,13.4,Mar/10/2010 00:33:22
713076,AI.2010.SIOBHAN,Siobhan Magnus to win American Idol,1,13.1,Mar/10/2010 00:33:26
713076,AI.2010.SIOBHAN,Siobhan Magnus to win American Idol,288,13.0,Mar/10/2010 00:33:34
713076,AI.2010.SIOBHAN,Siobhan Magnus to win American Idol,312,13.0,Mar/10/2010 00:33:34
713076,AI.2010.SIOBHAN,Siobhan Magnus to win American Idol,61,13.0,Mar/10/2010 00:34:07
713076,AI.2010.SIOBHAN,Siobhan Magnus to win American Idol,10,13.1,Mar/10/2010 00:54:55
713076,AI.2010.SIOBHAN,Siobhan Magnus to win American Idol,10,13.5,Mar/10/2010 00:58:48
713076,AI.2010.SIOBHAN,Siobhan Magnus to win American Idol,10,13.1,Mar/10/2010 00:58:48
713076,AI.2010.SIOBHAN,Siobhan Magnus to win American Idol,10,13.3,Mar/10/2010 00:58:48
713076,AI.2010.SIOBHAN,Siobhan Magnus to win American Idol,10,14.0,Mar/10/2010 01:13:41
713076,AI.2010.SIOBHAN,Siobhan Magnus to win American Idol,10,13.9,Mar/10/2010 01:13:41
713076,AI.2010.SIOBHAN,Siobhan Magnus to win American Idol,10,14.9,Mar/10/2010 01:14:40
713076,AI.2010.SIOBHAN,Siobhan Magnus to win American Idol,10,14.5,Mar/10/2010 01:14:40
713076,AI.2010.SIOBHAN,Siobhan Magnus to win American Idol,10,15.0,Mar/10/2010 01:14:54
713076,AI.2010.SIOBHAN,Siobhan Magnus to win American Idol,10,16.0,Mar/10/2010 01:15:46
713076,AI.2010.SIOBHAN,Siobhan Magnus to win American Idol,10,15.9,Mar/10/2010 01:15:46
713076,AI.2010.SIOBHAN,Siobhan Magnus to win American Idol,10,15.5,Mar/10/2010 01:15:46
713076,AI.2010.SIOBHAN,Siobhan Magnus to win American Idol,9,16.5,Mar/10/2010 01:16:53
713076,AI.2010.SIOBHAN,Siobhan Magnus to win American Idol,1,16.4,Mar/10/2010 01:16:53
713076,AI.2010.SIOBHAN,Siobhan Magnus to win American Idol,71,16.0,Mar/10/2010 01:17:12
713076,AI.2010.SIOBHAN,Siobhan Magnus to win American Idol,9,15.6,Mar/10/2010 01:59:29
713076,AI.2010.SIOBHAN,Siobhan Magnus to win American Idol,1,15.6,Mar/10/2010 05:04:41
713076,AI.2010.SIOBHAN,Siobhan Magnus to win American Idol,4,15.5,Mar/10/2010 16:30:29
713076,AI.2010.SIOBHAN,Siobhan Magnus to win American Idol,4,15.5,Mar/10/2010 16:54:43
713076,AI.2010.SIOBHAN,Siobhan Magnus to win American Idol,5,15.5,Mar/10/2010 17:23:54
713076,AI.2010.SIOBHAN,Siobhan Magnus to win American Idol,5,15.5,Mar/10/2010 18:13:37
713076,AI.2010.SIOBHAN,Siobhan Magnus to win American Idol,2,15.5,Mar/10/2010 18:38:29
713076,AI.2010.SIOBHAN,Siobhan Magnus to win American Idol,3,15.3,Mar/10/2010 19:40:10
713076,AI.2010.SIOBHAN,Siobhan Magnus to win American Idol,1,15.2,Mar/10/2010 21:17:49
713076,AI.2010.SIOBHAN,Siobhan Magnus to win American Idol,1,15.2,Mar/10/2010 21:44:49
713076,AI.2010.SIOBHAN,Siobhan Magnus to win American Idol,1,15.2,Mar/10/2010 21:49:47
713076,AI.2010.SIOBHAN,Siobhan Magnus to win American Idol,1,15.2,Mar/10/2010 21:49:58
713076,AI.2010.SIOBHAN,Siobhan Magnus to win American Idol,2,15.2,Mar/10/2010 21:52:55
713076,AI.2010.SIOBHAN,Siobhan Magnus to win American Idol,1,15.2,Mar/10/2010 21:53:06
713076,AI.2010.SIOBHAN,Siobhan Magnus to win American Idol,1,15.2,Mar/10/2010 21:53:17
713076,AI.2010.SIOBHAN,Siobhan Magnus to win American Idol,2,15.2,Mar/10/2010 21:53:28
713076,AI.2010.SIOBHAN,Siobhan Magnus to win American Idol,1,13.1,Mar/10/2010 21:53:40
713076,AI.2010.SIOBHAN,Siobhan Magnus to win American Idol,7,12.8,Mar/11/2010 00:51:11
713076,AI.2010.SIOBHAN,Siobhan Magnus to win American Idol,3,12.7,Mar/11/2010 00:51:11
713076,AI.2010.SIOBHAN,Siobhan Magnus to win American Idol,10,12.9,Mar/11/2010 00:53:59
713076,AI.2010.SIOBHAN,Siobhan Magnus to win American Idol,10,12.9,Mar/11/2010 00:53:59
713076,AI.2010.SIOBHAN,Siobhan Magnus to win American Idol,1,12.8,Mar/11/2010 00:53:59
713076,AI.2010.SIOBHAN,Siobhan Magnus to win American Idol,225,12.0,Mar/11/2010 02:08:35
713076,AI.2010.SIOBHAN,Siobhan Magnus to win American Idol,2,12.6,Mar/11/2010 02:08:35
713076,AI.2010.SIOBHAN,Siobhan Magnus to win American Idol,3,12.1,Mar/11/2010 02:08:35
713076,AI.2010.SIOBHAN,Siobhan Magnus to win American Idol,10,13.0,Mar/11/2010 02:34:45
713076,AI.2010.SIOBHAN,Siobhan Magnus to win American Idol,10,12.9,Mar/11/2010 02:34:45
713076,AI.2010.SIOBHAN,Siobhan Magnus to win American Idol,8,12.8,Mar/11/2010 02:34:45
713076,AI.2010.SIOBHAN,Siobhan Magnus to win American Idol,3,12.7,Mar/11/2010 02:34:45
713076,AI.2010.SIOBHAN,Siobhan Magnus to win American Idol,10,13.6,Mar/11/2010 02:36:28
713076,AI.2010.SIOBHAN,Siobhan Magnus to win American Idol,10,13.4,Mar/11/2010 02:36:28
713076,AI.2010.SIOBHAN,Siobhan Magnus to win American Idol,10,13.2,Mar/11/2010 02:36:28
713076,AI.2010.SIOBHAN,Siobhan Magnus to win American Idol,9,13.9,Mar/11/2010 03:07:09
713076,AI.2010.SIOBHAN,Siobhan Magnus to win American Idol,10,15.0,Mar/11/2010 03:18:44
713076,AI.2010.SIOBHAN,Siobhan Magnus to win American Idol,10,14.9,Mar/11/2010 03:18:44
713076,AI.2010.SIOBHAN,Siobhan Magnus to win American Idol,10,14.5,Mar/11/2010 03:18:44
713076,AI.2010.SIOBHAN,Siobhan Magnus to win American Idol,10,14.0,Mar/11/2010 03:18:44
713076,AI.2010.SIOBHAN,Siobhan Magnus to win American Idol,1,13.9,Mar/11/2010 03:18:44
713076,AI.2010.SIOBHAN,Siobhan Magnus to win American Idol,1,14.9,Mar/11/2010 03:18:44
713076,AI.2010.SIOBHAN,Siobhan Magnus to win American Idol,1,14.5,Mar/11/2010 03:18:44
713076,AI.2010.SIOBHAN,Siobhan Magnus to win American Idol,2,15.0,Mar/11/2010 03:18:44
713076,AI.2010.SIOBHAN,Siobhan Magnus to win American Idol,5,15.0,Mar/11/2010 03:20:08
713076,AI.2010.SIOBHAN,Siobhan Magnus to win American Idol,2,14.7,Mar/11/2010 03:33:01
713076,AI.2010.SIOBHAN,Siobhan Magnus to win American Idol,96,14.7,Mar/11/2010 03:33:01
713076,AI.2010.SIOBHAN,Siobhan Magnus to win American Idol,2,14.5,Mar/11/2010 03:33:01
713076,AI.2010.SIOBHAN,Siobhan Magnus to win American Idol,47,14.7,Mar/11/2010 03:46:12
713076,AI.2010.SIOBHAN,Siobhan Magnus to win American Idol,2,14.5,Mar/11/2010 03:46:12
713076,AI.2010.SIOBHAN,Siobhan Magnus to win American Idol,1,14.6,Mar/11/2010 03:46:12
713076,AI.2010.SIOBHAN,Siobhan Magnus to win American Idol,2,14.5,Mar/11/2010 04:00:28
713076,AI.2010.SIOBHAN,Siobhan Magnus to win American Idol,1,14.5,Mar/11/2010 04:26:05
713076,AI.2010.SIOBHAN,Siobhan Magnus to win American Idol,2,14.6,Mar/11/2010 04:26:05
713076,AI.2010.SIOBHAN,Siobhan Magnus to win American Idol,1,14.6,Mar/11/2010 04:26:05
713076,AI.2010.SIOBHAN,Siobhan Magnus to win American Idol,1,14.6,Mar/11/2010 04:26:05
713076,AI.2010.SIOBHAN,Siobhan Magnus to win American Idol,1,14.3,Mar/11/2010 04:26:05
713076,AI.2010.SIOBHAN,Siobhan Magnus to win American Idol,1,14.0,Mar/11/2010 04:26:05
713076,AI.2010.SIOBHAN,Siobhan Magnus to win American Idol,1,13.8,Mar/11/2010 04:26:05
713076,AI.2010.SIOBHAN,Siobhan Magnus to win American Idol,2,14.5,Mar/11/2010 04:26:05
713076,AI.2010.SIOBHAN,Siobhan Magnus to win American Idol,38,14.7,Mar/11/2010 04:31:53
713076,AI.2010.SIOBHAN,Siobhan Magnus to win American Idol,2,14.6,Mar/11/2010 04:31:53
713076,AI.2010.SIOBHAN,Siobhan Magnus to win American Idol,5,13.5,Mar/11/2010 15:09:46
713076,AI.2010.SIOBHAN,Siobhan Magnus to win American Idol,10,13.6,Mar/11/2010 15:09:57
713076,AI.2010.SIOBHAN,Siobhan Magnus to win American Idol,20,13.7,Mar/11/2010 15:10:13
713076,AI.2010.SIOBHAN,Siobhan Magnus to win American Idol,50,13.8,Mar/11/2010 16:13:32
713076,AI.2010.SIOBHAN,Siobhan Magnus to win American Idol,15,13.9,Mar/12/2010 16:48:44
713076,AI.2010.SIOBHAN,Siobhan Magnus to win American Idol,15,13.8,Mar/12/2010 16:48:44
713076,AI.2010.SIOBHAN,Siobhan Magnus to win American Idol,8,13.7,Mar/12/2010 16:48:44
713076,AI.2010.SIOBHAN,Siobhan Magnus to win American Idol,3,13.6,Mar/12/2010 16:48:44
713076,AI.2010.SIOBHAN,Siobhan Magnus to win American Idol,5,14.1,Mar/12/2010 16:50:39
713076,AI.2010.SIOBHAN,Siobhan Magnus to win American Idol,30,14.0,Mar/12/2010 16:50:39
713076,AI.2010.SIOBHAN,Siobhan Magnus to win American Idol,15,13.9,Mar/12/2010 16:50:39
713076,AI.2010.SIOBHAN,Siobhan Magnus to win American Idol,8,13.0,Mar/14/2010 13:25:17
713076,AI.2010.SIOBHAN,Siobhan Magnus to win American Idol,10,13.4,Mar/14/2010 16:29:29
713076,AI.2010.SIOBHAN,Siobhan Magnus to win American Idol,20,13.2,Mar/14/2010 16:29:29
713076,AI.2010.SIOBHAN,Siobhan Magnus to win American Idol,20,13.1,Mar/14/2010 16:29:29
713076,AI.2010.SIOBHAN,Siobhan Magnus to win American Idol,4,14.0,Mar/14/2010 16:29:50
713076,AI.2010.SIOBHAN,Siobhan Magnus to win American Idol,20,14.0,Mar/14/2010 16:29:50
713076,AI.2010.SIOBHAN,Siobhan Magnus to win American Idol,20,13.9,Mar/14/2010 16:29:50
713076,AI.2010.SIOBHAN,Siobhan Magnus to win American Idol,20,13.8,Mar/14/2010 16:29:50
713076,AI.2010.SIOBHAN,Siobhan Magnus to win American Idol,20,13.6,Mar/14/2010 16:29:50
713076,AI.2010.SIOBHAN,Siobhan Magnus to win American Idol,10,13.4,Mar/14/2010 16:29:50
713076,AI.2010.SIOBHAN,Siobhan Magnus to win American Idol,25,14.1,Mar/16/2010 11:21:54
713076,AI.2010.SIOBHAN,Siobhan Magnus to win American Idol,30,14.3,Mar/16/2010 11:22:38
713076,AI.2010.SIOBHAN,Siobhan Magnus to win American Idol,30,14.5,Mar/16/2010 11:29:47
713076,AI.2010.SIOBHAN,Siobhan Magnus to win American Idol,30,14.7,Mar/16/2010 11:30:00
713076,AI.2010.SIOBHAN,Siobhan Magnus to win American Idol,30,14.9,Mar/16/2010 11:31:38
713076,AI.2010.SIOBHAN,Siobhan Magnus to win American Idol,2,14.9,Mar/16/2010 11:31:38
713076,AI.2010.SIOBHAN,Siobhan Magnus to win American Idol,30,15.0,Mar/16/2010 11:41:17
713076,AI.2010.SIOBHAN,Siobhan Magnus to win American Idol,1,15.0,Mar/16/2010 11:41:17
713076,AI.2010.SIOBHAN,Siobhan Magnus to win American Idol,30,15.1,Mar/16/2010 11:41:37
713076,AI.2010.SIOBHAN,Siobhan Magnus to win American Idol,1,15.9,Mar/16/2010 22:51:42
713076,AI.2010.SIOBHAN,Siobhan Magnus to win American Idol,1,15.9,Mar/16/2010 22:51:42
713076,AI.2010.SIOBHAN,Siobhan Magnus to win American Idol,1,15.9,Mar/16/2010 22:51:42
713076,AI.2010.SIOBHAN,Siobhan Magnus to win American Idol,1,15.9,Mar/16/2010 22:51:42
713076,AI.2010.SIOBHAN,Siobhan Magnus to win American Idol,2,15.9,Mar/16/2010 22:51:42
713076,AI.2010.SIOBHAN,Siobhan Magnus to win American Idol,30,15.9,Mar/16/2010 22:51:42
713076,AI.2010.SIOBHAN,Siobhan Magnus to win American Idol,30,15.5,Mar/16/2010 22:51:42
713076,AI.2010.SIOBHAN,Siobhan Magnus to win American Idol,30,15.3,Mar/16/2010 22:51:42
713076,AI.2010.SIOBHAN,Siobhan Magnus to win American Idol,1,15.9,Mar/16/2010 22:51:42
713076,AI.2010.SIOBHAN,Siobhan Magnus to win American Idol,1,14.0,Mar/16/2010 23:27:10
713076,AI.2010.SIOBHAN,Siobhan Magnus to win American Idol,37,14.0,Mar/16/2010 23:29:20
713076,AI.2010.SIOBHAN,Siobhan Magnus to win American Idol,2,16.0,Mar/17/2010 01:17:32
713076,AI.2010.SIOBHAN,Siobhan Magnus to win American Idol,2,16.0,Mar/17/2010 01:17:32
713076,AI.2010.SIOBHAN,Siobhan Magnus to win American Idol,2,16.0,Mar/17/2010 01:17:32
713076,AI.2010.SIOBHAN,Siobhan Magnus to win American Idol,2,16.0,Mar/17/2010 01:17:32
713076,AI.2010.SIOBHAN,Siobhan Magnus to win American Idol,2,16.0,Mar/17/2010 01:17:32
713076,AI.2010.SIOBHAN,Siobhan Magnus to win American Idol,1,16.0,Mar/17/2010 01:17:32
713076,AI.2010.SIOBHAN,Siobhan Magnus to win American Idol,2,15.9,Mar/17/2010 01:17:32
713076,AI.2010.SIOBHAN,Siobhan Magnus to win American Idol,1,16.0,Mar/17/2010 01:17:32
713076,AI.2010.SIOBHAN,Siobhan Magnus to win American Idol,1,15.9,Mar/17/2010 01:17:57
713076,AI.2010.SIOBHAN,Siobhan Magnus to win American Idol,1,16.0,Mar/17/2010 01:18:11
713076,AI.2010.SIOBHAN,Siobhan Magnus to win American Idol,19,15.9,Mar/17/2010 01:18:11
713076,AI.2010.SIOBHAN,Siobhan Magnus to win American Idol,20,16.0,Mar/17/2010 01:18:11
713076,AI.2010.SIOBHAN,Siobhan Magnus to win American Idol,1,16.4,Mar/17/2010 01:18:50
713076,AI.2010.SIOBHAN,Siobhan Magnus to win American Idol,2,16.3,Mar/17/2010 01:18:50
713076,AI.2010.SIOBHAN,Siobhan Magnus to win American Idol,2,16.5,Mar/17/2010 01:18:50
713076,AI.2010.SIOBHAN,Siobhan Magnus to win American Idol,1,16.4,Mar/17/2010 01:18:50
713076,AI.2010.SIOBHAN,Siobhan Magnus to win American Idol,19,16.5,Mar/17/2010 01:18:50
713076,AI.2010.SIOBHAN,Siobhan Magnus to win American Idol,1,16.8,Mar/17/2010 01:19:10
713076,AI.2010.SIOBHAN,Siobhan Magnus to win American Idol,1,16.6,Mar/17/2010 01:19:10
713076,AI.2010.SIOBHAN,Siobhan Magnus to win American Idol,2,16.8,Mar/17/2010 01:19:10
713076,AI.2010.SIOBHAN,Siobhan Magnus to win American Idol,1,16.8,Mar/17/2010 01:19:10
713076,AI.2010.SIOBHAN,Siobhan Magnus to win American Idol,1,16.5,Mar/17/2010 01:19:10
713076,AI.2010.SIOBHAN,Siobhan Magnus to win American Idol,1,16.8,Mar/17/2010 01:19:32
713076,AI.2010.SIOBHAN,Siobhan Magnus to win American Idol,10,16.8,Mar/17/2010 01:21:49
713076,AI.2010.SIOBHAN,Siobhan Magnus to win American Idol,1,16.8,Mar/17/2010 01:22:32
713076,AI.2010.SIOBHAN,Siobhan Magnus to win American Idol,3,16.8,Mar/17/2010 01:22:48
713076,AI.2010.SIOBHAN,Siobhan Magnus to win American Idol,6,16.8,Mar/17/2010 01:23:22
713076,AI.2010.SIOBHAN,Siobhan Magnus to win American Idol,1,16.9,Mar/17/2010 01:23:33
713076,AI.2010.SIOBHAN,Siobhan Magnus to win American Idol,1,16.9,Mar/17/2010 01:23:33
713076,AI.2010.SIOBHAN,Siobhan Magnus to win American Idol,2,16.9,Mar/17/2010 01:23:33
713076,AI.2010.SIOBHAN,Siobhan Magnus to win American Idol,1,16.9,Mar/17/2010 01:23:33
713076,AI.2010.SIOBHAN,Siobhan Magnus to win American Idol,2,16.9,Mar/17/2010 01:24:08
713076,AI.2010.SIOBHAN,Siobhan Magnus to win American Idol,1,16.9,Mar/17/2010 01:24:08
713076,AI.2010.SIOBHAN,Siobhan Magnus to win American Idol,1,16.9,Mar/17/2010 01:24:08
713076,AI.2010.SIOBHAN,Siobhan Magnus to win American Idol,1,16.9,Mar/17/2010 01:24:08
713076,AI.2010.SIOBHAN,Siobhan Magnus to win American Idol,1,16.9,Mar/17/2010 01:27:00
713076,AI.2010.SIOBHAN,Siobhan Magnus to win American Idol,7,17.5,Mar/17/2010 01:42:12
713076,AI.2010.SIOBHAN,Siobhan Magnus to win American Idol,8,17.6,Mar/17/2010 01:49:27
713076,AI.2010.SIOBHAN,Siobhan Magnus to win American Idol,20,17.9,Mar/17/2010 01:49:44
713076,AI.2010.SIOBHAN,Siobhan Magnus to win American Idol,20,18.0,Mar/17/2010 01:50:09
713076,AI.2010.SIOBHAN,Siobhan Magnus to win American Idol,4,18.5,Mar/17/2010 01:50:38
713076,AI.2010.SIOBHAN,Siobhan Magnus to win American Idol,1,18.5,Mar/17/2010 01:53:41
713076,AI.2010.SIOBHAN,Siobhan Magnus to win American Idol,15,18.5,Mar/17/2010 01:58:05
713076,AI.2010.SIOBHAN,Siobhan Magnus to win American Idol,20,18.9,Mar/17/2010 02:05:20
713076,AI.2010.SIOBHAN,Siobhan Magnus to win American Idol,20,19.0,Mar/17/2010 02:05:20
713076,AI.2010.SIOBHAN,Siobhan Magnus to win American Idol,1,18.0,Mar/17/2010 06:01:45
713076,AI.2010.SIOBHAN,Siobhan Magnus to win American Idol,10,18.1,Mar/17/2010 06:02:34
713076,AI.2010.SIOBHAN,Siobhan Magnus to win American Idol,10,18.1,Mar/17/2010 06:39:08
713076,AI.2010.SIOBHAN,Siobhan Magnus to win American Idol,5,18.2,Mar/17/2010 10:52:37
713076,AI.2010.SIOBHAN,Siobhan Magnus to win American Idol,1,18.2,Mar/17/2010 10:52:49
713076,AI.2010.SIOBHAN,Siobhan Magnus to win American Idol,1,18.2,Mar/17/2010 10:53:13
713076,AI.2010.SIOBHAN,Siobhan Magnus to win American Idol,1,18.2,Mar/17/2010 10:53:29
713076,AI.2010.SIOBHAN,Siobhan Magnus to win American Idol,20,18.4,Mar/17/2010 14:13:48
713076,AI.2010.SIOBHAN,Siobhan Magnus to win American Idol,12,18.2,Mar/17/2010 14:13:48
713076,AI.2010.SIOBHAN,Siobhan Magnus to win American Idol,1,18.0,Mar/17/2010 19:10:12
713076,AI.2010.SIOBHAN,Siobhan Magnus to win American Idol,1,18.0,Mar/17/2010 19:48:27
713076,AI.2010.SIOBHAN,Siobhan Magnus to win American Idol,2,18.0,Mar/17/2010 19:48:38
713076,AI.2010.SIOBHAN,Siobhan Magnus to win American Idol,1,18.0,Mar/17/2010 19:49:57
713076,AI.2010.SIOBHAN,Siobhan Magnus to win American Idol,10,18.1,Mar/17/2010 23:18:13
713076,AI.2010.SIOBHAN,Siobhan Magnus to win American Idol,7,18.1,Mar/18/2010 00:40:17
713076,AI.2010.SIOBHAN,Siobhan Magnus to win American Idol,17,18.2,Mar/18/2010 00:58:32
713076,AI.2010.SIOBHAN,Siobhan Magnus to win American Idol,3,18.1,Mar/18/2010 00:58:32
713076,AI.2010.SIOBHAN,Siobhan Magnus to win American Idol,7,18.3,Mar/18/2010 01:00:08
713076,AI.2010.SIOBHAN,Siobhan Magnus to win American Idol,3,18.2,Mar/18/2010 01:00:08
713076,AI.2010.SIOBHAN,Siobhan Magnus to win American Idol,4,18.5,Mar/18/2010 01:25:05
713076,AI.2010.SIOBHAN,Siobhan Magnus to win American Idol,1,18.4,Mar/18/2010 01:25:05
713076,AI.2010.SIOBHAN,Siobhan Magnus to win American Idol,5,18.1,Mar/18/2010 05:40:30
713076,AI.2010.SIOBHAN,Siobhan Magnus to win American Idol,4,18.1,Mar/18/2010 22:36:00
713076,AI.2010.SIOBHAN,Siobhan Magnus to win American Idol,9,18.1,Mar/18/2010 22:38:24
713076,AI.2010.SIOBHAN,Siobhan Magnus to win American Idol,7,18.1,Mar/18/2010 22:46:57
713076,AI.2010.SIOBHAN,Siobhan Magnus to win American Idol,2,18.2,Mar/18/2010 22:47:14
713076,AI.2010.SIOBHAN,Siobhan Magnus to win American Idol,18,18.2,Mar/19/2010 00:03:59
713076,AI.2010.SIOBHAN,Siobhan Magnus to win American Idol,16,18.5,Mar/19/2010 06:57:07
713076,AI.2010.SIOBHAN,Siobhan Magnus to win American Idol,20,18.4,Mar/19/2010 06:57:07
713076,AI.2010.SIOBHAN,Siobhan Magnus to win American Idol,20,18.6,Mar/19/2010 06:57:07
713076,AI.2010.SIOBHAN,Siobhan Magnus to win American Idol,20,18.8,Mar/19/2010 06:57:07
713076,AI.2010.SIOBHAN,Siobhan Magnus to win American Idol,24,18.9,Mar/19/2010 06:57:07
713076,AI.2010.SIOBHAN,Siobhan Magnus to win American Idol,100,18.9,Mar/19/2010 07:15:50
713076,AI.2010.SIOBHAN,Siobhan Magnus to win American Idol,1,18.9,Mar/19/2010 08:35:30
713076,AI.2010.SIOBHAN,Siobhan Magnus to win American Idol,14,18.9,Mar/19/2010 08:36:20
713076,AI.2010.SIOBHAN,Siobhan Magnus to win American Idol,1,18.9,Mar/19/2010 13:44:08
713076,AI.2010.SIOBHAN,Siobhan Magnus to win American Idol,1,18.2,Mar/20/2010 10:01:24
713076,AI.2010.SIOBHAN,Siobhan Magnus to win American Idol,40,18.9,Mar/20/2010 19:18:48
713076,AI.2010.SIOBHAN,Siobhan Magnus to win American Idol,1,18.9,Mar/20/2010 19:18:48
713076,AI.2010.SIOBHAN,Siobhan Magnus to win American Idol,10,18.5,Mar/20/2010 19:18:48
713076,AI.2010.SIOBHAN,Siobhan Magnus to win American Idol,1,18.5,Mar/20/2010 19:18:48
713076,AI.2010.SIOBHAN,Siobhan Magnus to win American Idol,1,18.3,Mar/21/2010 03:07:23
713076,AI.2010.SIOBHAN,Siobhan Magnus to win American Idol,1,18.2,Mar/21/2010 03:07:34
713076,AI.2010.SIOBHAN,Siobhan Magnus to win American Idol,2,18.2,Mar/21/2010 03:07:45
713076,AI.2010.SIOBHAN,Siobhan Magnus to win American Idol,1,18.2,Mar/21/2010 03:07:57
713076,AI.2010.SIOBHAN,Siobhan Magnus to win American Idol,2,18.2,Mar/21/2010 03:08:08
713076,AI.2010.SIOBHAN,Siobhan Magnus to win American Idol,1,18.2,Mar/21/2010 03:08:19
713076,AI.2010.SIOBHAN,Siobhan Magnus to win American Idol,2,18.2,Mar/21/2010 03:08:31
713076,AI.2010.SIOBHAN,Siobhan Magnus to win American Idol,2,18.2,Mar/21/2010 03:08:42
713076,AI.2010.SIOBHAN,Siobhan Magnus to win American Idol,2,18.2,Mar/21/2010 03:08:53
713076,AI.2010.SIOBHAN,Siobhan Magnus to win American Idol,2,18.2,Mar/21/2010 03:09:04
713076,AI.2010.SIOBHAN,Siobhan Magnus to win American Idol,1,18.2,Mar/21/2010 03:21:18
713076,AI.2010.SIOBHAN,Siobhan Magnus to win American Idol,5,18.2,Mar/21/2010 03:21:29
713076,AI.2010.SIOBHAN,Siobhan Magnus to win American Idol,2,18.2,Mar/21/2010 03:21:41
713076,AI.2010.SIOBHAN,Siobhan Magnus to win American Idol,1,18.1,Mar/21/2010 03:21:52
713076,AI.2010.SIOBHAN,Siobhan Magnus to win American Idol,1,17.9,Mar/21/2010 03:22:03
713076,AI.2010.SIOBHAN,Siobhan Magnus to win American Idol,1,18.1,Mar/21/2010 05:40:06
713076,AI.2010.SIOBHAN,Siobhan Magnus to win American Idol,1,18.1,Mar/21/2010 05:40:22
713076,AI.2010.SIOBHAN,Siobhan Magnus to win American Idol,20,19.0,Mar/21/2010 21:26:16
713076,AI.2010.SIOBHAN,Siobhan Magnus to win American Idol,1,19.0,Mar/21/2010 21:26:16
713076,AI.2010.SIOBHAN,Siobhan Magnus to win American Idol,1,19.0,Mar/21/2010 21:26:16
713076,AI.2010.SIOBHAN,Siobhan Magnus to win American Idol,20,19.4,Mar/23/2010 00:55:26
713076,AI.2010.SIOBHAN,Siobhan Magnus to win American Idol,1,19.9,Mar/23/2010 00:55:49
713076,AI.2010.SIOBHAN,Siobhan Magnus to win American Idol,1,19.9,Mar/23/2010 00:55:49
713076,AI.2010.SIOBHAN,Siobhan Magnus to win American Idol,1,19.9,Mar/23/2010 00:55:49
713076,AI.2010.SIOBHAN,Siobhan Magnus to win American Idol,20,19.8,Mar/23/2010 00:55:49
713076,AI.2010.SIOBHAN,Siobhan Magnus to win American Idol,5,19.9,Mar/23/2010 00:55:49
713076,AI.2010.SIOBHAN,Siobhan Magnus to win American Idol,1,19.5,Mar/23/2010 00:55:49
713076,AI.2010.SIOBHAN,Siobhan Magnus to win American Idol,1,19.4,Mar/23/2010 00:55:49
713076,AI.2010.SIOBHAN,Siobhan Magnus to win American Idol,10,19.5,Mar/23/2010 00:55:49
713076,AI.2010.SIOBHAN,Siobhan Magnus to win American Idol,40,19.9,Mar/23/2010 00:56:03
713076,AI.2010.SIOBHAN,Siobhan Magnus to win American Idol,1,18.2,Mar/23/2010 01:17:31
713076,AI.2010.SIOBHAN,Siobhan Magnus to win American Idol,1,18.2,Mar/23/2010 01:19:35
713076,AI.2010.SIOBHAN,Siobhan Magnus to win American Idol,2,18.2,Mar/23/2010 01:39:43
713076,AI.2010.SIOBHAN,Siobhan Magnus to win American Idol,2,18.2,Mar/23/2010 01:39:54
713076,AI.2010.SIOBHAN,Siobhan Magnus to win American Idol,3,18.2,Mar/23/2010 01:40:05
713076,AI.2010.SIOBHAN,Siobhan Magnus to win American Idol,3,18.2,Mar/23/2010 01:40:16
713076,AI.2010.SIOBHAN,Siobhan Magnus to win American Idol,2,18.2,Mar/23/2010 01:40:28
713076,AI.2010.SIOBHAN,Siobhan Magnus to win American Idol,3,18.2,Mar/23/2010 01:43:00
713076,AI.2010.SIOBHAN,Siobhan Magnus to win American Idol,2,18.1,Mar/23/2010 01:43:12
713076,AI.2010.SIOBHAN,Siobhan Magnus to win American Idol,3,18.1,Mar/23/2010 01:43:40
713076,AI.2010.SIOBHAN,Siobhan Magnus to win American Idol,1,18.1,Mar/23/2010 01:44:05
713076,AI.2010.SIOBHAN,Siobhan Magnus to win American Idol,2,18.1,Mar/23/2010 01:47:58
713076,AI.2010.SIOBHAN,Siobhan Magnus to win American Idol,2,18.1,Mar/23/2010 04:43:54
713076,AI.2010.SIOBHAN,Siobhan Magnus to win American Idol,15,18.3,Mar/23/2010 04:46:16
713076,AI.2010.SIOBHAN,Siobhan Magnus to win American Idol,2,18.4,Mar/23/2010 04:47:23
713076,AI.2010.SIOBHAN,Siobhan Magnus to win American Idol,1,18.2,Mar/23/2010 15:13:16
713076,AI.2010.SIOBHAN,Siobhan Magnus to win American Idol,1,18.2,Mar/23/2010 15:23:24
713076,AI.2010.SIOBHAN,Siobhan Magnus to win American Idol,1,18.2,Mar/23/2010 15:23:35
713076,AI.2010.SIOBHAN,Siobhan Magnus to win American Idol,3,18.1,Mar/23/2010 15:23:46
713076,AI.2010.SIOBHAN,Siobhan Magnus to win American Idol,1,18.1,Mar/23/2010 15:23:58
713076,AI.2010.SIOBHAN,Siobhan Magnus to win American Idol,3,18.2,Mar/23/2010 17:10:59
713076,AI.2010.SIOBHAN,Siobhan Magnus to win American Idol,1,20.0,Mar/23/2010 23:32:46
713076,AI.2010.SIOBHAN,Siobhan Magnus to win American Idol,1,20.0,Mar/23/2010 23:32:46
713076,AI.2010.SIOBHAN,Siobhan Magnus to win American Idol,2,20.0,Mar/23/2010 23:32:46
713076,AI.2010.SIOBHAN,Siobhan Magnus to win American Idol,1,20.0,Mar/23/2010 23:32:46
713076,AI.2010.SIOBHAN,Siobhan Magnus to win American Idol,2,19.8,Mar/23/2010 23:32:46
713076,AI.2010.SIOBHAN,Siobhan Magnus to win American Idol,1,19.7,Mar/23/2010 23:32:46
713076,AI.2010.SIOBHAN,Siobhan Magnus to win American Idol,1,18.9,Mar/23/2010 23:32:46
713076,AI.2010.SIOBHAN,Siobhan Magnus to win American Idol,1,19.0,Mar/23/2010 23:32:46
713076,AI.2010.SIOBHAN,Siobhan Magnus to win American Idol,1,19.5,Mar/23/2010 23:32:46
713076,AI.2010.SIOBHAN,Siobhan Magnus to win American Idol,1,18.9,Mar/23/2010 23:32:46
713076,AI.2010.SIOBHAN,Siobhan Magnus to win American Idol,1,19.9,Mar/23/2010 23:32:46
713076,AI.2010.SIOBHAN,Siobhan Magnus to win American Idol,1,20.4,Mar/23/2010 23:45:49
713076,AI.2010.SIOBHAN,Siobhan Magnus to win American Idol,1,20.5,Mar/23/2010 23:46:50
713076,AI.2010.SIOBHAN,Siobhan Magnus to win American Idol,1,20.6,Mar/23/2010 23:49:18
713076,AI.2010.SIOBHAN,Siobhan Magnus to win American Idol,1,20.9,Mar/23/2010 23:50:20
713076,AI.2010.SIOBHAN,Siobhan Magnus to win American Idol,1,20.9,Mar/23/2010 23:50:20
713076,AI.2010.SIOBHAN,Siobhan Magnus to win American Idol,1,20.9,Mar/23/2010 23:50:20
713076,AI.2010.SIOBHAN,Siobhan Magnus to win American Idol,1,21.0,Mar/23/2010 23:53:13
713076,AI.2010.SIOBHAN,Siobhan Magnus to win American Idol,1,21.5,Mar/23/2010 23:54:14
713076,AI.2010.SIOBHAN,Siobhan Magnus to win American Idol,10,21.5,Mar/23/2010 23:54:14
713076,AI.2010.SIOBHAN,Siobhan Magnus to win American Idol,1,21.7,Mar/23/2010 23:59:34
713076,AI.2010.SIOBHAN,Siobhan Magnus to win American Idol,1,21.8,Mar/24/2010 00:00:35
713076,AI.2010.SIOBHAN,Siobhan Magnus to win American Idol,1,21.8,Mar/24/2010 00:00:35
713076,AI.2010.SIOBHAN,Siobhan Magnus to win American Idol,1,21.8,Mar/24/2010 00:00:35
713076,AI.2010.SIOBHAN,Siobhan Magnus to win American Idol,1,21.8,Mar/24/2010 00:00:35
713076,AI.2010.SIOBHAN,Siobhan Magnus to win American Idol,10,22.9,Mar/24/2010 01:48:43
713076,AI.2010.SIOBHAN,Siobhan Magnus to win American Idol,1,23.9,Mar/24/2010 01:48:43
713076,AI.2010.SIOBHAN,Siobhan Magnus to win American Idol,1,23.4,Mar/24/2010 01:48:43
713076,AI.2010.SIOBHAN,Siobhan Magnus to win American Idol,1,24.0,Mar/24/2010 01:48:43
713076,AI.2010.SIOBHAN,Siobhan Magnus to win American Idol,1,23.5,Mar/24/2010 01:48:43
713076,AI.2010.SIOBHAN,Siobhan Magnus to win American Idol,1,24.5,Mar/24/2010 01:48:43
713076,AI.2010.SIOBHAN,Siobhan Magnus to win American Idol,1,24.0,Mar/24/2010 01:48:43
713076,AI.2010.SIOBHAN,Siobhan Magnus to win American Idol,1,23.5,Mar/24/2010 01:48:43
713076,AI.2010.SIOBHAN,Siobhan Magnus to win American Idol,1,23.0,Mar/24/2010 01:48:43
713076,AI.2010.SIOBHAN,Siobhan Magnus to win American Idol,1,23.5,Mar/24/2010 01:48:43
713076,AI.2010.SIOBHAN,Siobhan Magnus to win American Idol,1,24.5,Mar/24/2010 01:48:43
713076,AI.2010.SIOBHAN,Siobhan Magnus to win American Idol,1,23.9,Mar/24/2010 01:48:43
713076,AI.2010.SIOBHAN,Siobhan Magnus to win American Idol,10,24.5,Mar/24/2010 01:48:43
713076,AI.2010.SIOBHAN,Siobhan Magnus to win American Idol,1,23.9,Mar/24/2010 01:48:43
713076,AI.2010.SIOBHAN,Siobhan Magnus to win American Idol,1,23.0,Mar/24/2010 01:48:43
713076,AI.2010.SIOBHAN,Siobhan Magnus to win American Idol,1,24.0,Mar/24/2010 01:48:43
713076,AI.2010.SIOBHAN,Siobhan Magnus to win American Idol,1,23.7,Mar/24/2010 01:48:43
713076,AI.2010.SIOBHAN,Siobhan Magnus to win American Idol,1,23.3,Mar/24/2010 01:48:43
713076,AI.2010.SIOBHAN,Siobhan Magnus to win American Idol,1,24.7,Mar/24/2010 01:48:43
713076,AI.2010.SIOBHAN,Siobhan Magnus to win American Idol,1,24.6,Mar/24/2010 01:48:43
713076,AI.2010.SIOBHAN,Siobhan Magnus to win American Idol,1,24.0,Mar/24/2010 01:48:43
713076,AI.2010.SIOBHAN,Siobhan Magnus to win American Idol,1,23.0,Mar/24/2010 01:48:43
713076,AI.2010.SIOBHAN,Siobhan Magnus to win American Idol,1,23.7,Mar/24/2010 01:48:43
713076,AI.2010.SIOBHAN,Siobhan Magnus to win American Idol,1,24.0,Mar/24/2010 01:48:43
713076,AI.2010.SIOBHAN,Siobhan Magnus to win American Idol,1,23.9,Mar/24/2010 01:48:43
713076,AI.2010.SIOBHAN,Siobhan Magnus to win American Idol,1,24.4,Mar/24/2010 01:48:43
713076,AI.2010.SIOBHAN,Siobhan Magnus to win American Idol,1,24.0,Mar/24/2010 01:48:43
713076,AI.2010.SIOBHAN,Siobhan Magnus to win American Idol,1,23.7,Mar/24/2010 01:48:43
713076,AI.2010.SIOBHAN,Siobhan Magnus to win American Idol,1,23.9,Mar/24/2010 01:48:43
713076,AI.2010.SIOBHAN,Siobhan Magnus to win American Idol,1,23.0,Mar/24/2010 01:48:43
713076,AI.2010.SIOBHAN,Siobhan Magnus to win American Idol,1,24.5,Mar/24/2010 01:48:43
713076,AI.2010.SIOBHAN,Siobhan Magnus to win American Idol,1,24.7,Mar/24/2010 01:48:43
713076,AI.2010.SIOBHAN,Siobhan Magnus to win American Idol,1,24.9,Mar/24/2010 01:49:02
713076,AI.2010.SIOBHAN,Siobhan Magnus to win American Idol,1,24.9,Mar/24/2010 01:49:02
713076,AI.2010.SIOBHAN,Siobhan Magnus to win American Idol,20,25.0,Mar/24/2010 01:49:02
713076,AI.2010.SIOBHAN,Siobhan Magnus to win American Idol,1,25.0,Mar/24/2010 01:49:02
713076,AI.2010.SIOBHAN,Siobhan Magnus to win American Idol,1,24.9,Mar/24/2010 01:49:02
713076,AI.2010.SIOBHAN,Siobhan Magnus to win American Idol,1,25.0,Mar/24/2010 01:49:02
713076,AI.2010.SIOBHAN,Siobhan Magnus to win American Idol,1,24.0,Mar/24/2010 12:14:35
713076,AI.2010.SIOBHAN,Siobhan Magnus to win American Idol,2,20.0,Mar/24/2010 18:01:55
713076,AI.2010.SIOBHAN,Siobhan Magnus to win American Idol,1,20.4,Mar/24/2010 19:22:13
713076,AI.2010.SIOBHAN,Siobhan Magnus to win American Idol,114,21.0,Mar/25/2010 00:26:43
713076,AI.2010.SIOBHAN,Siobhan Magnus to win American Idol,3,21.0,Mar/25/2010 00:45:37
713076,AI.2010.SIOBHAN,Siobhan Magnus to win American Idol,63,21.0,Mar/25/2010 02:04:04
713076,AI.2010.SIOBHAN,Siobhan Magnus to win American Idol,20,21.0,Mar/25/2010 02:05:02
713076,AI.2010.SIOBHAN,Siobhan Magnus to win American Idol,1,20.6,Mar/25/2010 12:49:37
713076,AI.2010.SIOBHAN,Siobhan Magnus to win American Idol,2,20.5,Mar/25/2010 13:50:00
713076,AI.2010.SIOBHAN,Siobhan Magnus to win American Idol,4,20.5,Mar/25/2010 15:44:04
713076,AI.2010.SIOBHAN,Siobhan Magnus to win American Idol,1,21.0,Mar/25/2010 15:48:43
713076,AI.2010.SIOBHAN,Siobhan Magnus to win American Idol,1,20.5,Mar/25/2010 21:42:10
713076,AI.2010.SIOBHAN,Siobhan Magnus to win American Idol,1,20.3,Mar/25/2010 21:42:10
713076,AI.2010.SIOBHAN,Siobhan Magnus to win American Idol,1,20.1,Mar/25/2010 21:42:10
713076,AI.2010.SIOBHAN,Siobhan Magnus to win American Idol,8,20.0,Mar/26/2010 02:01:20
713076,AI.2010.SIOBHAN,Siobhan Magnus to win American Idol,3,20.0,Mar/26/2010 04:05:55
713076,AI.2010.SIOBHAN,Siobhan Magnus to win American Idol,4,20.0,Mar/26/2010 14:08:55
713076,AI.2010.SIOBHAN,Siobhan Magnus to win American Idol,5,20.0,Mar/26/2010 19:07:11
713076,AI.2010.SIOBHAN,Siobhan Magnus to win American Idol,5,19.7,Mar/26/2010 19:15:01
713076,AI.2010.SIOBHAN,Siobhan Magnus to win American Idol,15,19.7,Mar/27/2010 00:16:33
713076,AI.2010.SIOBHAN,Siobhan Magnus to win American Idol,10,19.9,Mar/28/2010 22:57:38
713076,AI.2010.SIOBHAN,Siobhan Magnus to win American Idol,4,19.8,Mar/28/2010 22:57:38
713076,AI.2010.SIOBHAN,Siobhan Magnus to win American Idol,6,19.7,Mar/28/2010 22:57:38
713076,AI.2010.SIOBHAN,Siobhan Magnus to win American Idol,1,18.9,Mar/29/2010 16:00:07
713076,AI.2010.SIOBHAN,Siobhan Magnus to win American Idol,2,19.0,Mar/29/2010 16:00:07
713076,AI.2010.SIOBHAN,Siobhan Magnus to win American Idol,256,19.0,Mar/29/2010 16:50:34
713076,AI.2010.SIOBHAN,Siobhan Magnus to win American Idol,20,18.6,Mar/29/2010 19:06:49
713076,AI.2010.SIOBHAN,Siobhan Magnus to win American Idol,34,18.1,Mar/29/2010 19:07:12
713076,AI.2010.SIOBHAN,Siobhan Magnus to win American Idol,19,17.5,Mar/30/2010 19:49:58
713076,AI.2010.SIOBHAN,Siobhan Magnus to win American Idol,1,17.6,Mar/30/2010 19:49:58
713076,AI.2010.SIOBHAN,Siobhan Magnus to win American Idol,1,17.5,Mar/31/2010 00:11:19
713076,AI.2010.SIOBHAN,Siobhan Magnus to win American Idol,1,17.3,Mar/31/2010 00:11:19
713076,AI.2010.SIOBHAN,Siobhan Magnus to win American Idol,1,17.0,Mar/31/2010 00:15:05
713076,AI.2010.SIOBHAN,Siobhan Magnus to win American Idol,10,16.0,Mar/31/2010 00:15:22
713076,AI.2010.SIOBHAN,Siobhan Magnus to win American Idol,1,16.7,Mar/31/2010 00:15:22
713076,AI.2010.SIOBHAN,Siobhan Magnus to win American Idol,1,16.4,Mar/31/2010 00:15:22
713076,AI.2010.SIOBHAN,Siobhan Magnus to win American Idol,1,16.1,Mar/31/2010 00:15:22
713076,AI.2010.SIOBHAN,Siobhan Magnus to win American Idol,8,16.0,Mar/31/2010 00:16:56
713076,AI.2010.SIOBHAN,Siobhan Magnus to win American Idol,2,16.0,Mar/31/2010 00:17:18
713076,AI.2010.SIOBHAN,Siobhan Magnus to win American Idol,1,15.8,Mar/31/2010 00:21:06
713076,AI.2010.SIOBHAN,Siobhan Magnus to win American Idol,1,15.6,Mar/31/2010 00:21:31
713076,AI.2010.SIOBHAN,Siobhan Magnus to win American Idol,18,15.0,Mar/31/2010 00:27:40
713076,AI.2010.SIOBHAN,Siobhan Magnus to win American Idol,1,15.2,Mar/31/2010 00:27:40
713076,AI.2010.SIOBHAN,Siobhan Magnus to win American Idol,2,15.0,Mar/31/2010 00:28:49
713076,AI.2010.SIOBHAN,Siobhan Magnus to win American Idol,1,15.0,Mar/31/2010 00:28:49
713076,AI.2010.SIOBHAN,Siobhan Magnus to win American Idol,1,14.5,Mar/31/2010 00:31:15
713076,AI.2010.SIOBHAN,Siobhan Magnus to win American Idol,7,13.0,Mar/31/2010 00:45:03
713076,AI.2010.SIOBHAN,Siobhan Magnus to win American Idol,1,13.1,Mar/31/2010 00:45:44
713076,AI.2010.SIOBHAN,Siobhan Magnus to win American Idol,4,13.1,Mar/31/2010 01:03:39
713076,AI.2010.SIOBHAN,Siobhan Magnus to win American Idol,15,13.0,Mar/31/2010 01:07:23
713076,AI.2010.SIOBHAN,Siobhan Magnus to win American Idol,1,11.9,Mar/31/2010 01:39:52
713076,AI.2010.SIOBHAN,Siobhan Magnus to win American Idol,1,12.5,Mar/31/2010 01:49:57
713076,AI.2010.SIOBHAN,Siobhan Magnus to win American Idol,27,12.4,Mar/31/2010 01:49:57
713076,AI.2010.SIOBHAN,Siobhan Magnus to win American Idol,1,11.5,Mar/31/2010 01:49:57
713076,AI.2010.SIOBHAN,Siobhan Magnus to win American Idol,1,12.0,Mar/31/2010 01:49:57
713076,AI.2010.SIOBHAN,Siobhan Magnus to win American Idol,1,12.3,Mar/31/2010 01:49:57
713076,AI.2010.SIOBHAN,Siobhan Magnus to win American Idol,1,12.7,Mar/31/2010 02:15:04
713076,AI.2010.SIOBHAN,Siobhan Magnus to win American Idol,19,12.6,Mar/31/2010 02:15:04
713076,AI.2010.SIOBHAN,Siobhan Magnus to win American Idol,1,11.9,Mar/31/2010 02:15:04
713076,AI.2010.SIOBHAN,Siobhan Magnus to win American Idol,2,12.5,Mar/31/2010 02:15:04
713076,AI.2010.SIOBHAN,Siobhan Magnus to win American Idol,2,12.4,Mar/31/2010 02:15:04
713076,AI.2010.SIOBHAN,Siobhan Magnus to win American Idol,20,8.5,Mar/31/2010 02:19:14
713076,AI.2010.SIOBHAN,Siobhan Magnus to win American Idol,20,9.0,Mar/31/2010 02:19:14
713076,AI.2010.SIOBHAN,Siobhan Magnus to win American Idol,20,8.0,Mar/31/2010 02:19:32
713076,AI.2010.SIOBHAN,Siobhan Magnus to win American Idol,1,11.9,Mar/31/2010 03:38:58
713076,AI.2010.SIOBHAN,Siobhan Magnus to win American Idol,2,11.9,Mar/31/2010 03:38:58
713076,AI.2010.SIOBHAN,Siobhan Magnus to win American Idol,2,11.7,Mar/31/2010 03:48:38
713076,AI.2010.SIOBHAN,Siobhan Magnus to win American Idol,1,12.0,Mar/31/2010 03:51:57
713076,AI.2010.SIOBHAN,Siobhan Magnus to win American Idol,2,11.9,Mar/31/2010 03:51:57
713076,AI.2010.SIOBHAN,Siobhan Magnus to win American Idol,2,11.7,Mar/31/2010 03:51:57
713076,AI.2010.SIOBHAN,Siobhan Magnus to win American Idol,2,12.5,Mar/31/2010 03:52:22
713076,AI.2010.SIOBHAN,Siobhan Magnus to win American Idol,8,12.5,Mar/31/2010 03:53:18
713076,AI.2010.SIOBHAN,Siobhan Magnus to win American Idol,1,11.9,Mar/31/2010 03:53:19
713076,AI.2010.SIOBHAN,Siobhan Magnus to win American Idol,1,12.0,Mar/31/2010 03:54:34
713076,AI.2010.SIOBHAN,Siobhan Magnus to win American Idol,1,11.9,Mar/31/2010 03:54:34
713076,AI.2010.SIOBHAN,Siobhan Magnus to win American Idol,2,12.0,Mar/31/2010 03:54:34
713076,AI.2010.SIOBHAN,Siobhan Magnus to win American Idol,2,11.9,Mar/31/2010 03:54:34
713076,AI.2010.SIOBHAN,Siobhan Magnus to win American Idol,9,12.0,Mar/31/2010 03:55:13
713076,AI.2010.SIOBHAN,Siobhan Magnus to win American Idol,1,11.0,Mar/31/2010 03:55:24
713076,AI.2010.SIOBHAN,Siobhan Magnus to win American Idol,10,11.0,Mar/31/2010 03:55:35
713076,AI.2010.SIOBHAN,Siobhan Magnus to win American Idol,4,11.0,Mar/31/2010 03:56:00
713076,AI.2010.SIOBHAN,Siobhan Magnus to win American Idol,1,10.8,Mar/31/2010 03:56:11
713076,AI.2010.SIOBHAN,Siobhan Magnus to win American Idol,10,11.0,Mar/31/2010 03:56:22
713076,AI.2010.SIOBHAN,Siobhan Magnus to win American Idol,100,11.1,Mar/31/2010 03:59:53
713076,AI.2010.SIOBHAN,Siobhan Magnus to win American Idol,3,10.9,Mar/31/2010 04:00:14
713076,AI.2010.SIOBHAN,Siobhan Magnus to win American Idol,12,11.0,Mar/31/2010 04:03:24
713076,AI.2010.SIOBHAN,Siobhan Magnus to win American Idol,1,10.9,Mar/31/2010 04:19:52
713076,AI.2010.SIOBHAN,Siobhan Magnus to win American Idol,47,11.0,Mar/31/2010 04:21:29
713076,AI.2010.SIOBHAN,Siobhan Magnus to win American Idol,3,10.9,Mar/31/2010 04:21:29
713076,AI.2010.SIOBHAN,Siobhan Magnus to win American Idol,2,11.9,Mar/31/2010 12:51:23
713076,AI.2010.SIOBHAN,Siobhan Magnus to win American Idol,2,12.0,Mar/31/2010 12:51:23
713076,AI.2010.SIOBHAN,Siobhan Magnus to win American Idol,1,11.7,Mar/31/2010 12:51:23
713076,AI.2010.SIOBHAN,Siobhan Magnus to win American Idol,2,10.9,Mar/31/2010 12:51:23
713076,AI.2010.SIOBHAN,Siobhan Magnus to win American Idol,4,10.6,Mar/31/2010 16:19:05
713076,AI.2010.SIOBHAN,Siobhan Magnus to win American Idol,1,11.0,Mar/31/2010 16:19:05
713076,AI.2010.SIOBHAN,Siobhan Magnus to win American Idol,5,10.6,Mar/31/2010 16:19:28
713076,AI.2010.SIOBHAN,Siobhan Magnus to win American Idol,1,10.5,Mar/31/2010 16:20:44
713076,AI.2010.SIOBHAN,Siobhan Magnus to win American Idol,1,10.2,Mar/31/2010 16:20:44
713076,AI.2010.SIOBHAN,Siobhan Magnus to win American Idol,1,10.6,Mar/31/2010 16:20:44
713076,AI.2010.SIOBHAN,Siobhan Magnus to win American Idol,25,9.5,Mar/31/2010 16:21:01
713076,AI.2010.SIOBHAN,Siobhan Magnus to win American Idol,1,9.9,Mar/31/2010 16:21:01
713076,AI.2010.SIOBHAN,Siobhan Magnus to win American Idol,1,9.6,Mar/31/2010 16:21:01
713076,AI.2010.SIOBHAN,Siobhan Magnus to win American Idol,1,9.3,Mar/31/2010 16:21:49
713076,AI.2010.SIOBHAN,Siobhan Magnus to win American Idol,1,9.0,Mar/31/2010 16:21:49
713076,AI.2010.SIOBHAN,Siobhan Magnus to win American Idol,1,8.7,Mar/31/2010 16:23:34
713076,AI.2010.SIOBHAN,Siobhan Magnus to win American Idol,1,8.4,Mar/31/2010 16:23:34
713076,AI.2010.SIOBHAN,Siobhan Magnus to win American Idol,1,8.1,Mar/31/2010 16:23:34
713076,AI.2010.SIOBHAN,Siobhan Magnus to win American Idol,1,9.8,Mar/31/2010 17:42:00
713076,AI.2010.SIOBHAN,Siobhan Magnus to win American Idol,40,7.5,Mar/31/2010 17:51:56
713076,AI.2010.SIOBHAN,Siobhan Magnus to win American Idol,10,7.5,Mar/31/2010 17:51:56
713076,AI.2010.SIOBHAN,Siobhan Magnus to win American Idol,1,7.6,Mar/31/2010 17:51:56
713076,AI.2010.SIOBHAN,Siobhan Magnus to win American Idol,20,7.0,Mar/31/2010 18:20:02
713076,AI.2010.SIOBHAN,Siobhan Magnus to win American Idol,1,9.4,Apr/01/2010 00:29:35
713076,AI.2010.SIOBHAN,Siobhan Magnus to win American Idol,48,9.4,Apr/01/2010 00:29:35
713076,AI.2010.SIOBHAN,Siobhan Magnus to win American Idol,1,8.9,Apr/01/2010 00:29:35
713076,AI.2010.SIOBHAN,Siobhan Magnus to win American Idol,1,9.0,Apr/01/2010 01:48:20
713076,AI.2010.SIOBHAN,Siobhan Magnus to win American Idol,1,9.0,Apr/01/2010 01:50:42
713076,AI.2010.SIOBHAN,Siobhan Magnus to win American Idol,174,9.4,Apr/01/2010 01:58:08
713076,AI.2010.SIOBHAN,Siobhan Magnus to win American Idol,1,9.0,Apr/01/2010 01:58:08
713076,AI.2010.SIOBHAN,Siobhan Magnus to win American Idol,3,9.3,Apr/01/2010 01:58:08
713076,AI.2010.SIOBHAN,Siobhan Magnus to win American Idol,1,10.3,Apr/01/2010 02:11:36
713076,AI.2010.SIOBHAN,Siobhan Magnus to win American Idol,1,10.0,Apr/01/2010 02:11:36
713076,AI.2010.SIOBHAN,Siobhan Magnus to win American Idol,1,9.9,Apr/01/2010 02:11:36
713076,AI.2010.SIOBHAN,Siobhan Magnus to win American Idol,1,9.5,Apr/01/2010 02:11:36
713076,AI.2010.SIOBHAN,Siobhan Magnus to win American Idol,1,9.9,Apr/01/2010 02:11:36
713076,AI.2010.SIOBHAN,Siobhan Magnus to win American Idol,1,9.9,Apr/01/2010 02:11:36
713076,AI.2010.SIOBHAN,Siobhan Magnus to win American Idol,10,9.6,Apr/01/2010 03:37:52
713076,AI.2010.SIOBHAN,Siobhan Magnus to win American Idol,1,9.9,Apr/01/2010 16:02:18
713076,AI.2010.SIOBHAN,Siobhan Magnus to win American Idol,2,10.0,Apr/03/2010 00:14:30
713076,AI.2010.SIOBHAN,Siobhan Magnus to win American Idol,3,10.0,Apr/03/2010 16:06:01
713076,AI.2010.SIOBHAN,Siobhan Magnus to win American Idol,2,10.1,Apr/03/2010 23:24:44
713076,AI.2010.SIOBHAN,Siobhan Magnus to win American Idol,2,10.1,Apr/03/2010 23:24:44
713076,AI.2010.SIOBHAN,Siobhan Magnus to win American Idol,1,10.4,Apr/03/2010 23:25:11
713076,AI.2010.SIOBHAN,Siobhan Magnus to win American Idol,2,10.4,Apr/03/2010 23:25:11
713076,AI.2010.SIOBHAN,Siobhan Magnus to win American Idol,10,10.5,Apr/03/2010 23:26:10
713076,AI.2010.SIOBHAN,Siobhan Magnus to win American Idol,2,10.9,Apr/04/2010 00:48:48
713076,AI.2010.SIOBHAN,Siobhan Magnus to win American Idol,2,11.0,Apr/04/2010 00:50:41
713076,AI.2010.SIOBHAN,Siobhan Magnus to win American Idol,2,11.0,Apr/04/2010 00:50:41
713076,AI.2010.SIOBHAN,Siobhan Magnus to win American Idol,2,10.9,Apr/04/2010 14:04:04
713076,AI.2010.SIOBHAN,Siobhan Magnus to win American Idol,2,11.0,Apr/04/2010 19:13:58
713076,AI.2010.SIOBHAN,Siobhan Magnus to win American Idol,1,11.0,Apr/04/2010 20:07:01
713076,AI.2010.SIOBHAN,Siobhan Magnus to win American Idol,2,10.9,Apr/04/2010 20:11:52
713076,AI.2010.SIOBHAN,Siobhan Magnus to win American Idol,4,10.9,Apr/04/2010 20:20:13
713076,AI.2010.SIOBHAN,Siobhan Magnus to win American Idol,1,10.9,Apr/04/2010 20:27:22
713076,AI.2010.SIOBHAN,Siobhan Magnus to win American Idol,1,10.9,Apr/04/2010 20:29:41
713076,AI.2010.SIOBHAN,Siobhan Magnus to win American Idol,1,10.9,Apr/04/2010 21:00:56
713076,AI.2010.SIOBHAN,Siobhan Magnus to win American Idol,3,10.9,Apr/04/2010 21:02:06
713076,AI.2010.SIOBHAN,Siobhan Magnus to win American Idol,1,10.8,Apr/04/2010 22:34:12
713076,AI.2010.SIOBHAN,Siobhan Magnus to win American Idol,1,10.6,Apr/04/2010 22:34:12
713076,AI.2010.SIOBHAN,Siobhan Magnus to win American Idol,1,10.8,Apr/04/2010 22:34:12
713076,AI.2010.SIOBHAN,Siobhan Magnus to win American Idol,1,10.7,Apr/04/2010 22:34:12
713076,AI.2010.SIOBHAN,Siobhan Magnus to win American Idol,1,10.4,Apr/05/2010 05:09:11
713076,AI.2010.SIOBHAN,Siobhan Magnus to win American Idol,1,10.4,Apr/05/2010 05:09:11
713076,AI.2010.SIOBHAN,Siobhan Magnus to win American Idol,1,10.5,Apr/05/2010 05:09:11
713076,AI.2010.SIOBHAN,Siobhan Magnus to win American Idol,1,10.5,Apr/05/2010 05:09:11
713076,AI.2010.SIOBHAN,Siobhan Magnus to win American Idol,16,10.4,Apr/05/2010 19:52:44
713076,AI.2010.SIOBHAN,Siobhan Magnus to win American Idol,2,11.7,Apr/06/2010 08:32:44
713076,AI.2010.SIOBHAN,Siobhan Magnus to win American Idol,3,11.9,Apr/06/2010 08:32:44
713076,AI.2010.SIOBHAN,Siobhan Magnus to win American Idol,4,12.0,Apr/06/2010 08:32:44
713076,AI.2010.SIOBHAN,Siobhan Magnus to win American Idol,3,11.9,Apr/06/2010 08:32:44
713076,AI.2010.SIOBHAN,Siobhan Magnus to win American Idol,5,12.0,Apr/06/2010 08:32:44
713076,AI.2010.SIOBHAN,Siobhan Magnus to win American Idol,10,11.5,Apr/06/2010 08:32:44
713076,AI.2010.SIOBHAN,Siobhan Magnus to win American Idol,2,12.0,Apr/06/2010 08:32:44
713076,AI.2010.SIOBHAN,Siobhan Magnus to win American Idol,1,12.0,Apr/06/2010 08:32:44
713076,AI.2010.SIOBHAN,Siobhan Magnus to win American Idol,1,11.4,Apr/06/2010 08:32:44
713076,AI.2010.SIOBHAN,Siobhan Magnus to win American Idol,1,11.4,Apr/06/2010 08:32:44
713076,AI.2010.SIOBHAN,Siobhan Magnus to win American Idol,1,11.0,Apr/06/2010 08:32:44
713076,AI.2010.SIOBHAN,Siobhan Magnus to win American Idol,1,11.4,Apr/06/2010 08:32:44
713076,AI.2010.SIOBHAN,Siobhan Magnus to win American Idol,1,11.0,Apr/06/2010 08:32:44
713076,AI.2010.SIOBHAN,Siobhan Magnus to win American Idol,20,10.7,Apr/06/2010 08:32:44
713076,AI.2010.SIOBHAN,Siobhan Magnus to win American Idol,1,10.6,Apr/06/2010 08:32:44
713076,AI.2010.SIOBHAN,Siobhan Magnus to win American Idol,1,12.9,Apr/06/2010 08:40:25
713076,AI.2010.SIOBHAN,Siobhan Magnus to win American Idol,1,13.0,Apr/06/2010 08:40:25
713076,AI.2010.SIOBHAN,Siobhan Magnus to win American Idol,2,13.0,Apr/06/2010 08:40:25
713076,AI.2010.SIOBHAN,Siobhan Magnus to win American Idol,1,12.7,Apr/06/2010 08:40:25
713076,AI.2010.SIOBHAN,Siobhan Magnus to win American Idol,2,12.9,Apr/06/2010 08:40:25
713076,AI.2010.SIOBHAN,Siobhan Magnus to win American Idol,2,12.5,Apr/06/2010 08:40:25
713076,AI.2010.SIOBHAN,Siobhan Magnus to win American Idol,3,12.1,Apr/06/2010 08:40:25
713076,AI.2010.SIOBHAN,Siobhan Magnus to win American Idol,2,12.5,Apr/06/2010 08:40:25
713076,AI.2010.SIOBHAN,Siobhan Magnus to win American Idol,3,12.9,Apr/06/2010 08:40:25
713076,AI.2010.SIOBHAN,Siobhan Magnus to win American Idol,3,12.5,Apr/06/2010 08:40:25
713076,AI.2010.SIOBHAN,Siobhan Magnus to win American Idol,2,12.9,Apr/06/2010 08:40:25
713076,AI.2010.SIOBHAN,Siobhan Magnus to win American Idol,2,12.9,Apr/06/2010 08:40:25
713076,AI.2010.SIOBHAN,Siobhan Magnus to win American Idol,10,12.5,Apr/06/2010 08:40:25
713076,AI.2010.SIOBHAN,Siobhan Magnus to win American Idol,2,13.0,Apr/06/2010 08:40:45
713076,AI.2010.SIOBHAN,Siobhan Magnus to win American Idol,1,13.0,Apr/06/2010 08:40:45
713076,AI.2010.SIOBHAN,Siobhan Magnus to win American Idol,2,11.0,Apr/06/2010 17:25:23
713076,AI.2010.SIOBHAN,Siobhan Magnus to win American Idol,4,11.0,Apr/06/2010 17:25:43
713076,AI.2010.SIOBHAN,Siobhan Magnus to win American Idol,1,12.9,Apr/06/2010 19:17:38
713076,AI.2010.SIOBHAN,Siobhan Magnus to win American Idol,18,12.8,Apr/06/2010 19:17:38
713076,AI.2010.SIOBHAN,Siobhan Magnus to win American Idol,1,12.2,Apr/07/2010 15:45:24
713076,AI.2010.SIOBHAN,Siobhan Magnus to win American Idol,1,12.4,Apr/07/2010 15:45:24
713076,AI.2010.SIOBHAN,Siobhan Magnus to win American Idol,1,12.6,Apr/07/2010 15:45:24
713076,AI.2010.SIOBHAN,Siobhan Magnus to win American Idol,1,12.1,Apr/07/2010 15:45:43
713076,AI.2010.SIOBHAN,Siobhan Magnus to win American Idol,11,9.8,Apr/07/2010 16:49:17
713076,AI.2010.SIOBHAN,Siobhan Magnus to win American Idol,4,9.6,Apr/08/2010 01:43:28
713076,AI.2010.SIOBHAN,Siobhan Magnus to win American Idol,3,9.6,Apr/08/2010 01:43:28
713076,AI.2010.SIOBHAN,Siobhan Magnus to win American Idol,2,9.4,Apr/08/2010 01:43:28
713076,AI.2010.SIOBHAN,Siobhan Magnus to win American Idol,1,7.2,Apr/08/2010 01:44:52
713076,AI.2010.SIOBHAN,Siobhan Magnus to win American Idol,1,7.3,Apr/08/2010 01:44:52
713076,AI.2010.SIOBHAN,Siobhan Magnus to win American Idol,1,7.5,Apr/08/2010 01:44:52
713076,AI.2010.SIOBHAN,Siobhan Magnus to win American Idol,1,7.7,Apr/08/2010 01:44:52
713076,AI.2010.SIOBHAN,Siobhan Magnus to win American Idol,1,7.8,Apr/08/2010 01:44:52
713076,AI.2010.SIOBHAN,Siobhan Magnus to win American Idol,1,8.0,Apr/08/2010 01:44:52
713076,AI.2010.SIOBHAN,Siobhan Magnus to win American Idol,7,9.7,Apr/08/2010 01:58:45
713076,AI.2010.SIOBHAN,Siobhan Magnus to win American Idol,20,9.8,Apr/08/2010 01:58:45
713076,AI.2010.SIOBHAN,Siobhan Magnus to win American Idol,20,9.9,Apr/08/2010 01:58:45
713076,AI.2010.SIOBHAN,Siobhan Magnus to win American Idol,3,10.0,Apr/08/2010 01:58:45
713076,AI.2010.SIOBHAN,Siobhan Magnus to win American Idol,17,10.0,Apr/08/2010 02:36:58
713076,AI.2010.SIOBHAN,Siobhan Magnus to win American Idol,20,10.4,Apr/08/2010 02:37:14
713076,AI.2010.SIOBHAN,Siobhan Magnus to win American Idol,20,10.8,Apr/09/2010 23:08:23
713076,AI.2010.SIOBHAN,Siobhan Magnus to win American Idol,20,10.9,Apr/09/2010 23:08:23
713076,AI.2010.SIOBHAN,Siobhan Magnus to win American Idol,20,10.9,Apr/09/2010 23:08:23
713076,AI.2010.SIOBHAN,Siobhan Magnus to win American Idol,20,11.0,Apr/09/2010 23:08:23
713076,AI.2010.SIOBHAN,Siobhan Magnus to win American Idol,20,11.4,Apr/09/2010 23:08:23
713076,AI.2010.SIOBHAN,Siobhan Magnus to win American Idol,80,11.8,Apr/09/2010 23:08:23
713076,AI.2010.SIOBHAN,Siobhan Magnus to win American Idol,80,11.9,Apr/09/2010 23:08:23
713076,AI.2010.SIOBHAN,Siobhan Magnus to win American Idol,200,11.9,Apr/09/2010 23:08:23
713076,AI.2010.SIOBHAN,Siobhan Magnus to win American Idol,280,12.0,Apr/09/2010 23:08:23
713076,AI.2010.SIOBHAN,Siobhan Magnus to win American Idol,25,10.0,Apr/09/2010 23:08:23
713076,AI.2010.SIOBHAN,Siobhan Magnus to win American Idol,20,10.4,Apr/09/2010 23:08:23
713076,AI.2010.SIOBHAN,Siobhan Magnus to win American Idol,25,9.9,Apr/09/2010 23:08:23
713076,AI.2010.SIOBHAN,Siobhan Magnus to win American Idol,25,9.8,Apr/09/2010 23:08:23
713076,AI.2010.SIOBHAN,Siobhan Magnus to win American Idol,10,13.5,Apr/09/2010 23:17:15
713076,AI.2010.SIOBHAN,Siobhan Magnus to win American Idol,9,15.0,Apr/09/2010 23:17:15
713076,AI.2010.SIOBHAN,Siobhan Magnus to win American Idol,1,14.9,Apr/09/2010 23:17:15
713076,AI.2010.SIOBHAN,Siobhan Magnus to win American Idol,1,14.5,Apr/09/2010 23:17:15
713076,AI.2010.SIOBHAN,Siobhan Magnus to win American Idol,1,13.9,Apr/09/2010 23:17:15
713076,AI.2010.SIOBHAN,Siobhan Magnus to win American Idol,1,13.5,Apr/09/2010 23:17:15
713076,AI.2010.SIOBHAN,Siobhan Magnus to win American Idol,1,12.9,Apr/09/2010 23:17:15
713076,AI.2010.SIOBHAN,Siobhan Magnus to win American Idol,1,12.5,Apr/09/2010 23:17:15
713076,AI.2010.SIOBHAN,Siobhan Magnus to win American Idol,18,15.5,Apr/09/2010 23:20:38
713076,AI.2010.SIOBHAN,Siobhan Magnus to win American Idol,11,15.0,Apr/09/2010 23:20:38
713076,AI.2010.SIOBHAN,Siobhan Magnus to win American Idol,1,15.5,Apr/09/2010 23:20:38
713076,AI.2010.SIOBHAN,Siobhan Magnus to win American Idol,1,15.9,Apr/09/2010 23:23:13
713076,AI.2010.SIOBHAN,Siobhan Magnus to win American Idol,1,16.9,Apr/09/2010 23:23:31
713076,AI.2010.SIOBHAN,Siobhan Magnus to win American Idol,1,16.5,Apr/09/2010 23:23:31
713076,AI.2010.SIOBHAN,Siobhan Magnus to win American Idol,1,17.9,Apr/09/2010 23:23:47
713076,AI.2010.SIOBHAN,Siobhan Magnus to win American Idol,1,17.5,Apr/09/2010 23:23:47
713076,AI.2010.SIOBHAN,Siobhan Magnus to win American Idol,1,18.9,Apr/09/2010 23:24:08
713076,AI.2010.SIOBHAN,Siobhan Magnus to win American Idol,1,18.5,Apr/09/2010 23:24:08
713076,AI.2010.SIOBHAN,Siobhan Magnus to win American Idol,1,19.9,Apr/09/2010 23:24:25
713076,AI.2010.SIOBHAN,Siobhan Magnus to win American Idol,1,19.5,Apr/09/2010 23:24:25
713076,AI.2010.SIOBHAN,Siobhan Magnus to win American Idol,1,20.9,Apr/09/2010 23:24:52
713076,AI.2010.SIOBHAN,Siobhan Magnus to win American Idol,1,20.5,Apr/09/2010 23:24:52
713076,AI.2010.SIOBHAN,Siobhan Magnus to win American Idol,1,21.9,Apr/09/2010 23:25:09
713076,AI.2010.SIOBHAN,Siobhan Magnus to win American Idol,1,21.5,Apr/09/2010 23:25:09
713076,AI.2010.SIOBHAN,Siobhan Magnus to win American Idol,4,21.0,Apr/09/2010 23:26:04
713076,AI.2010.SIOBHAN,Siobhan Magnus to win American Idol,1,20.9,Apr/09/2010 23:26:04
713076,AI.2010.SIOBHAN,Siobhan Magnus to win American Idol,1,20.5,Apr/09/2010 23:26:04
713076,AI.2010.SIOBHAN,Siobhan Magnus to win American Idol,1,20.9,Apr/09/2010 23:28:30
713076,AI.2010.SIOBHAN,Siobhan Magnus to win American Idol,26,21.0,Apr/09/2010 23:31:03
713076,AI.2010.SIOBHAN,Siobhan Magnus to win American Idol,1,20.9,Apr/09/2010 23:31:03
713076,AI.2010.SIOBHAN,Siobhan Magnus to win American Idol,1,20.5,Apr/09/2010 23:31:03
713076,AI.2010.SIOBHAN,Siobhan Magnus to win American Idol,1,21.0,Apr/09/2010 23:31:03
713076,AI.2010.SIOBHAN,Siobhan Magnus to win American Idol,1,19.9,Apr/09/2010 23:31:03
713076,AI.2010.SIOBHAN,Siobhan Magnus to win American Idol,1,20.9,Apr/09/2010 23:31:03
713076,AI.2010.SIOBHAN,Siobhan Magnus to win American Idol,1,22.5,Apr/09/2010 23:31:54
713076,AI.2010.SIOBHAN,Siobhan Magnus to win American Idol,1,21.9,Apr/09/2010 23:31:54
713076,AI.2010.SIOBHAN,Siobhan Magnus to win American Idol,1,21.5,Apr/09/2010 23:31:54
713076,AI.2010.SIOBHAN,Siobhan Magnus to win American Idol,1,22.9,Apr/09/2010 23:32:48
713076,AI.2010.SIOBHAN,Siobhan Magnus to win American Idol,1,23.9,Apr/09/2010 23:32:48
713076,AI.2010.SIOBHAN,Siobhan Magnus to win American Idol,1,24.9,Apr/09/2010 23:32:48
713076,AI.2010.SIOBHAN,Siobhan Magnus to win American Idol,1,24.5,Apr/09/2010 23:32:48
713076,AI.2010.SIOBHAN,Siobhan Magnus to win American Idol,1,23.5,Apr/09/2010 23:32:48
713076,AI.2010.SIOBHAN,Siobhan Magnus to win American Idol,1,25.9,Apr/09/2010 23:34:18
713076,AI.2010.SIOBHAN,Siobhan Magnus to win American Idol,1,24.9,Apr/09/2010 23:34:18
713076,AI.2010.SIOBHAN,Siobhan Magnus to win American Idol,1,24.0,Apr/09/2010 23:34:18
713076,AI.2010.SIOBHAN,Siobhan Magnus to win American Idol,1,25.0,Apr/09/2010 23:34:18
713076,AI.2010.SIOBHAN,Siobhan Magnus to win American Idol,1,23.9,Apr/09/2010 23:34:18
713076,AI.2010.SIOBHAN,Siobhan Magnus to win American Idol,1,26.9,Apr/09/2010 23:34:40
713076,AI.2010.SIOBHAN,Siobhan Magnus to win American Idol,1,26.0,Apr/09/2010 23:34:40
713076,AI.2010.SIOBHAN,Siobhan Magnus to win American Idol,13,16.0,Apr/09/2010 23:37:19
713076,AI.2010.SIOBHAN,Siobhan Magnus to win American Idol,20,15.4,Apr/09/2010 23:45:51
713076,AI.2010.SIOBHAN,Siobhan Magnus to win American Idol,2,15.4,Apr/09/2010 23:58:54
713076,AI.2010.SIOBHAN,Siobhan Magnus to win American Idol,1,25.9,Apr/10/2010 00:01:52
713076,AI.2010.SIOBHAN,Siobhan Magnus to win American Idol,1,25.5,Apr/10/2010 00:01:52
713076,AI.2010.SIOBHAN,Siobhan Magnus to win American Idol,1,24.9,Apr/10/2010 00:01:52
713076,AI.2010.SIOBHAN,Siobhan Magnus to win American Idol,1,24.5,Apr/10/2010 00:01:52
713076,AI.2010.SIOBHAN,Siobhan Magnus to win American Idol,1,25.0,Apr/10/2010 00:01:52
713076,AI.2010.SIOBHAN,Siobhan Magnus to win American Idol,1,24.0,Apr/10/2010 00:01:52
713076,AI.2010.SIOBHAN,Siobhan Magnus to win American Idol,1,23.9,Apr/10/2010 00:01:52
713076,AI.2010.SIOBHAN,Siobhan Magnus to win American Idol,1,23.5,Apr/10/2010 00:01:52
713076,AI.2010.SIOBHAN,Siobhan Magnus to win American Idol,1,23.0,Apr/10/2010 00:01:52
713076,AI.2010.SIOBHAN,Siobhan Magnus to win American Idol,1,22.9,Apr/10/2010 00:01:52
713076,AI.2010.SIOBHAN,Siobhan Magnus to win American Idol,1,22.5,Apr/10/2010 00:01:52
713076,AI.2010.SIOBHAN,Siobhan Magnus to win American Idol,1,22.0,Apr/10/2010 00:01:52
713076,AI.2010.SIOBHAN,Siobhan Magnus to win American Idol,1,21.9,Apr/10/2010 00:01:52
713076,AI.2010.SIOBHAN,Siobhan Magnus to win American Idol,5,15.4,Apr/10/2010 00:01:52
713076,AI.2010.SIOBHAN,Siobhan Magnus to win American Idol,4,25.0,Apr/10/2010 00:01:52
713076,AI.2010.SIOBHAN,Siobhan Magnus to win American Idol,10,15.5,Apr/10/2010 00:02:49
713076,AI.2010.SIOBHAN,Siobhan Magnus to win American Idol,6,15.4,Apr/10/2010 00:03:07
713076,AI.2010.SIOBHAN,Siobhan Magnus to win American Idol,3,15.3,Apr/10/2010 00:04:07
713076,AI.2010.SIOBHAN,Siobhan Magnus to win American Idol,18,14.1,Apr/10/2010 03:49:53
713076,AI.2010.SIOBHAN,Siobhan Magnus to win American Idol,3,14.0,Apr/10/2010 03:50:25
713076,AI.2010.SIOBHAN,Siobhan Magnus to win American Idol,19,14.4,Apr/10/2010 04:23:32
713076,AI.2010.SIOBHAN,Siobhan Magnus to win American Idol,1,14.3,Apr/10/2010 04:23:32
713076,AI.2010.SIOBHAN,Siobhan Magnus to win American Idol,1,12.6,Apr/10/2010 05:52:13
713076,AI.2010.SIOBHAN,Siobhan Magnus to win American Idol,2,13.0,Apr/13/2010 02:29:45
713076,AI.2010.SIOBHAN,Siobhan Magnus to win American Idol,5,13.0,Apr/13/2010 02:29:45
713076,AI.2010.SIOBHAN,Siobhan Magnus to win American Idol,5,13.0,Apr/13/2010 04:01:22
713076,AI.2010.SIOBHAN,Siobhan Magnus to win American Idol,4,13.0,Apr/13/2010 21:51:17
713076,AI.2010.SIOBHAN,Siobhan Magnus to win American Idol,1,12.9,Apr/13/2010 21:51:17
713076,AI.2010.SIOBHAN,Siobhan Magnus to win American Idol,2,13.5,Apr/14/2010 00:30:40
713076,AI.2010.SIOBHAN,Siobhan Magnus to win American Idol,1,12.5,Apr/14/2010 00:57:24
713076,AI.2010.SIOBHAN,Siobhan Magnus to win American Idol,1,12.0,Apr/14/2010 00:57:39
713076,AI.2010.SIOBHAN,Siobhan Magnus to win American Idol,1,12.5,Apr/14/2010 00:57:39
713076,AI.2010.SIOBHAN,Siobhan Magnus to win American Idol,1,11.7,Apr/14/2010 01:26:17
713076,AI.2010.SIOBHAN,Siobhan Magnus to win American Idol,1,11.4,Apr/14/2010 01:26:17
713076,AI.2010.SIOBHAN,Siobhan Magnus to win American Idol,1,11.1,Apr/14/2010 01:26:17
713076,AI.2010.SIOBHAN,Siobhan Magnus to win American Idol,2,11.5,Apr/14/2010 01:26:17
713076,AI.2010.SIOBHAN,Siobhan Magnus to win American Idol,1,10.8,Apr/14/2010 03:38:16
713076,AI.2010.SIOBHAN,Siobhan Magnus to win American Idol,1,10.6,Apr/14/2010 03:38:24
713076,AI.2010.SIOBHAN,Siobhan Magnus to win American Idol,1,10.4,Apr/14/2010 03:38:32
713076,AI.2010.SIOBHAN,Siobhan Magnus to win American Idol,1,10.3,Apr/14/2010 03:38:47
713076,AI.2010.SIOBHAN,Siobhan Magnus to win American Idol,20,10.0,Apr/14/2010 03:38:56
713076,AI.2010.SIOBHAN,Siobhan Magnus to win American Idol,1,10.2,Apr/14/2010 03:38:56
713076,AI.2010.SIOBHAN,Siobhan Magnus to win American Idol,1,10.1,Apr/14/2010 03:38:56
713076,AI.2010.SIOBHAN,Siobhan Magnus to win American Idol,1,8.1,Apr/14/2010 19:13:28
713076,AI.2010.SIOBHAN,Siobhan Magnus to win American Idol,17,10.3,Apr/15/2010 02:30:11
713076,AI.2010.SIOBHAN,Siobhan Magnus to win American Idol,1,8.9,Apr/15/2010 02:30:11
713076,AI.2010.SIOBHAN,Siobhan Magnus to win American Idol,1,9.5,Apr/15/2010 02:30:11
713076,AI.2010.SIOBHAN,Siobhan Magnus to win American Idol,1,9.9,Apr/15/2010 02:30:11
713076,AI.2010.SIOBHAN,Siobhan Magnus to win American Idol,1,8.4,Apr/15/2010 02:38:57
713076,AI.2010.SIOBHAN,Siobhan Magnus to win American Idol,1,8.3,Apr/15/2010 02:49:02
713076,AI.2010.SIOBHAN,Siobhan Magnus to win American Idol,1,8.2,Apr/15/2010 02:49:14
713076,AI.2010.SIOBHAN,Siobhan Magnus to win American Idol,2,8.4,Apr/15/2010 03:53:12
713076,AI.2010.SIOBHAN,Siobhan Magnus to win American Idol,1,8.8,Apr/15/2010 07:19:49
713076,AI.2010.SIOBHAN,Siobhan Magnus to win American Idol,1,8.9,Apr/15/2010 09:24:51
713076,AI.2010.SIOBHAN,Siobhan Magnus to win American Idol,1,9.1,Apr/15/2010 18:03:38
713076,AI.2010.SIOBHAN,Siobhan Magnus to win American Idol,2,9.0,Apr/15/2010 18:03:38
713076,AI.2010.SIOBHAN,Siobhan Magnus to win American Idol,3,8.9,Apr/15/2010 18:03:38
713076,AI.2010.SIOBHAN,Siobhan Magnus to win American Idol,2,8.4,Apr/15/2010 20:21:07
713076,AI.2010.SIOBHAN,Siobhan Magnus to win American Idol,3,8.1,Apr/15/2010 20:21:43
713076,AI.2010.SIOBHAN,Siobhan Magnus to win American Idol,1,9.5,Apr/16/2010 21:21:12
713076,AI.2010.SIOBHAN,Siobhan Magnus to win American Idol,9,9.5,Apr/16/2010 21:21:12
713076,AI.2010.SIOBHAN,Siobhan Magnus to win American Idol,1,9.5,Apr/16/2010 21:32:33
713076,AI.2010.SIOBHAN,Siobhan Magnus to win American Idol,200,10.7,Apr/18/2010 12:08:54
713076,AI.2010.SIOBHAN,Siobhan Magnus to win American Idol,1,9.7,Apr/20/2010 11:09:44
713076,AI.2010.SIOBHAN,Siobhan Magnus to win American Idol,10,9.7,Apr/20/2010 11:09:44
713076,AI.2010.SIOBHAN,Siobhan Magnus to win American Idol,2,10.4,Apr/20/2010 18:39:08
713076,AI.2010.SIOBHAN,Siobhan Magnus to win American Idol,1,10.3,Apr/20/2010 18:39:08
713076,AI.2010.SIOBHAN,Siobhan Magnus to win American Idol,13,10.4,Apr/20/2010 23:22:33
713076,AI.2010.SIOBHAN,Siobhan Magnus to win American Idol,48,10.0,Apr/21/2010 01:02:34
713076,AI.2010.SIOBHAN,Siobhan Magnus to win American Idol,10,10.0,Apr/21/2010 01:03:13
713076,AI.2010.SIOBHAN,Siobhan Magnus to win American Idol,2,10.0,Apr/21/2010 02:22:30
713076,AI.2010.SIOBHAN,Siobhan Magnus to win American Idol,3,9.7,Apr/21/2010 03:23:49
713076,AI.2010.SIOBHAN,Siobhan Magnus to win American Idol,15,8.7,Apr/21/2010 15:41:14
713076,AI.2010.SIOBHAN,Siobhan Magnus to win American Idol,3,8.6,Apr/21/2010 16:10:44
713076,AI.2010.SIOBHAN,Siobhan Magnus to win American Idol,2,8.6,Apr/22/2010 13:45:26
713076,AI.2010.SIOBHAN,Siobhan Magnus to win American Idol,10,8.6,Apr/22/2010 13:45:26
713076,AI.2010.SIOBHAN,Siobhan Magnus to win American Idol,15,8.9,Apr/22/2010 13:45:49
713076,AI.2010.SIOBHAN,Siobhan Magnus to win American Idol,5,8.9,Apr/22/2010 13:45:49
713076,AI.2010.SIOBHAN,Siobhan Magnus to win American Idol,2,9.0,Apr/22/2010 13:46:24
713076,AI.2010.SIOBHAN,Siobhan Magnus to win American Idol,195,9.0,Apr/22/2010 14:09:49
713076,AI.2010.SIOBHAN,Siobhan Magnus to win American Idol,1,8.9,Apr/22/2010 14:09:49
713076,AI.2010.SIOBHAN,Siobhan Magnus to win American Idol,1,8.9,Apr/22/2010 14:09:49
713076,AI.2010.SIOBHAN,Siobhan Magnus to win American Idol,1,8.5,Apr/22/2010 14:09:49
713076,AI.2010.SIOBHAN,Siobhan Magnus to win American Idol,3,9.0,Apr/22/2010 14:10:22
713076,AI.2010.SIOBHAN,Siobhan Magnus to win American Idol,1,9.7,Apr/22/2010 14:10:36
713076,AI.2010.SIOBHAN,Siobhan Magnus to win American Idol,1,8.2,Apr/22/2010 17:04:55
713076,AI.2010.SIOBHAN,Siobhan Magnus to win American Idol,35,8.1,Apr/22/2010 17:42:41
713076,AI.2010.SIOBHAN,Siobhan Magnus to win American Idol,76,8.4,Apr/22/2010 17:56:33
713076,AI.2010.SIOBHAN,Siobhan Magnus to win American Idol,2,8.2,Apr/22/2010 17:56:33
713076,AI.2010.SIOBHAN,Siobhan Magnus to win American Idol,2,8.3,Apr/22/2010 17:56:33
713076,AI.2010.SIOBHAN,Siobhan Magnus to win American Idol,5,7.8,Apr/23/2010 09:41:38
713076,AI.2010.SIOBHAN,Siobhan Magnus to win American Idol,1,7.4,Apr/24/2010 05:24:18
713076,AI.2010.SIOBHAN,Siobhan Magnus to win American Idol,1,7.5,Apr/24/2010 05:24:18
713076,AI.2010.SIOBHAN,Siobhan Magnus to win American Idol,1,7.6,Apr/24/2010 05:24:18
713076,AI.2010.SIOBHAN,Siobhan Magnus to win American Idol,1,7.7,Apr/24/2010 05:24:35
713076,AI.2010.SIOBHAN,Siobhan Magnus to win American Idol,7,7.2,Apr/25/2010 00:30:05
713076,AI.2010.SIOBHAN,Siobhan Magnus to win American Idol,20,7.0,Apr/25/2010 00:30:05
713076,AI.2010.SIOBHAN,Siobhan Magnus to win American Idol,2,7.3,Apr/25/2010 00:30:05
713076,AI.2010.SIOBHAN,Siobhan Magnus to win American Idol,1,7.3,Apr/25/2010 00:30:05
713076,AI.2010.SIOBHAN,Siobhan Magnus to win American Idol,200,7.2,Apr/26/2010 04:32:09
713076,AI.2010.SIOBHAN,Siobhan Magnus to win American Idol,2,7.6,Apr/26/2010 18:45:47
713076,AI.2010.SIOBHAN,Siobhan Magnus to win American Idol,20,7.6,Apr/26/2010 18:58:03
713076,AI.2010.SIOBHAN,Siobhan Magnus to win American Idol,78,7.6,Apr/26/2010 19:12:33
713076,AI.2010.SIOBHAN,Siobhan Magnus to win American Idol,71,7.9,Apr/26/2010 19:14:50
713076,AI.2010.SIOBHAN,Siobhan Magnus to win American Idol,1,7.8,Apr/26/2010 19:14:50
713076,AI.2010.SIOBHAN,Siobhan Magnus to win American Idol,1,7.9,Apr/26/2010 19:14:50
713076,AI.2010.SIOBHAN,Siobhan Magnus to win American Idol,1,8.0,Apr/26/2010 19:14:50
713076,AI.2010.SIOBHAN,Siobhan Magnus to win American Idol,400,8.0,Apr/26/2010 23:02:25
713076,AI.2010.SIOBHAN,Siobhan Magnus to win American Idol,1,8.1,Apr/27/2010 20:29:07
713076,AI.2010.SIOBHAN,Siobhan Magnus to win American Idol,1,8.2,Apr/27/2010 20:29:33
713076,AI.2010.SIOBHAN,Siobhan Magnus to win American Idol,1,8.3,Apr/27/2010 22:51:57
713076,AI.2010.SIOBHAN,Siobhan Magnus to win American Idol,1,8.4,Apr/27/2010 22:51:57
713076,AI.2010.SIOBHAN,Siobhan Magnus to win American Idol,1,8.5,Apr/27/2010 22:51:57
713076,AI.2010.SIOBHAN,Siobhan Magnus to win American Idol,1,8.6,Apr/27/2010 22:51:57
713076,AI.2010.SIOBHAN,Siobhan Magnus to win American Idol,1,8.7,Apr/27/2010 22:51:57
713076,AI.2010.SIOBHAN,Siobhan Magnus to win American Idol,1,8.8,Apr/27/2010 22:51:57
713076,AI.2010.SIOBHAN,Siobhan Magnus to win American Idol,1,8.9,Apr/27/2010 22:51:57
713076,AI.2010.SIOBHAN,Siobhan Magnus to win American Idol,1,9.0,Apr/27/2010 22:51:57
713076,AI.2010.SIOBHAN,Siobhan Magnus to win American Idol,3,9.8,Apr/28/2010 00:09:49
713076,AI.2010.SIOBHAN,Siobhan Magnus to win American Idol,20,10.0,Apr/28/2010 00:09:49
713076,AI.2010.SIOBHAN,Siobhan Magnus to win American Idol,1,9.9,Apr/28/2010 00:09:49
713076,AI.2010.SIOBHAN,Siobhan Magnus to win American Idol,1,9.1,Apr/28/2010 00:09:49
713076,AI.2010.SIOBHAN,Siobhan Magnus to win American Idol,1,9.2,Apr/28/2010 00:09:49
713076,AI.2010.SIOBHAN,Siobhan Magnus to win American Idol,1,9.3,Apr/28/2010 00:09:49
713076,AI.2010.SIOBHAN,Siobhan Magnus to win American Idol,1,9.4,Apr/28/2010 00:09:49
713076,AI.2010.SIOBHAN,Siobhan Magnus to win American Idol,1,9.5,Apr/28/2010 00:09:49
713076,AI.2010.SIOBHAN,Siobhan Magnus to win American Idol,1,9.6,Apr/28/2010 00:09:49
713076,AI.2010.SIOBHAN,Siobhan Magnus to win American Idol,1,9.7,Apr/28/2010 00:09:49
713076,AI.2010.SIOBHAN,Siobhan Magnus to win American Idol,11,10.0,Apr/28/2010 00:57:02
713076,AI.2010.SIOBHAN,Siobhan Magnus to win American Idol,1,10.9,Apr/28/2010 00:58:08
713076,AI.2010.SIOBHAN,Siobhan Magnus to win American Idol,1,11.9,Apr/28/2010 00:58:26
713076,AI.2010.SIOBHAN,Siobhan Magnus to win American Idol,1,12.9,Apr/28/2010 00:58:34
713076,AI.2010.SIOBHAN,Siobhan Magnus to win American Idol,1,9.2,Apr/28/2010 17:58:34
713076,AI.2010.SIOBHAN,Siobhan Magnus to win American Idol,1,9.1,Apr/28/2010 17:58:47
713076,AI.2010.SIOBHAN,Siobhan Magnus to win American Idol,11,9.1,Apr/29/2010 01:22:25
713076,AI.2010.SIOBHAN,Siobhan Magnus to win American Idol,43,9.1,Apr/29/2010 01:22:55
713076,AI.2010.SIOBHAN,Siobhan Magnus to win American Idol,11,9.1,Apr/29/2010 01:23:04
713076,AI.2010.SIOBHAN,Siobhan Magnus to win American Idol,10,9.1,Apr/29/2010 01:23:37
713076,AI.2010.SIOBHAN,Siobhan Magnus to win American Idol,1,9.1,Apr/29/2010 01:25:38
713076,AI.2010.SIOBHAN,Siobhan Magnus to win American Idol,1,9.1,Apr/29/2010 01:27:43
713076,AI.2010.SIOBHAN,Siobhan Magnus to win American Idol,21,9.1,Apr/29/2010 01:31:39
713076,AI.2010.SIOBHAN,Siobhan Magnus to win American Idol,1,9.1,Apr/29/2010 01:50:03
713076,AI.2010.SIOBHAN,Siobhan Magnus to win American Idol,25,0.6,Apr/29/2010 01:55:11
713076,AI.2010.SIOBHAN,Siobhan Magnus to win American Idol,19,0.5,Apr/29/2010 01:55:39
713076,AI.2010.SIOBHAN,Siobhan Magnus to win American Idol,81,0.5,Apr/29/2010 01:56:43
713076,AI.2010.SIOBHAN,Siobhan Magnus to win American Idol,19,0.5,Apr/29/2010 01:56:43
713076,AI.2010.SIOBHAN,Siobhan Magnus to win American Idol,20,0.6,Apr/29/2010 01:58:57
713076,AI.2010.SIOBHAN,Siobhan Magnus to win American Idol,1000,0.6,Apr/29/2010 02:03:19
713076,AI.2010.SIOBHAN,Siobhan Magnus to win American Idol,1000,0.6,Apr/29/2010 02:11:56
713076,AI.2010.SIOBHAN,Siobhan Magnus to win American Idol,47,0.6,Apr/29/2010 02:13:04
713076,AI.2010.SIOBHAN,Siobhan Magnus to win American Idol,62,0.6,Apr/29/2010 02:14:59
713076,AI.2010.SIOBHAN,Siobhan Magnus to win American Idol,5,0.7,Apr/29/2010 03:16:57
713076,AI.2010.SIOBHAN,Siobhan Magnus to win American Idol,6,0.7,Apr/29/2010 04:02:20
713076,AI.2010.SIOBHAN,Siobhan Magnus to win American Idol,4,0.7,Apr/29/2010 04:12:49
713076,AI.2010.SIOBHAN,Siobhan Magnus to win American Idol,90,0.6,Apr/29/2010 10:52:27
713076,AI.2010.SIOBHAN,Siobhan Magnus to win American Idol,37,0.6,Apr/29/2010 19:36:55
713076,AI.2010.SIOBHAN,Siobhan Magnus to win American Idol,1,0.7,Apr/29/2010 20:13:56
713076,AI.2010.SIOBHAN,Siobhan Magnus to win American Idol,20,0.6,Apr/30/2010 04:02:46
713076,AI.2010.SIOBHAN,Siobhan Magnus to win American Idol,10,0.6,Apr/30/2010 09:31:24
713076,AI.2010.SIOBHAN,Siobhan Magnus to win American Idol,1,0.6,Apr/30/2010 12:59:18
713076,AI.2010.SIOBHAN,Siobhan Magnus to win American Idol,263,0.6,Apr/30/2010 19:15:20
713076,AI.2010.SIOBHAN,Siobhan Magnus to win American Idol,100,0.6,Apr/30/2010 19:15:20
713076,AI.2010.SIOBHAN,Siobhan Magnus to win American Idol,20,0.6,May/02/2010 06:23:31
713076,AI.2010.SIOBHAN,Siobhan Magnus to win American Idol,250,0.6,May/02/2010 11:21:40
713076,AI.2010.SIOBHAN,Siobhan Magnus to win American Idol,54,0.6,May/03/2010 17:07:17
713076,AI.2010.SIOBHAN,Siobhan Magnus to win American Idol,46,0.5,May/04/2010 13:44:46
713076,AI.2010.SIOBHAN,Siobhan Magnus to win American Idol,954,0.5,May/05/2010 00:51:14
713076,AI.2010.SIOBHAN,Siobhan Magnus to win American Idol,662,0.4,May/05/2010 00:51:14
713076,AI.2010.SIOBHAN,Siobhan Magnus to win American Idol,202,0.5,May/05/2010 13:37:04
713076,AI.2010.SIOBHAN,Siobhan Magnus to win American Idol,216,0.5,May/05/2010 21:12:11
713076,AI.2010.SIOBHAN,Siobhan Magnus to win American Idol,3,0.5,May/06/2010 17:06:09
713076,AI.2010.SIOBHAN,Siobhan Magnus to win American Idol,59,0.5,May/15/2010 21:08:07
713076,AI.2010.SIOBHAN,Siobhan Magnus to win American Idol,10,0.5,May/20/2010 00:23:37
713076,AI.2010.SIOBHAN,Siobhan Magnus to win American Idol,12,0.5,May/21/2010 21:54:10
713076,AI.2010.SIOBHAN,Siobhan Magnus to win American Idol,138,0.5,May/25/2010 21:03:23
713076,AI.2010.SIOBHAN,Siobhan Magnus to win American Idol,119,0.5,May/25/2010 21:03:23
713076,AI.2010.SIOBHAN,Siobhan Magnus to win American Idol,1,0.6,May/26/2010 03:34:30
713076,AI.2010.SIOBHAN,Siobhan Magnus to win American Idol,20,0.5,May/26/2010 04:28:54
713076,AI.2010.SIOBHAN,Siobhan Magnus to win American Idol,10,0.5,May/27/2010 00:06:19
713076,AI.2010.SIOBHAN,Siobhan Magnus to win American Idol,67,0.5,May/27/2010 02:05:43
