market id,market symbol,market name,trade quantity,trade price,date/time [utc]
713064,AI.2010.CRYSTAL,Crystal Bowersox to win American Idol,20,10.0,Feb/19/2010 17:51:42
713064,AI.2010.CRYSTAL,Crystal Bowersox to win American Idol,20,20.0,Feb/19/2010 18:00:52
713064,AI.2010.CRYSTAL,Crystal Bowersox to win American Idol,1,19.9,Feb/19/2010 18:00:52
713064,AI.2010.CRYSTAL,Crystal Bowersox to win American Idol,1,14.9,Feb/19/2010 18:00:52
713064,AI.2010.CRYSTAL,Crystal Bowersox to win American Idol,1,22.9,Feb/19/2010 23:56:32
713064,AI.2010.CRYSTAL,Crystal Bowersox to win American Idol,10,23.0,Feb/19/2010 23:56:48
713064,AI.2010.CRYSTAL,Crystal Bowersox to win American Idol,1,11.1,Feb/23/2010 22:45:52
713064,AI.2010.CRYSTAL,Crystal Bowersox to win American Idol,1,14.9,Feb/23/2010 23:39:50
713064,AI.2010.CRYSTAL,Crystal Bowersox to win American Idol,8,15.0,Feb/23/2010 23:39:50
713064,AI.2010.CRYSTAL,Crystal Bowersox to win American Idol,1,14.9,Feb/23/2010 23:39:50
713064,AI.2010.CRYSTAL,Crystal Bowersox to win American Idol,8,15.0,Feb/24/2010 02:59:48
713064,AI.2010.CRYSTAL,Crystal Bowersox to win American Idol,1,14.9,Feb/24/2010 02:59:48
713064,AI.2010.CRYSTAL,Crystal Bowersox to win American Idol,1,14.9,Feb/24/2010 02:59:48
713064,AI.2010.CRYSTAL,Crystal Bowersox to win American Idol,1,13.0,Feb/24/2010 03:05:31
713064,AI.2010.CRYSTAL,Crystal Bowersox to win American Idol,1,13.0,Feb/24/2010 03:16:02
713064,AI.2010.CRYSTAL,Crystal Bowersox to win American Idol,1,13.0,Feb/24/2010 03:28:27
713064,AI.2010.CRYSTAL,Crystal Bowersox to win American Idol,2,13.0,Feb/24/2010 04:13:42
713064,AI.2010.CRYSTAL,Crystal Bowersox to win American Idol,2,14.5,Feb/24/2010 11:48:17
713064,AI.2010.CRYSTAL,Crystal Bowersox to win American Idol,1,14.9,Feb/24/2010 11:48:29
713064,AI.2010.CRYSTAL,Crystal Bowersox to win American Idol,1,14.9,Feb/24/2010 11:48:29
713064,AI.2010.CRYSTAL,Crystal Bowersox to win American Idol,4,15.0,Feb/24/2010 11:48:42
713064,AI.2010.CRYSTAL,Crystal Bowersox to win American Idol,1,15.0,Feb/24/2010 11:48:42
713064,AI.2010.CRYSTAL,Crystal Bowersox to win American Idol,1,15.9,Feb/24/2010 12:11:20
713064,AI.2010.CRYSTAL,Crystal Bowersox to win American Idol,2,15.9,Feb/24/2010 12:11:20
713064,AI.2010.CRYSTAL,Crystal Bowersox to win American Idol,1,16.9,Feb/24/2010 12:11:30
713064,AI.2010.CRYSTAL,Crystal Bowersox to win American Idol,2,16.9,Feb/24/2010 12:11:30
713064,AI.2010.CRYSTAL,Crystal Bowersox to win American Idol,1,17.9,Feb/24/2010 12:11:49
713064,AI.2010.CRYSTAL,Crystal Bowersox to win American Idol,2,17.9,Feb/24/2010 12:11:49
713064,AI.2010.CRYSTAL,Crystal Bowersox to win American Idol,1,17.4,Feb/24/2010 12:11:49
713064,AI.2010.CRYSTAL,Crystal Bowersox to win American Idol,1,18.9,Feb/24/2010 12:12:06
713064,AI.2010.CRYSTAL,Crystal Bowersox to win American Idol,1,18.9,Feb/24/2010 12:12:06
713064,AI.2010.CRYSTAL,Crystal Bowersox to win American Idol,1,15.9,Feb/24/2010 16:10:33
713064,AI.2010.CRYSTAL,Crystal Bowersox to win American Idol,2,15.9,Feb/25/2010 02:38:05
713064,AI.2010.CRYSTAL,Crystal Bowersox to win American Idol,1,16.0,Feb/25/2010 02:38:18
713064,AI.2010.CRYSTAL,Crystal Bowersox to win American Idol,1,16.4,Feb/25/2010 02:38:29
713064,AI.2010.CRYSTAL,Crystal Bowersox to win American Idol,2,16.4,Feb/25/2010 02:38:29
713064,AI.2010.CRYSTAL,Crystal Bowersox to win American Idol,5,15.8,Feb/25/2010 14:31:14
713064,AI.2010.CRYSTAL,Crystal Bowersox to win American Idol,5,15.2,Feb/25/2010 14:31:34
713064,AI.2010.CRYSTAL,Crystal Bowersox to win American Idol,20,15.0,Feb/25/2010 14:31:50
713064,AI.2010.CRYSTAL,Crystal Bowersox to win American Idol,20,14.9,Feb/25/2010 14:32:10
713064,AI.2010.CRYSTAL,Crystal Bowersox to win American Idol,20,15.0,Feb/25/2010 16:36:47
713064,AI.2010.CRYSTAL,Crystal Bowersox to win American Idol,1,15.8,Feb/26/2010 00:39:41
713064,AI.2010.CRYSTAL,Crystal Bowersox to win American Idol,3,15.8,Feb/26/2010 00:39:41
713064,AI.2010.CRYSTAL,Crystal Bowersox to win American Idol,2,15.9,Feb/26/2010 00:39:52
713064,AI.2010.CRYSTAL,Crystal Bowersox to win American Idol,1,14.3,Feb/27/2010 01:22:23
713064,AI.2010.CRYSTAL,Crystal Bowersox to win American Idol,8,14.2,Feb/27/2010 01:22:23
713064,AI.2010.CRYSTAL,Crystal Bowersox to win American Idol,5,14.1,Feb/27/2010 03:59:27
713064,AI.2010.CRYSTAL,Crystal Bowersox to win American Idol,4,14.0,Feb/27/2010 05:38:54
713064,AI.2010.CRYSTAL,Crystal Bowersox to win American Idol,1,14.1,Feb/27/2010 05:38:54
713064,AI.2010.CRYSTAL,Crystal Bowersox to win American Idol,6,14.2,Feb/28/2010 07:45:46
713064,AI.2010.CRYSTAL,Crystal Bowersox to win American Idol,1,14.3,Feb/28/2010 07:46:18
713064,AI.2010.CRYSTAL,Crystal Bowersox to win American Idol,1,14.5,Feb/28/2010 07:47:53
713064,AI.2010.CRYSTAL,Crystal Bowersox to win American Idol,2,14.7,Feb/28/2010 07:56:33
713064,AI.2010.CRYSTAL,Crystal Bowersox to win American Idol,1,14.9,Feb/28/2010 07:56:52
713064,AI.2010.CRYSTAL,Crystal Bowersox to win American Idol,1,15.2,Feb/28/2010 08:01:02
713064,AI.2010.CRYSTAL,Crystal Bowersox to win American Idol,1,15.3,Feb/28/2010 08:01:11
713064,AI.2010.CRYSTAL,Crystal Bowersox to win American Idol,4,14.8,Mar/01/2010 00:15:29
713064,AI.2010.CRYSTAL,Crystal Bowersox to win American Idol,2,14.8,Mar/01/2010 02:58:56
713064,AI.2010.CRYSTAL,Crystal Bowersox to win American Idol,2,15.0,Mar/01/2010 02:59:07
713064,AI.2010.CRYSTAL,Crystal Bowersox to win American Idol,1,15.4,Mar/01/2010 02:59:19
713064,AI.2010.CRYSTAL,Crystal Bowersox to win American Idol,1,14.9,Mar/01/2010 15:25:06
713064,AI.2010.CRYSTAL,Crystal Bowersox to win American Idol,2,14.9,Mar/01/2010 17:09:15
713064,AI.2010.CRYSTAL,Crystal Bowersox to win American Idol,3,14.9,Mar/02/2010 01:40:21
713064,AI.2010.CRYSTAL,Crystal Bowersox to win American Idol,1,14.0,Mar/02/2010 01:42:27
713064,AI.2010.CRYSTAL,Crystal Bowersox to win American Idol,1,14.1,Mar/02/2010 01:42:27
713064,AI.2010.CRYSTAL,Crystal Bowersox to win American Idol,28,11.2,Mar/02/2010 22:55:11
713064,AI.2010.CRYSTAL,Crystal Bowersox to win American Idol,2,11.3,Mar/02/2010 22:55:11
713064,AI.2010.CRYSTAL,Crystal Bowersox to win American Idol,2,13.5,Mar/03/2010 13:37:18
713064,AI.2010.CRYSTAL,Crystal Bowersox to win American Idol,2,13.9,Mar/03/2010 13:39:29
713064,AI.2010.CRYSTAL,Crystal Bowersox to win American Idol,1,13.9,Mar/03/2010 13:39:29
713064,AI.2010.CRYSTAL,Crystal Bowersox to win American Idol,20,12.4,Mar/03/2010 18:35:07
713064,AI.2010.CRYSTAL,Crystal Bowersox to win American Idol,5,12.4,Mar/03/2010 22:24:55
713064,AI.2010.CRYSTAL,Crystal Bowersox to win American Idol,3,12.4,Mar/03/2010 22:41:06
713064,AI.2010.CRYSTAL,Crystal Bowersox to win American Idol,2,12.4,Mar/03/2010 22:41:25
713064,AI.2010.CRYSTAL,Crystal Bowersox to win American Idol,2,12.4,Mar/03/2010 22:41:55
713064,AI.2010.CRYSTAL,Crystal Bowersox to win American Idol,2,12.4,Mar/03/2010 22:42:11
713064,AI.2010.CRYSTAL,Crystal Bowersox to win American Idol,2,12.4,Mar/03/2010 22:42:38
713064,AI.2010.CRYSTAL,Crystal Bowersox to win American Idol,54,12.4,Mar/03/2010 22:42:42
713064,AI.2010.CRYSTAL,Crystal Bowersox to win American Idol,3,11.3,Mar/03/2010 23:11:36
713064,AI.2010.CRYSTAL,Crystal Bowersox to win American Idol,2,12.4,Mar/04/2010 01:07:24
713064,AI.2010.CRYSTAL,Crystal Bowersox to win American Idol,3,14.4,Mar/04/2010 01:09:43
713064,AI.2010.CRYSTAL,Crystal Bowersox to win American Idol,1,15.7,Mar/04/2010 01:36:04
713064,AI.2010.CRYSTAL,Crystal Bowersox to win American Idol,1,15.9,Mar/04/2010 01:36:04
713064,AI.2010.CRYSTAL,Crystal Bowersox to win American Idol,1,15.9,Mar/04/2010 01:36:04
713064,AI.2010.CRYSTAL,Crystal Bowersox to win American Idol,1,15.9,Mar/04/2010 01:36:04
713064,AI.2010.CRYSTAL,Crystal Bowersox to win American Idol,1,16.9,Mar/04/2010 02:26:36
713064,AI.2010.CRYSTAL,Crystal Bowersox to win American Idol,1,17.0,Mar/04/2010 02:26:46
713064,AI.2010.CRYSTAL,Crystal Bowersox to win American Idol,1,17.4,Mar/04/2010 02:27:30
713064,AI.2010.CRYSTAL,Crystal Bowersox to win American Idol,1,17.5,Mar/04/2010 02:27:43
713064,AI.2010.CRYSTAL,Crystal Bowersox to win American Idol,1,17.8,Mar/04/2010 02:27:52
713064,AI.2010.CRYSTAL,Crystal Bowersox to win American Idol,1,17.9,Mar/04/2010 02:28:07
713064,AI.2010.CRYSTAL,Crystal Bowersox to win American Idol,1,17.9,Mar/04/2010 02:28:07
713064,AI.2010.CRYSTAL,Crystal Bowersox to win American Idol,1,18.0,Mar/04/2010 02:28:17
713064,AI.2010.CRYSTAL,Crystal Bowersox to win American Idol,1,18.0,Mar/04/2010 02:28:17
713064,AI.2010.CRYSTAL,Crystal Bowersox to win American Idol,1,18.4,Mar/04/2010 02:28:32
713064,AI.2010.CRYSTAL,Crystal Bowersox to win American Idol,1,18.4,Mar/04/2010 02:28:39
713064,AI.2010.CRYSTAL,Crystal Bowersox to win American Idol,1,17.9,Mar/04/2010 02:34:08
713064,AI.2010.CRYSTAL,Crystal Bowersox to win American Idol,13,18.4,Mar/04/2010 03:26:03
713064,AI.2010.CRYSTAL,Crystal Bowersox to win American Idol,1,16.1,Mar/04/2010 11:29:46
713064,AI.2010.CRYSTAL,Crystal Bowersox to win American Idol,1,15.7,Mar/04/2010 11:29:58
713064,AI.2010.CRYSTAL,Crystal Bowersox to win American Idol,8,15.6,Mar/04/2010 11:43:42
713064,AI.2010.CRYSTAL,Crystal Bowersox to win American Idol,2,15.6,Mar/04/2010 11:46:52
713064,AI.2010.CRYSTAL,Crystal Bowersox to win American Idol,55,15.5,Mar/04/2010 11:47:19
713064,AI.2010.CRYSTAL,Crystal Bowersox to win American Idol,1,14.1,Mar/04/2010 12:21:53
713064,AI.2010.CRYSTAL,Crystal Bowersox to win American Idol,1,13.1,Mar/04/2010 12:22:08
713064,AI.2010.CRYSTAL,Crystal Bowersox to win American Idol,6,18.7,Mar/04/2010 14:12:36
713064,AI.2010.CRYSTAL,Crystal Bowersox to win American Idol,25,18.8,Mar/04/2010 14:12:45
713064,AI.2010.CRYSTAL,Crystal Bowersox to win American Idol,20,17.8,Mar/04/2010 14:13:38
713064,AI.2010.CRYSTAL,Crystal Bowersox to win American Idol,1,18.7,Mar/05/2010 01:38:32
713064,AI.2010.CRYSTAL,Crystal Bowersox to win American Idol,1,18.7,Mar/05/2010 01:38:32
713064,AI.2010.CRYSTAL,Crystal Bowersox to win American Idol,4,18.7,Mar/05/2010 01:38:32
713064,AI.2010.CRYSTAL,Crystal Bowersox to win American Idol,4,18.7,Mar/05/2010 01:50:26
713064,AI.2010.CRYSTAL,Crystal Bowersox to win American Idol,4,18.7,Mar/05/2010 02:01:27
713064,AI.2010.CRYSTAL,Crystal Bowersox to win American Idol,1,19.5,Mar/05/2010 02:03:52
713064,AI.2010.CRYSTAL,Crystal Bowersox to win American Idol,1,19.7,Mar/05/2010 02:04:07
713064,AI.2010.CRYSTAL,Crystal Bowersox to win American Idol,1,19.7,Mar/05/2010 02:04:07
713064,AI.2010.CRYSTAL,Crystal Bowersox to win American Idol,1,19.8,Mar/05/2010 02:04:15
713064,AI.2010.CRYSTAL,Crystal Bowersox to win American Idol,1,19.8,Mar/05/2010 02:04:15
713064,AI.2010.CRYSTAL,Crystal Bowersox to win American Idol,1,19.9,Mar/05/2010 02:04:27
713064,AI.2010.CRYSTAL,Crystal Bowersox to win American Idol,1,19.9,Mar/05/2010 02:04:27
713064,AI.2010.CRYSTAL,Crystal Bowersox to win American Idol,1,19.9,Mar/05/2010 02:04:27
713064,AI.2010.CRYSTAL,Crystal Bowersox to win American Idol,20,20.0,Mar/05/2010 02:04:36
713064,AI.2010.CRYSTAL,Crystal Bowersox to win American Idol,1,20.0,Mar/05/2010 02:04:36
713064,AI.2010.CRYSTAL,Crystal Bowersox to win American Idol,1,20.0,Mar/05/2010 02:04:36
713064,AI.2010.CRYSTAL,Crystal Bowersox to win American Idol,5,20.0,Mar/05/2010 02:06:21
713064,AI.2010.CRYSTAL,Crystal Bowersox to win American Idol,15,19.9,Mar/05/2010 21:56:17
713064,AI.2010.CRYSTAL,Crystal Bowersox to win American Idol,1,19.8,Mar/06/2010 12:00:56
713064,AI.2010.CRYSTAL,Crystal Bowersox to win American Idol,10,19.9,Mar/06/2010 12:01:20
713064,AI.2010.CRYSTAL,Crystal Bowersox to win American Idol,44,19.9,Mar/06/2010 12:01:40
713064,AI.2010.CRYSTAL,Crystal Bowersox to win American Idol,25,19.1,Mar/06/2010 18:04:03
713064,AI.2010.CRYSTAL,Crystal Bowersox to win American Idol,75,19.1,Mar/06/2010 18:04:03
713064,AI.2010.CRYSTAL,Crystal Bowersox to win American Idol,1,19.0,Mar/06/2010 18:04:36
713064,AI.2010.CRYSTAL,Crystal Bowersox to win American Idol,1,19.9,Mar/06/2010 23:25:49
713064,AI.2010.CRYSTAL,Crystal Bowersox to win American Idol,1,20.0,Mar/07/2010 01:17:05
713064,AI.2010.CRYSTAL,Crystal Bowersox to win American Idol,4,20.0,Mar/07/2010 01:17:05
713064,AI.2010.CRYSTAL,Crystal Bowersox to win American Idol,4,20.0,Mar/07/2010 01:17:05
713064,AI.2010.CRYSTAL,Crystal Bowersox to win American Idol,4,20.0,Mar/07/2010 01:36:40
713064,AI.2010.CRYSTAL,Crystal Bowersox to win American Idol,2,20.3,Mar/07/2010 01:47:07
713064,AI.2010.CRYSTAL,Crystal Bowersox to win American Idol,1,20.3,Mar/07/2010 01:47:21
713064,AI.2010.CRYSTAL,Crystal Bowersox to win American Idol,1,20.5,Mar/07/2010 01:48:18
713064,AI.2010.CRYSTAL,Crystal Bowersox to win American Idol,1,20.7,Mar/07/2010 01:48:31
713064,AI.2010.CRYSTAL,Crystal Bowersox to win American Idol,1,20.7,Mar/07/2010 01:48:31
713064,AI.2010.CRYSTAL,Crystal Bowersox to win American Idol,1,20.9,Mar/07/2010 01:48:39
713064,AI.2010.CRYSTAL,Crystal Bowersox to win American Idol,1,20.9,Mar/07/2010 01:48:39
713064,AI.2010.CRYSTAL,Crystal Bowersox to win American Idol,1,20.9,Mar/07/2010 01:48:39
713064,AI.2010.CRYSTAL,Crystal Bowersox to win American Idol,1,21.0,Mar/07/2010 03:36:22
713064,AI.2010.CRYSTAL,Crystal Bowersox to win American Idol,1,22.0,Mar/07/2010 03:36:22
713064,AI.2010.CRYSTAL,Crystal Bowersox to win American Idol,1,21.5,Mar/07/2010 03:36:22
713064,AI.2010.CRYSTAL,Crystal Bowersox to win American Idol,1,21.7,Mar/07/2010 03:36:22
713064,AI.2010.CRYSTAL,Crystal Bowersox to win American Idol,2,21.0,Mar/07/2010 03:36:22
713064,AI.2010.CRYSTAL,Crystal Bowersox to win American Idol,2,22.0,Mar/07/2010 03:36:22
713064,AI.2010.CRYSTAL,Crystal Bowersox to win American Idol,1,21.0,Mar/07/2010 03:36:22
713064,AI.2010.CRYSTAL,Crystal Bowersox to win American Idol,1,21.8,Mar/07/2010 03:36:22
713064,AI.2010.CRYSTAL,Crystal Bowersox to win American Idol,3,22.0,Mar/07/2010 10:26:16
713064,AI.2010.CRYSTAL,Crystal Bowersox to win American Idol,1,22.5,Mar/07/2010 10:26:30
713064,AI.2010.CRYSTAL,Crystal Bowersox to win American Idol,1,22.7,Mar/07/2010 10:26:41
713064,AI.2010.CRYSTAL,Crystal Bowersox to win American Idol,1,22.9,Mar/07/2010 10:26:51
713064,AI.2010.CRYSTAL,Crystal Bowersox to win American Idol,1,22.9,Mar/07/2010 10:26:51
713064,AI.2010.CRYSTAL,Crystal Bowersox to win American Idol,1,22.9,Mar/07/2010 10:26:51
713064,AI.2010.CRYSTAL,Crystal Bowersox to win American Idol,1,23.0,Mar/07/2010 10:26:59
713064,AI.2010.CRYSTAL,Crystal Bowersox to win American Idol,1,23.0,Mar/07/2010 10:26:59
713064,AI.2010.CRYSTAL,Crystal Bowersox to win American Idol,1,23.5,Mar/07/2010 10:27:12
713064,AI.2010.CRYSTAL,Crystal Bowersox to win American Idol,1,23.8,Mar/07/2010 10:27:21
713064,AI.2010.CRYSTAL,Crystal Bowersox to win American Idol,1,24.0,Mar/07/2010 10:27:35
713064,AI.2010.CRYSTAL,Crystal Bowersox to win American Idol,1,24.7,Mar/07/2010 10:27:43
713064,AI.2010.CRYSTAL,Crystal Bowersox to win American Idol,1,24.9,Mar/07/2010 10:27:52
713064,AI.2010.CRYSTAL,Crystal Bowersox to win American Idol,20,25.0,Mar/07/2010 10:28:00
713064,AI.2010.CRYSTAL,Crystal Bowersox to win American Idol,1,25.6,Mar/07/2010 19:57:57
713064,AI.2010.CRYSTAL,Crystal Bowersox to win American Idol,1,26.5,Mar/07/2010 19:57:57
713064,AI.2010.CRYSTAL,Crystal Bowersox to win American Idol,1,25.0,Mar/07/2010 19:57:57
713064,AI.2010.CRYSTAL,Crystal Bowersox to win American Idol,1,26.9,Mar/07/2010 19:57:57
713064,AI.2010.CRYSTAL,Crystal Bowersox to win American Idol,5,25.0,Mar/08/2010 01:46:40
713064,AI.2010.CRYSTAL,Crystal Bowersox to win American Idol,1,24.9,Mar/08/2010 05:03:45
713064,AI.2010.CRYSTAL,Crystal Bowersox to win American Idol,1,24.9,Mar/08/2010 05:03:45
713064,AI.2010.CRYSTAL,Crystal Bowersox to win American Idol,1,23.6,Mar/08/2010 22:01:02
713064,AI.2010.CRYSTAL,Crystal Bowersox to win American Idol,1,23.6,Mar/08/2010 22:01:14
713064,AI.2010.CRYSTAL,Crystal Bowersox to win American Idol,1,23.1,Mar/08/2010 22:01:52
713064,AI.2010.CRYSTAL,Crystal Bowersox to win American Idol,1,23.1,Mar/08/2010 22:02:05
713064,AI.2010.CRYSTAL,Crystal Bowersox to win American Idol,1,23.1,Mar/08/2010 22:02:13
713064,AI.2010.CRYSTAL,Crystal Bowersox to win American Idol,1,23.0,Mar/08/2010 22:02:21
713064,AI.2010.CRYSTAL,Crystal Bowersox to win American Idol,1,23.0,Mar/08/2010 22:02:32
713064,AI.2010.CRYSTAL,Crystal Bowersox to win American Idol,1,23.0,Mar/08/2010 22:02:36
713064,AI.2010.CRYSTAL,Crystal Bowersox to win American Idol,1,23.0,Mar/08/2010 22:02:47
713064,AI.2010.CRYSTAL,Crystal Bowersox to win American Idol,1,23.0,Mar/08/2010 22:03:23
713064,AI.2010.CRYSTAL,Crystal Bowersox to win American Idol,1,23.0,Mar/08/2010 22:03:42
713064,AI.2010.CRYSTAL,Crystal Bowersox to win American Idol,1,23.0,Mar/08/2010 22:04:05
713064,AI.2010.CRYSTAL,Crystal Bowersox to win American Idol,1,23.0,Mar/08/2010 22:04:30
713064,AI.2010.CRYSTAL,Crystal Bowersox to win American Idol,1,23.0,Mar/08/2010 22:04:39
713064,AI.2010.CRYSTAL,Crystal Bowersox to win American Idol,1,23.0,Mar/08/2010 22:04:53
713064,AI.2010.CRYSTAL,Crystal Bowersox to win American Idol,1,22.6,Mar/08/2010 22:05:31
713064,AI.2010.CRYSTAL,Crystal Bowersox to win American Idol,1,22.6,Mar/08/2010 22:05:44
713064,AI.2010.CRYSTAL,Crystal Bowersox to win American Idol,1,22.6,Mar/08/2010 22:05:57
713064,AI.2010.CRYSTAL,Crystal Bowersox to win American Idol,1,22.0,Mar/08/2010 22:06:12
713064,AI.2010.CRYSTAL,Crystal Bowersox to win American Idol,1,22.0,Mar/08/2010 22:06:34
713064,AI.2010.CRYSTAL,Crystal Bowersox to win American Idol,1,22.0,Mar/08/2010 22:06:44
713064,AI.2010.CRYSTAL,Crystal Bowersox to win American Idol,1,22.0,Mar/08/2010 22:07:09
713064,AI.2010.CRYSTAL,Crystal Bowersox to win American Idol,1,22.0,Mar/08/2010 22:07:19
713064,AI.2010.CRYSTAL,Crystal Bowersox to win American Idol,1,22.0,Mar/08/2010 22:07:28
713064,AI.2010.CRYSTAL,Crystal Bowersox to win American Idol,1,22.0,Mar/08/2010 22:08:20
713064,AI.2010.CRYSTAL,Crystal Bowersox to win American Idol,1,22.0,Mar/08/2010 22:49:41
713064,AI.2010.CRYSTAL,Crystal Bowersox to win American Idol,1,22.0,Mar/08/2010 22:50:24
713064,AI.2010.CRYSTAL,Crystal Bowersox to win American Idol,1,22.0,Mar/08/2010 22:50:37
713064,AI.2010.CRYSTAL,Crystal Bowersox to win American Idol,1,21.1,Mar/09/2010 05:16:30
713064,AI.2010.CRYSTAL,Crystal Bowersox to win American Idol,1,21.1,Mar/09/2010 05:16:54
713064,AI.2010.CRYSTAL,Crystal Bowersox to win American Idol,1,21.1,Mar/09/2010 05:17:10
713064,AI.2010.CRYSTAL,Crystal Bowersox to win American Idol,1,21.1,Mar/09/2010 05:17:50
713064,AI.2010.CRYSTAL,Crystal Bowersox to win American Idol,1,20.6,Mar/09/2010 05:18:20
713064,AI.2010.CRYSTAL,Crystal Bowersox to win American Idol,1,20.6,Mar/09/2010 05:18:27
713064,AI.2010.CRYSTAL,Crystal Bowersox to win American Idol,1,20.6,Mar/09/2010 05:19:03
713064,AI.2010.CRYSTAL,Crystal Bowersox to win American Idol,1,20.6,Mar/09/2010 05:19:14
713064,AI.2010.CRYSTAL,Crystal Bowersox to win American Idol,1,22.9,Mar/09/2010 13:57:34
713064,AI.2010.CRYSTAL,Crystal Bowersox to win American Idol,9,22.9,Mar/09/2010 13:57:34
713064,AI.2010.CRYSTAL,Crystal Bowersox to win American Idol,1,22.2,Mar/09/2010 19:38:52
713064,AI.2010.CRYSTAL,Crystal Bowersox to win American Idol,1,21.0,Mar/09/2010 19:39:11
713064,AI.2010.CRYSTAL,Crystal Bowersox to win American Idol,1,21.3,Mar/09/2010 19:39:11
713064,AI.2010.CRYSTAL,Crystal Bowersox to win American Idol,1,21.6,Mar/09/2010 19:39:11
713064,AI.2010.CRYSTAL,Crystal Bowersox to win American Idol,1,21.9,Mar/09/2010 19:39:11
713064,AI.2010.CRYSTAL,Crystal Bowersox to win American Idol,1,27.9,Mar/10/2010 02:28:29
713064,AI.2010.CRYSTAL,Crystal Bowersox to win American Idol,1,27.5,Mar/10/2010 02:28:29
713064,AI.2010.CRYSTAL,Crystal Bowersox to win American Idol,1,27.8,Mar/10/2010 02:28:29
713064,AI.2010.CRYSTAL,Crystal Bowersox to win American Idol,1,27.9,Mar/10/2010 02:28:29
713064,AI.2010.CRYSTAL,Crystal Bowersox to win American Idol,1,27.9,Mar/10/2010 02:28:29
713064,AI.2010.CRYSTAL,Crystal Bowersox to win American Idol,1,27.0,Mar/10/2010 02:28:29
713064,AI.2010.CRYSTAL,Crystal Bowersox to win American Idol,1,28.0,Mar/10/2010 02:28:29
713064,AI.2010.CRYSTAL,Crystal Bowersox to win American Idol,1,27.9,Mar/10/2010 02:28:29
713064,AI.2010.CRYSTAL,Crystal Bowersox to win American Idol,1,27.5,Mar/10/2010 02:28:29
713064,AI.2010.CRYSTAL,Crystal Bowersox to win American Idol,1,28.0,Mar/10/2010 02:28:29
713064,AI.2010.CRYSTAL,Crystal Bowersox to win American Idol,1,28.0,Mar/10/2010 02:28:29
713064,AI.2010.CRYSTAL,Crystal Bowersox to win American Idol,1,28.9,Mar/10/2010 02:29:04
713064,AI.2010.CRYSTAL,Crystal Bowersox to win American Idol,1,28.9,Mar/10/2010 02:29:04
713064,AI.2010.CRYSTAL,Crystal Bowersox to win American Idol,1,28.7,Mar/10/2010 02:29:04
713064,AI.2010.CRYSTAL,Crystal Bowersox to win American Idol,1,29.0,Mar/10/2010 02:29:04
713064,AI.2010.CRYSTAL,Crystal Bowersox to win American Idol,1,28.9,Mar/10/2010 02:29:04
713064,AI.2010.CRYSTAL,Crystal Bowersox to win American Idol,1,29.0,Mar/10/2010 02:29:04
713064,AI.2010.CRYSTAL,Crystal Bowersox to win American Idol,1,28.9,Mar/10/2010 02:29:04
713064,AI.2010.CRYSTAL,Crystal Bowersox to win American Idol,1,28.9,Mar/10/2010 02:29:04
713064,AI.2010.CRYSTAL,Crystal Bowersox to win American Idol,1,29.0,Mar/10/2010 02:29:04
713064,AI.2010.CRYSTAL,Crystal Bowersox to win American Idol,1,28.9,Mar/10/2010 02:29:04
713064,AI.2010.CRYSTAL,Crystal Bowersox to win American Idol,1,28.9,Mar/10/2010 02:29:04
713064,AI.2010.CRYSTAL,Crystal Bowersox to win American Idol,1,29.0,Mar/10/2010 02:29:04
713064,AI.2010.CRYSTAL,Crystal Bowersox to win American Idol,1,29.9,Mar/10/2010 03:28:41
713064,AI.2010.CRYSTAL,Crystal Bowersox to win American Idol,20,30.0,Mar/10/2010 03:28:41
713064,AI.2010.CRYSTAL,Crystal Bowersox to win American Idol,1,29.9,Mar/10/2010 03:28:41
713064,AI.2010.CRYSTAL,Crystal Bowersox to win American Idol,1,29.9,Mar/10/2010 03:28:41
713064,AI.2010.CRYSTAL,Crystal Bowersox to win American Idol,1,29.9,Mar/10/2010 03:28:41
713064,AI.2010.CRYSTAL,Crystal Bowersox to win American Idol,1,30.0,Mar/10/2010 03:28:41
713064,AI.2010.CRYSTAL,Crystal Bowersox to win American Idol,1,29.5,Mar/10/2010 03:28:41
713064,AI.2010.CRYSTAL,Crystal Bowersox to win American Idol,1,29.5,Mar/10/2010 03:28:41
713064,AI.2010.CRYSTAL,Crystal Bowersox to win American Idol,1,29.9,Mar/10/2010 03:28:41
713064,AI.2010.CRYSTAL,Crystal Bowersox to win American Idol,1,30.5,Mar/10/2010 03:28:41
713064,AI.2010.CRYSTAL,Crystal Bowersox to win American Idol,1,29.9,Mar/10/2010 03:28:41
713064,AI.2010.CRYSTAL,Crystal Bowersox to win American Idol,1,30.6,Mar/10/2010 03:28:41
713064,AI.2010.CRYSTAL,Crystal Bowersox to win American Idol,7,28.0,Mar/10/2010 06:43:04
713064,AI.2010.CRYSTAL,Crystal Bowersox to win American Idol,10,27.9,Mar/10/2010 13:56:11
713064,AI.2010.CRYSTAL,Crystal Bowersox to win American Idol,3,28.0,Mar/10/2010 17:18:09
713064,AI.2010.CRYSTAL,Crystal Bowersox to win American Idol,1,30.5,Mar/10/2010 17:18:09
713064,AI.2010.CRYSTAL,Crystal Bowersox to win American Idol,1,30.5,Mar/10/2010 17:18:09
713064,AI.2010.CRYSTAL,Crystal Bowersox to win American Idol,2,30.9,Mar/10/2010 17:18:31
713064,AI.2010.CRYSTAL,Crystal Bowersox to win American Idol,1,30.9,Mar/10/2010 17:18:31
713064,AI.2010.CRYSTAL,Crystal Bowersox to win American Idol,1,31.0,Mar/10/2010 17:18:31
713064,AI.2010.CRYSTAL,Crystal Bowersox to win American Idol,1,30.9,Mar/10/2010 17:18:31
713064,AI.2010.CRYSTAL,Crystal Bowersox to win American Idol,1,27.6,Mar/10/2010 21:17:49
713064,AI.2010.CRYSTAL,Crystal Bowersox to win American Idol,1,27.1,Mar/10/2010 21:44:49
713064,AI.2010.CRYSTAL,Crystal Bowersox to win American Idol,1,27.1,Mar/10/2010 21:49:47
713064,AI.2010.CRYSTAL,Crystal Bowersox to win American Idol,1,27.0,Mar/10/2010 21:49:58
713064,AI.2010.CRYSTAL,Crystal Bowersox to win American Idol,2,27.0,Mar/10/2010 21:52:55
713064,AI.2010.CRYSTAL,Crystal Bowersox to win American Idol,1,27.0,Mar/10/2010 21:53:06
713064,AI.2010.CRYSTAL,Crystal Bowersox to win American Idol,1,27.0,Mar/10/2010 21:53:17
713064,AI.2010.CRYSTAL,Crystal Bowersox to win American Idol,2,27.0,Mar/10/2010 21:53:28
713064,AI.2010.CRYSTAL,Crystal Bowersox to win American Idol,1,27.0,Mar/10/2010 21:53:40
713064,AI.2010.CRYSTAL,Crystal Bowersox to win American Idol,3,26.6,Mar/11/2010 03:20:36
713064,AI.2010.CRYSTAL,Crystal Bowersox to win American Idol,4,26.1,Mar/11/2010 03:27:34
713064,AI.2010.CRYSTAL,Crystal Bowersox to win American Idol,5,27.0,Mar/11/2010 16:04:13
713064,AI.2010.CRYSTAL,Crystal Bowersox to win American Idol,1,27.9,Mar/12/2010 02:13:31
713064,AI.2010.CRYSTAL,Crystal Bowersox to win American Idol,1,28.1,Mar/12/2010 02:13:31
713064,AI.2010.CRYSTAL,Crystal Bowersox to win American Idol,1,28.3,Mar/12/2010 02:13:31
713064,AI.2010.CRYSTAL,Crystal Bowersox to win American Idol,1,28.5,Mar/12/2010 02:13:31
713064,AI.2010.CRYSTAL,Crystal Bowersox to win American Idol,1,28.7,Mar/12/2010 02:13:31
713064,AI.2010.CRYSTAL,Crystal Bowersox to win American Idol,1,29.9,Mar/12/2010 22:08:08
713064,AI.2010.CRYSTAL,Crystal Bowersox to win American Idol,1,29.9,Mar/12/2010 22:08:08
713064,AI.2010.CRYSTAL,Crystal Bowersox to win American Idol,16,27.9,Mar/13/2010 20:07:24
713064,AI.2010.CRYSTAL,Crystal Bowersox to win American Idol,8,28.0,Mar/13/2010 21:12:17
713064,AI.2010.CRYSTAL,Crystal Bowersox to win American Idol,10,29.0,Mar/14/2010 23:07:59
713064,AI.2010.CRYSTAL,Crystal Bowersox to win American Idol,5,30.0,Mar/16/2010 06:43:32
713064,AI.2010.CRYSTAL,Crystal Bowersox to win American Idol,2,30.9,Mar/16/2010 14:00:48
713064,AI.2010.CRYSTAL,Crystal Bowersox to win American Idol,4,30.9,Mar/16/2010 14:00:48
713064,AI.2010.CRYSTAL,Crystal Bowersox to win American Idol,1,30.9,Mar/16/2010 14:00:48
713064,AI.2010.CRYSTAL,Crystal Bowersox to win American Idol,1,30.9,Mar/16/2010 14:00:48
713064,AI.2010.CRYSTAL,Crystal Bowersox to win American Idol,25,30.0,Mar/16/2010 23:08:35
713064,AI.2010.CRYSTAL,Crystal Bowersox to win American Idol,1,31.9,Mar/16/2010 23:25:32
713064,AI.2010.CRYSTAL,Crystal Bowersox to win American Idol,1,31.4,Mar/16/2010 23:25:32
713064,AI.2010.CRYSTAL,Crystal Bowersox to win American Idol,1,31.5,Mar/16/2010 23:25:32
713064,AI.2010.CRYSTAL,Crystal Bowersox to win American Idol,1,31.9,Mar/16/2010 23:25:32
713064,AI.2010.CRYSTAL,Crystal Bowersox to win American Idol,1,31.8,Mar/16/2010 23:25:32
713064,AI.2010.CRYSTAL,Crystal Bowersox to win American Idol,1,31.9,Mar/16/2010 23:25:32
713064,AI.2010.CRYSTAL,Crystal Bowersox to win American Idol,1,31.5,Mar/16/2010 23:25:32
713064,AI.2010.CRYSTAL,Crystal Bowersox to win American Idol,1,31.8,Mar/16/2010 23:25:32
713064,AI.2010.CRYSTAL,Crystal Bowersox to win American Idol,1,32.0,Mar/16/2010 23:25:32
713064,AI.2010.CRYSTAL,Crystal Bowersox to win American Idol,1,31.9,Mar/16/2010 23:25:32
713064,AI.2010.CRYSTAL,Crystal Bowersox to win American Idol,1,32.0,Mar/16/2010 23:25:32
713064,AI.2010.CRYSTAL,Crystal Bowersox to win American Idol,2,31.5,Mar/16/2010 23:25:32
713064,AI.2010.CRYSTAL,Crystal Bowersox to win American Idol,2,31.9,Mar/16/2010 23:25:32
713064,AI.2010.CRYSTAL,Crystal Bowersox to win American Idol,1,31.5,Mar/16/2010 23:25:32
713064,AI.2010.CRYSTAL,Crystal Bowersox to win American Idol,2,31.9,Mar/16/2010 23:25:32
713064,AI.2010.CRYSTAL,Crystal Bowersox to win American Idol,3,31.9,Mar/16/2010 23:25:32
713064,AI.2010.CRYSTAL,Crystal Bowersox to win American Idol,3,32.0,Mar/16/2010 23:25:32
713064,AI.2010.CRYSTAL,Crystal Bowersox to win American Idol,1,31.0,Mar/16/2010 23:25:32
713064,AI.2010.CRYSTAL,Crystal Bowersox to win American Idol,2,32.0,Mar/16/2010 23:25:32
713064,AI.2010.CRYSTAL,Crystal Bowersox to win American Idol,1,32.0,Mar/16/2010 23:25:32
713064,AI.2010.CRYSTAL,Crystal Bowersox to win American Idol,1,31.0,Mar/16/2010 23:25:32
713064,AI.2010.CRYSTAL,Crystal Bowersox to win American Idol,1,31.0,Mar/16/2010 23:25:32
713064,AI.2010.CRYSTAL,Crystal Bowersox to win American Idol,1,32.0,Mar/16/2010 23:25:32
713064,AI.2010.CRYSTAL,Crystal Bowersox to win American Idol,1,31.8,Mar/16/2010 23:25:32
713064,AI.2010.CRYSTAL,Crystal Bowersox to win American Idol,1,31.7,Mar/16/2010 23:25:32
713064,AI.2010.CRYSTAL,Crystal Bowersox to win American Idol,2,31.4,Mar/16/2010 23:25:32
713064,AI.2010.CRYSTAL,Crystal Bowersox to win American Idol,1,31.0,Mar/16/2010 23:25:32
713064,AI.2010.CRYSTAL,Crystal Bowersox to win American Idol,1,31.4,Mar/16/2010 23:25:32
713064,AI.2010.CRYSTAL,Crystal Bowersox to win American Idol,1,31.9,Mar/16/2010 23:25:32
713064,AI.2010.CRYSTAL,Crystal Bowersox to win American Idol,2,32.0,Mar/16/2010 23:25:32
713064,AI.2010.CRYSTAL,Crystal Bowersox to win American Idol,1,32.9,Mar/16/2010 23:26:03
713064,AI.2010.CRYSTAL,Crystal Bowersox to win American Idol,1,32.5,Mar/16/2010 23:26:03
713064,AI.2010.CRYSTAL,Crystal Bowersox to win American Idol,1,32.8,Mar/16/2010 23:26:03
713064,AI.2010.CRYSTAL,Crystal Bowersox to win American Idol,1,32.8,Mar/16/2010 23:26:03
713064,AI.2010.CRYSTAL,Crystal Bowersox to win American Idol,1,32.9,Mar/16/2010 23:26:03
713064,AI.2010.CRYSTAL,Crystal Bowersox to win American Idol,1,32.5,Mar/16/2010 23:26:03
713064,AI.2010.CRYSTAL,Crystal Bowersox to win American Idol,1,32.9,Mar/16/2010 23:26:03
713064,AI.2010.CRYSTAL,Crystal Bowersox to win American Idol,2,32.9,Mar/16/2010 23:26:03
713064,AI.2010.CRYSTAL,Crystal Bowersox to win American Idol,2,32.8,Mar/16/2010 23:26:03
713064,AI.2010.CRYSTAL,Crystal Bowersox to win American Idol,8,33.0,Mar/16/2010 23:26:03
713064,AI.2010.CRYSTAL,Crystal Bowersox to win American Idol,1,32.9,Mar/16/2010 23:26:03
713064,AI.2010.CRYSTAL,Crystal Bowersox to win American Idol,2,32.9,Mar/16/2010 23:26:03
713064,AI.2010.CRYSTAL,Crystal Bowersox to win American Idol,2,33.0,Mar/16/2010 23:26:03
713064,AI.2010.CRYSTAL,Crystal Bowersox to win American Idol,1,33.0,Mar/16/2010 23:26:03
713064,AI.2010.CRYSTAL,Crystal Bowersox to win American Idol,1,32.9,Mar/16/2010 23:26:03
713064,AI.2010.CRYSTAL,Crystal Bowersox to win American Idol,1,33.9,Mar/16/2010 23:27:08
713064,AI.2010.CRYSTAL,Crystal Bowersox to win American Idol,1,33.8,Mar/16/2010 23:27:08
713064,AI.2010.CRYSTAL,Crystal Bowersox to win American Idol,1,33.9,Mar/16/2010 23:27:08
713064,AI.2010.CRYSTAL,Crystal Bowersox to win American Idol,1,33.8,Mar/16/2010 23:27:08
713064,AI.2010.CRYSTAL,Crystal Bowersox to win American Idol,1,33.9,Mar/16/2010 23:27:08
713064,AI.2010.CRYSTAL,Crystal Bowersox to win American Idol,2,33.9,Mar/16/2010 23:27:08
713064,AI.2010.CRYSTAL,Crystal Bowersox to win American Idol,3,33.9,Mar/16/2010 23:27:08
713064,AI.2010.CRYSTAL,Crystal Bowersox to win American Idol,1,33.9,Mar/16/2010 23:27:08
713064,AI.2010.CRYSTAL,Crystal Bowersox to win American Idol,1,33.9,Mar/16/2010 23:27:10
713064,AI.2010.CRYSTAL,Crystal Bowersox to win American Idol,1,35.0,Mar/17/2010 01:23:40
713064,AI.2010.CRYSTAL,Crystal Bowersox to win American Idol,6,33.0,Mar/17/2010 01:45:46
713064,AI.2010.CRYSTAL,Crystal Bowersox to win American Idol,19,35.0,Mar/17/2010 01:47:36
713064,AI.2010.CRYSTAL,Crystal Bowersox to win American Idol,5,34.9,Mar/17/2010 01:47:36
713064,AI.2010.CRYSTAL,Crystal Bowersox to win American Idol,1,35.0,Mar/17/2010 01:47:36
713064,AI.2010.CRYSTAL,Crystal Bowersox to win American Idol,1,36.9,Mar/17/2010 01:54:33
713064,AI.2010.CRYSTAL,Crystal Bowersox to win American Idol,1,37.0,Mar/17/2010 01:54:33
713064,AI.2010.CRYSTAL,Crystal Bowersox to win American Idol,1,36.9,Mar/17/2010 01:54:33
713064,AI.2010.CRYSTAL,Crystal Bowersox to win American Idol,1,37.0,Mar/17/2010 01:54:33
713064,AI.2010.CRYSTAL,Crystal Bowersox to win American Idol,1,37.0,Mar/17/2010 01:54:33
713064,AI.2010.CRYSTAL,Crystal Bowersox to win American Idol,5,33.0,Mar/17/2010 01:56:38
713064,AI.2010.CRYSTAL,Crystal Bowersox to win American Idol,1,36.0,Mar/17/2010 02:55:31
713064,AI.2010.CRYSTAL,Crystal Bowersox to win American Idol,1,37.9,Mar/17/2010 03:43:06
713064,AI.2010.CRYSTAL,Crystal Bowersox to win American Idol,1,37.9,Mar/17/2010 03:43:06
713064,AI.2010.CRYSTAL,Crystal Bowersox to win American Idol,10,37.9,Mar/17/2010 03:43:06
713064,AI.2010.CRYSTAL,Crystal Bowersox to win American Idol,1,36.9,Mar/17/2010 03:43:06
713064,AI.2010.CRYSTAL,Crystal Bowersox to win American Idol,1,37.0,Mar/17/2010 03:43:06
713064,AI.2010.CRYSTAL,Crystal Bowersox to win American Idol,1,37.5,Mar/17/2010 03:43:06
713064,AI.2010.CRYSTAL,Crystal Bowersox to win American Idol,1,36.5,Mar/17/2010 03:43:06
713064,AI.2010.CRYSTAL,Crystal Bowersox to win American Idol,1,38.9,Mar/17/2010 06:01:42
713064,AI.2010.CRYSTAL,Crystal Bowersox to win American Idol,1,38.7,Mar/17/2010 06:01:42
713064,AI.2010.CRYSTAL,Crystal Bowersox to win American Idol,1,38.0,Mar/17/2010 06:01:42
713064,AI.2010.CRYSTAL,Crystal Bowersox to win American Idol,1,38.7,Mar/17/2010 06:01:42
713064,AI.2010.CRYSTAL,Crystal Bowersox to win American Idol,1,38.5,Mar/17/2010 06:01:42
713064,AI.2010.CRYSTAL,Crystal Bowersox to win American Idol,1,38.8,Mar/17/2010 06:01:42
713064,AI.2010.CRYSTAL,Crystal Bowersox to win American Idol,1,38.9,Mar/17/2010 06:01:42
713064,AI.2010.CRYSTAL,Crystal Bowersox to win American Idol,1,38.9,Mar/17/2010 06:01:42
713064,AI.2010.CRYSTAL,Crystal Bowersox to win American Idol,1,39.0,Mar/17/2010 06:01:42
713064,AI.2010.CRYSTAL,Crystal Bowersox to win American Idol,1,39.0,Mar/17/2010 06:01:45
713064,AI.2010.CRYSTAL,Crystal Bowersox to win American Idol,1,36.6,Mar/17/2010 19:10:12
713064,AI.2010.CRYSTAL,Crystal Bowersox to win American Idol,1,36.3,Mar/17/2010 19:48:27
713064,AI.2010.CRYSTAL,Crystal Bowersox to win American Idol,2,36.2,Mar/17/2010 19:48:38
713064,AI.2010.CRYSTAL,Crystal Bowersox to win American Idol,1,36.2,Mar/17/2010 19:49:57
713064,AI.2010.CRYSTAL,Crystal Bowersox to win American Idol,19,36.0,Mar/17/2010 21:13:54
713064,AI.2010.CRYSTAL,Crystal Bowersox to win American Idol,3,36.1,Mar/17/2010 21:13:54
713064,AI.2010.CRYSTAL,Crystal Bowersox to win American Idol,19,35.8,Mar/18/2010 05:09:40
713064,AI.2010.CRYSTAL,Crystal Bowersox to win American Idol,1,35.8,Mar/18/2010 05:12:17
713064,AI.2010.CRYSTAL,Crystal Bowersox to win American Idol,10,36.2,Mar/18/2010 13:06:53
713064,AI.2010.CRYSTAL,Crystal Bowersox to win American Idol,20,36.2,Mar/18/2010 13:06:53
713064,AI.2010.CRYSTAL,Crystal Bowersox to win American Idol,20,36.0,Mar/18/2010 13:06:53
713064,AI.2010.CRYSTAL,Crystal Bowersox to win American Idol,1,35.9,Mar/18/2010 13:06:53
713064,AI.2010.CRYSTAL,Crystal Bowersox to win American Idol,10,37.8,Mar/18/2010 13:10:40
713064,AI.2010.CRYSTAL,Crystal Bowersox to win American Idol,15,37.7,Mar/18/2010 13:57:48
713064,AI.2010.CRYSTAL,Crystal Bowersox to win American Idol,15,37.8,Mar/18/2010 14:00:02
713064,AI.2010.CRYSTAL,Crystal Bowersox to win American Idol,20,39.2,Mar/18/2010 19:30:17
713064,AI.2010.CRYSTAL,Crystal Bowersox to win American Idol,4,39.0,Mar/19/2010 00:23:59
713064,AI.2010.CRYSTAL,Crystal Bowersox to win American Idol,11,39.4,Mar/19/2010 00:24:28
713064,AI.2010.CRYSTAL,Crystal Bowersox to win American Idol,1,39.0,Mar/19/2010 13:43:47
713064,AI.2010.CRYSTAL,Crystal Bowersox to win American Idol,10,39.7,Mar/19/2010 19:45:34
713064,AI.2010.CRYSTAL,Crystal Bowersox to win American Idol,1,37.6,Mar/20/2010 10:01:24
713064,AI.2010.CRYSTAL,Crystal Bowersox to win American Idol,14,37.0,Mar/20/2010 15:53:35
713064,AI.2010.CRYSTAL,Crystal Bowersox to win American Idol,30,37.1,Mar/20/2010 15:53:35
713064,AI.2010.CRYSTAL,Crystal Bowersox to win American Idol,1,37.2,Mar/20/2010 15:53:35
713064,AI.2010.CRYSTAL,Crystal Bowersox to win American Idol,1,36.7,Mar/21/2010 03:07:23
713064,AI.2010.CRYSTAL,Crystal Bowersox to win American Idol,1,36.5,Mar/21/2010 03:07:34
713064,AI.2010.CRYSTAL,Crystal Bowersox to win American Idol,1,36.2,Mar/21/2010 03:07:45
713064,AI.2010.CRYSTAL,Crystal Bowersox to win American Idol,1,36.2,Mar/21/2010 03:07:45
713064,AI.2010.CRYSTAL,Crystal Bowersox to win American Idol,1,36.0,Mar/21/2010 03:07:57
713064,AI.2010.CRYSTAL,Crystal Bowersox to win American Idol,2,36.0,Mar/21/2010 03:08:08
713064,AI.2010.CRYSTAL,Crystal Bowersox to win American Idol,1,36.0,Mar/21/2010 03:08:19
713064,AI.2010.CRYSTAL,Crystal Bowersox to win American Idol,2,36.0,Mar/21/2010 03:08:31
713064,AI.2010.CRYSTAL,Crystal Bowersox to win American Idol,2,36.0,Mar/21/2010 03:08:42
713064,AI.2010.CRYSTAL,Crystal Bowersox to win American Idol,2,36.0,Mar/21/2010 03:08:53
713064,AI.2010.CRYSTAL,Crystal Bowersox to win American Idol,2,36.0,Mar/21/2010 03:09:04
713064,AI.2010.CRYSTAL,Crystal Bowersox to win American Idol,1,35.8,Mar/21/2010 03:21:18
713064,AI.2010.CRYSTAL,Crystal Bowersox to win American Idol,5,35.3,Mar/21/2010 03:21:29
713064,AI.2010.CRYSTAL,Crystal Bowersox to win American Idol,2,35.3,Mar/21/2010 03:21:41
713064,AI.2010.CRYSTAL,Crystal Bowersox to win American Idol,1,35.3,Mar/21/2010 03:21:52
713064,AI.2010.CRYSTAL,Crystal Bowersox to win American Idol,1,35.4,Mar/21/2010 03:22:03
713064,AI.2010.CRYSTAL,Crystal Bowersox to win American Idol,1,35.3,Mar/21/2010 05:40:06
713064,AI.2010.CRYSTAL,Crystal Bowersox to win American Idol,1,35.3,Mar/21/2010 05:40:22
713064,AI.2010.CRYSTAL,Crystal Bowersox to win American Idol,1,34.2,Mar/23/2010 01:17:31
713064,AI.2010.CRYSTAL,Crystal Bowersox to win American Idol,1,34.1,Mar/23/2010 01:19:35
713064,AI.2010.CRYSTAL,Crystal Bowersox to win American Idol,2,34.1,Mar/23/2010 01:39:43
713064,AI.2010.CRYSTAL,Crystal Bowersox to win American Idol,2,34.1,Mar/23/2010 01:39:54
713064,AI.2010.CRYSTAL,Crystal Bowersox to win American Idol,3,34.1,Mar/23/2010 01:40:05
713064,AI.2010.CRYSTAL,Crystal Bowersox to win American Idol,3,34.0,Mar/23/2010 01:40:16
713064,AI.2010.CRYSTAL,Crystal Bowersox to win American Idol,2,34.1,Mar/23/2010 01:40:28
713064,AI.2010.CRYSTAL,Crystal Bowersox to win American Idol,3,34.1,Mar/23/2010 01:43:00
713064,AI.2010.CRYSTAL,Crystal Bowersox to win American Idol,2,34.1,Mar/23/2010 01:43:12
713064,AI.2010.CRYSTAL,Crystal Bowersox to win American Idol,3,34.1,Mar/23/2010 01:43:40
713064,AI.2010.CRYSTAL,Crystal Bowersox to win American Idol,1,34.1,Mar/23/2010 01:44:05
713064,AI.2010.CRYSTAL,Crystal Bowersox to win American Idol,2,34.0,Mar/23/2010 01:47:58
713064,AI.2010.CRYSTAL,Crystal Bowersox to win American Idol,5,34.0,Mar/23/2010 02:59:03
713064,AI.2010.CRYSTAL,Crystal Bowersox to win American Idol,50,33.6,Mar/23/2010 02:59:40
713064,AI.2010.CRYSTAL,Crystal Bowersox to win American Idol,74,33.0,Mar/23/2010 02:59:58
713064,AI.2010.CRYSTAL,Crystal Bowersox to win American Idol,111,33.0,Mar/23/2010 02:59:58
713064,AI.2010.CRYSTAL,Crystal Bowersox to win American Idol,1,34.9,Mar/23/2010 04:43:51
713064,AI.2010.CRYSTAL,Crystal Bowersox to win American Idol,2,34.9,Mar/23/2010 04:43:54
713064,AI.2010.CRYSTAL,Crystal Bowersox to win American Idol,4,35.1,Mar/23/2010 15:11:43
713064,AI.2010.CRYSTAL,Crystal Bowersox to win American Idol,1,32.1,Mar/23/2010 15:13:16
713064,AI.2010.CRYSTAL,Crystal Bowersox to win American Idol,1,35.0,Mar/23/2010 15:23:24
713064,AI.2010.CRYSTAL,Crystal Bowersox to win American Idol,1,35.0,Mar/23/2010 15:23:35
713064,AI.2010.CRYSTAL,Crystal Bowersox to win American Idol,3,35.0,Mar/23/2010 15:23:46
713064,AI.2010.CRYSTAL,Crystal Bowersox to win American Idol,1,35.0,Mar/23/2010 15:23:58
713064,AI.2010.CRYSTAL,Crystal Bowersox to win American Idol,1,34.9,Mar/24/2010 00:54:10
713064,AI.2010.CRYSTAL,Crystal Bowersox to win American Idol,5,35.0,Mar/24/2010 00:54:10
713064,AI.2010.CRYSTAL,Crystal Bowersox to win American Idol,2,34.9,Mar/24/2010 03:15:23
713064,AI.2010.CRYSTAL,Crystal Bowersox to win American Idol,1,33.7,Mar/24/2010 03:59:36
713064,AI.2010.CRYSTAL,Crystal Bowersox to win American Idol,2,33.7,Mar/24/2010 03:59:36
713064,AI.2010.CRYSTAL,Crystal Bowersox to win American Idol,70,35.8,Mar/24/2010 06:52:23
713064,AI.2010.CRYSTAL,Crystal Bowersox to win American Idol,1,36.0,Mar/24/2010 12:14:25
713064,AI.2010.CRYSTAL,Crystal Bowersox to win American Idol,1,38.4,Mar/24/2010 13:06:57
713064,AI.2010.CRYSTAL,Crystal Bowersox to win American Idol,1,37.9,Mar/24/2010 13:06:57
713064,AI.2010.CRYSTAL,Crystal Bowersox to win American Idol,1,36.9,Mar/24/2010 13:06:57
713064,AI.2010.CRYSTAL,Crystal Bowersox to win American Idol,1,37.9,Mar/24/2010 13:06:57
713064,AI.2010.CRYSTAL,Crystal Bowersox to win American Idol,1,36.9,Mar/24/2010 13:06:57
713064,AI.2010.CRYSTAL,Crystal Bowersox to win American Idol,1,37.9,Mar/24/2010 13:06:57
713064,AI.2010.CRYSTAL,Crystal Bowersox to win American Idol,1,37.8,Mar/24/2010 13:06:57
713064,AI.2010.CRYSTAL,Crystal Bowersox to win American Idol,1,38.8,Mar/24/2010 13:06:57
713064,AI.2010.CRYSTAL,Crystal Bowersox to win American Idol,1,37.9,Mar/24/2010 13:06:57
713064,AI.2010.CRYSTAL,Crystal Bowersox to win American Idol,1,38.4,Mar/24/2010 13:06:57
713064,AI.2010.CRYSTAL,Crystal Bowersox to win American Idol,1,36.6,Mar/24/2010 15:23:17
713064,AI.2010.CRYSTAL,Crystal Bowersox to win American Idol,1,37.0,Mar/24/2010 19:21:55
713064,AI.2010.CRYSTAL,Crystal Bowersox to win American Idol,1,40.0,Mar/24/2010 22:43:31
713064,AI.2010.CRYSTAL,Crystal Bowersox to win American Idol,1,39.9,Mar/24/2010 22:43:31
713064,AI.2010.CRYSTAL,Crystal Bowersox to win American Idol,10,39.9,Mar/24/2010 22:43:31
713064,AI.2010.CRYSTAL,Crystal Bowersox to win American Idol,1,39.9,Mar/24/2010 22:43:31
713064,AI.2010.CRYSTAL,Crystal Bowersox to win American Idol,1,39.6,Mar/24/2010 22:43:31
713064,AI.2010.CRYSTAL,Crystal Bowersox to win American Idol,15,39.5,Mar/24/2010 22:43:31
713064,AI.2010.CRYSTAL,Crystal Bowersox to win American Idol,10,38.0,Mar/25/2010 00:27:18
713064,AI.2010.CRYSTAL,Crystal Bowersox to win American Idol,10,37.9,Mar/25/2010 00:29:02
713064,AI.2010.CRYSTAL,Crystal Bowersox to win American Idol,1,40.8,Mar/25/2010 12:50:27
713064,AI.2010.CRYSTAL,Crystal Bowersox to win American Idol,1,40.0,Mar/25/2010 16:26:18
713064,AI.2010.CRYSTAL,Crystal Bowersox to win American Idol,1,39.9,Mar/25/2010 20:26:13
713064,AI.2010.CRYSTAL,Crystal Bowersox to win American Idol,1,39.0,Mar/25/2010 22:48:16
713064,AI.2010.CRYSTAL,Crystal Bowersox to win American Idol,99,40.0,Mar/25/2010 23:31:13
713064,AI.2010.CRYSTAL,Crystal Bowersox to win American Idol,19,39.9,Mar/25/2010 23:31:13
713064,AI.2010.CRYSTAL,Crystal Bowersox to win American Idol,1,39.1,Mar/25/2010 23:31:13
713064,AI.2010.CRYSTAL,Crystal Bowersox to win American Idol,1,39.3,Mar/25/2010 23:31:13
713064,AI.2010.CRYSTAL,Crystal Bowersox to win American Idol,1,39.5,Mar/25/2010 23:31:13
713064,AI.2010.CRYSTAL,Crystal Bowersox to win American Idol,1,39.7,Mar/25/2010 23:31:13
713064,AI.2010.CRYSTAL,Crystal Bowersox to win American Idol,1,39.9,Mar/25/2010 23:31:13
713064,AI.2010.CRYSTAL,Crystal Bowersox to win American Idol,1,40.1,Mar/26/2010 00:15:02
713064,AI.2010.CRYSTAL,Crystal Bowersox to win American Idol,1,40.3,Mar/26/2010 00:15:32
713064,AI.2010.CRYSTAL,Crystal Bowersox to win American Idol,1,40.5,Mar/26/2010 00:15:32
713064,AI.2010.CRYSTAL,Crystal Bowersox to win American Idol,1,40.7,Mar/26/2010 00:15:32
713064,AI.2010.CRYSTAL,Crystal Bowersox to win American Idol,1,40.9,Mar/26/2010 02:03:30
713064,AI.2010.CRYSTAL,Crystal Bowersox to win American Idol,1,41.1,Mar/26/2010 02:05:08
713064,AI.2010.CRYSTAL,Crystal Bowersox to win American Idol,1,41.3,Mar/26/2010 02:05:32
713064,AI.2010.CRYSTAL,Crystal Bowersox to win American Idol,1,41.5,Mar/26/2010 02:05:45
713064,AI.2010.CRYSTAL,Crystal Bowersox to win American Idol,1,41.7,Mar/26/2010 02:05:58
713064,AI.2010.CRYSTAL,Crystal Bowersox to win American Idol,1,41.8,Mar/26/2010 02:06:10
713064,AI.2010.CRYSTAL,Crystal Bowersox to win American Idol,1,41.9,Mar/26/2010 04:03:17
713064,AI.2010.CRYSTAL,Crystal Bowersox to win American Idol,1,41.9,Mar/26/2010 04:03:17
713064,AI.2010.CRYSTAL,Crystal Bowersox to win American Idol,1,41.9,Mar/26/2010 04:03:17
713064,AI.2010.CRYSTAL,Crystal Bowersox to win American Idol,1,42.0,Mar/26/2010 04:03:17
713064,AI.2010.CRYSTAL,Crystal Bowersox to win American Idol,1,42.0,Mar/26/2010 04:03:17
713064,AI.2010.CRYSTAL,Crystal Bowersox to win American Idol,1,41.9,Mar/26/2010 04:03:17
713064,AI.2010.CRYSTAL,Crystal Bowersox to win American Idol,1,41.9,Mar/26/2010 04:03:17
713064,AI.2010.CRYSTAL,Crystal Bowersox to win American Idol,5,41.0,Mar/27/2010 00:14:50
713064,AI.2010.CRYSTAL,Crystal Bowersox to win American Idol,1,42.8,Mar/29/2010 03:06:23
713064,AI.2010.CRYSTAL,Crystal Bowersox to win American Idol,10,43.0,Mar/29/2010 03:06:23
713064,AI.2010.CRYSTAL,Crystal Bowersox to win American Idol,1,42.8,Mar/29/2010 03:06:23
713064,AI.2010.CRYSTAL,Crystal Bowersox to win American Idol,1,42.9,Mar/29/2010 03:06:23
713064,AI.2010.CRYSTAL,Crystal Bowersox to win American Idol,1,43.0,Mar/29/2010 03:06:23
713064,AI.2010.CRYSTAL,Crystal Bowersox to win American Idol,1,42.8,Mar/29/2010 03:06:23
713064,AI.2010.CRYSTAL,Crystal Bowersox to win American Idol,1,42.9,Mar/29/2010 03:06:23
713064,AI.2010.CRYSTAL,Crystal Bowersox to win American Idol,1,42.7,Mar/29/2010 03:06:23
713064,AI.2010.CRYSTAL,Crystal Bowersox to win American Idol,1,42.8,Mar/29/2010 03:06:23
713064,AI.2010.CRYSTAL,Crystal Bowersox to win American Idol,1,42.6,Mar/29/2010 03:06:23
713064,AI.2010.CRYSTAL,Crystal Bowersox to win American Idol,1,42.4,Mar/29/2010 03:06:23
713064,AI.2010.CRYSTAL,Crystal Bowersox to win American Idol,1,42.6,Mar/29/2010 03:06:23
713064,AI.2010.CRYSTAL,Crystal Bowersox to win American Idol,1,43.0,Mar/29/2010 03:06:23
713064,AI.2010.CRYSTAL,Crystal Bowersox to win American Idol,1,43.0,Mar/29/2010 03:06:23
713064,AI.2010.CRYSTAL,Crystal Bowersox to win American Idol,1,42.9,Mar/29/2010 03:06:23
713064,AI.2010.CRYSTAL,Crystal Bowersox to win American Idol,1,42.5,Mar/29/2010 03:06:23
713064,AI.2010.CRYSTAL,Crystal Bowersox to win American Idol,2,42.9,Mar/29/2010 03:06:23
713064,AI.2010.CRYSTAL,Crystal Bowersox to win American Idol,40,42.9,Mar/29/2010 03:06:23
713064,AI.2010.CRYSTAL,Crystal Bowersox to win American Idol,2,42.7,Mar/29/2010 03:06:23
713064,AI.2010.CRYSTAL,Crystal Bowersox to win American Idol,5,42.0,Mar/29/2010 03:06:23
713064,AI.2010.CRYSTAL,Crystal Bowersox to win American Idol,1,43.8,Mar/29/2010 03:13:01
713064,AI.2010.CRYSTAL,Crystal Bowersox to win American Idol,1,43.6,Mar/29/2010 03:13:01
713064,AI.2010.CRYSTAL,Crystal Bowersox to win American Idol,1,43.8,Mar/29/2010 03:13:01
713064,AI.2010.CRYSTAL,Crystal Bowersox to win American Idol,1,43.9,Mar/29/2010 03:13:01
713064,AI.2010.CRYSTAL,Crystal Bowersox to win American Idol,1,43.7,Mar/29/2010 03:13:01
713064,AI.2010.CRYSTAL,Crystal Bowersox to win American Idol,1,43.9,Mar/29/2010 03:13:01
713064,AI.2010.CRYSTAL,Crystal Bowersox to win American Idol,1,43.5,Mar/29/2010 03:13:01
713064,AI.2010.CRYSTAL,Crystal Bowersox to win American Idol,1,43.5,Mar/29/2010 03:13:01
713064,AI.2010.CRYSTAL,Crystal Bowersox to win American Idol,1,43.9,Mar/29/2010 03:13:01
713064,AI.2010.CRYSTAL,Crystal Bowersox to win American Idol,2,43.9,Mar/29/2010 03:13:01
713064,AI.2010.CRYSTAL,Crystal Bowersox to win American Idol,2,43.7,Mar/29/2010 03:13:01
713064,AI.2010.CRYSTAL,Crystal Bowersox to win American Idol,1,44.0,Mar/29/2010 03:13:01
713064,AI.2010.CRYSTAL,Crystal Bowersox to win American Idol,1,44.9,Mar/29/2010 03:27:59
713064,AI.2010.CRYSTAL,Crystal Bowersox to win American Idol,1,44.4,Mar/29/2010 03:27:59
713064,AI.2010.CRYSTAL,Crystal Bowersox to win American Idol,1,44.9,Mar/29/2010 03:27:59
713064,AI.2010.CRYSTAL,Crystal Bowersox to win American Idol,1,44.6,Mar/29/2010 03:27:59
713064,AI.2010.CRYSTAL,Crystal Bowersox to win American Idol,20,45.0,Mar/29/2010 03:27:59
713064,AI.2010.CRYSTAL,Crystal Bowersox to win American Idol,1,44.4,Mar/29/2010 03:27:59
713064,AI.2010.CRYSTAL,Crystal Bowersox to win American Idol,1,45.0,Mar/29/2010 03:27:59
713064,AI.2010.CRYSTAL,Crystal Bowersox to win American Idol,1,44.5,Mar/29/2010 03:27:59
713064,AI.2010.CRYSTAL,Crystal Bowersox to win American Idol,1,44.9,Mar/29/2010 03:27:59
713064,AI.2010.CRYSTAL,Crystal Bowersox to win American Idol,1,44.9,Mar/29/2010 05:43:30
713064,AI.2010.CRYSTAL,Crystal Bowersox to win American Idol,1,45.4,Mar/29/2010 05:44:25
713064,AI.2010.CRYSTAL,Crystal Bowersox to win American Idol,1,45.5,Mar/29/2010 05:45:03
713064,AI.2010.CRYSTAL,Crystal Bowersox to win American Idol,1,45.9,Mar/29/2010 05:46:10
713064,AI.2010.CRYSTAL,Crystal Bowersox to win American Idol,1,46.0,Mar/29/2010 05:46:10
713064,AI.2010.CRYSTAL,Crystal Bowersox to win American Idol,1,45.9,Mar/29/2010 05:46:10
713064,AI.2010.CRYSTAL,Crystal Bowersox to win American Idol,1,45.9,Mar/29/2010 05:46:10
713064,AI.2010.CRYSTAL,Crystal Bowersox to win American Idol,6,46.0,Mar/29/2010 09:57:37
713064,AI.2010.CRYSTAL,Crystal Bowersox to win American Idol,1,45.0,Mar/29/2010 19:06:49
713064,AI.2010.CRYSTAL,Crystal Bowersox to win American Idol,1,45.3,Mar/29/2010 19:06:49
713064,AI.2010.CRYSTAL,Crystal Bowersox to win American Idol,1,45.6,Mar/29/2010 19:06:49
713064,AI.2010.CRYSTAL,Crystal Bowersox to win American Idol,1,45.9,Mar/29/2010 19:06:49
713064,AI.2010.CRYSTAL,Crystal Bowersox to win American Idol,111,45.0,Mar/29/2010 19:06:49
713064,AI.2010.CRYSTAL,Crystal Bowersox to win American Idol,1,46.9,Mar/29/2010 20:15:57
713064,AI.2010.CRYSTAL,Crystal Bowersox to win American Idol,1,46.9,Mar/29/2010 20:15:57
713064,AI.2010.CRYSTAL,Crystal Bowersox to win American Idol,1,46.9,Mar/29/2010 20:15:57
713064,AI.2010.CRYSTAL,Crystal Bowersox to win American Idol,1,47.9,Mar/29/2010 20:16:28
713064,AI.2010.CRYSTAL,Crystal Bowersox to win American Idol,1,47.0,Mar/29/2010 20:16:28
713064,AI.2010.CRYSTAL,Crystal Bowersox to win American Idol,1,47.9,Mar/29/2010 20:16:28
713064,AI.2010.CRYSTAL,Crystal Bowersox to win American Idol,1,47.5,Mar/29/2010 20:16:28
713064,AI.2010.CRYSTAL,Crystal Bowersox to win American Idol,1,47.9,Mar/29/2010 20:16:28
713064,AI.2010.CRYSTAL,Crystal Bowersox to win American Idol,1,47.8,Mar/29/2010 20:16:28
713064,AI.2010.CRYSTAL,Crystal Bowersox to win American Idol,1,47.4,Mar/29/2010 21:49:41
713064,AI.2010.CRYSTAL,Crystal Bowersox to win American Idol,1,47.5,Mar/30/2010 01:41:16
713064,AI.2010.CRYSTAL,Crystal Bowersox to win American Idol,1,47.9,Mar/30/2010 01:44:25
713064,AI.2010.CRYSTAL,Crystal Bowersox to win American Idol,1,47.5,Mar/30/2010 04:35:23
713064,AI.2010.CRYSTAL,Crystal Bowersox to win American Idol,1,47.8,Mar/30/2010 20:14:24
713064,AI.2010.CRYSTAL,Crystal Bowersox to win American Idol,1,48.0,Mar/30/2010 20:48:48
713064,AI.2010.CRYSTAL,Crystal Bowersox to win American Idol,1,47.9,Mar/30/2010 20:48:48
713064,AI.2010.CRYSTAL,Crystal Bowersox to win American Idol,10,47.9,Mar/30/2010 20:48:48
713064,AI.2010.CRYSTAL,Crystal Bowersox to win American Idol,20,48.0,Mar/30/2010 22:21:40
713064,AI.2010.CRYSTAL,Crystal Bowersox to win American Idol,1,48.0,Mar/30/2010 23:32:00
713064,AI.2010.CRYSTAL,Crystal Bowersox to win American Idol,1,49.0,Mar/31/2010 00:13:29
713064,AI.2010.CRYSTAL,Crystal Bowersox to win American Idol,15,49.0,Mar/31/2010 00:13:29
713064,AI.2010.CRYSTAL,Crystal Bowersox to win American Idol,20,50.0,Mar/31/2010 00:16:11
713064,AI.2010.CRYSTAL,Crystal Bowersox to win American Idol,1,50.0,Mar/31/2010 00:16:11
713064,AI.2010.CRYSTAL,Crystal Bowersox to win American Idol,1,50.0,Mar/31/2010 00:16:11
713064,AI.2010.CRYSTAL,Crystal Bowersox to win American Idol,2,50.0,Mar/31/2010 01:30:13
713064,AI.2010.CRYSTAL,Crystal Bowersox to win American Idol,1,50.0,Mar/31/2010 01:30:13
713064,AI.2010.CRYSTAL,Crystal Bowersox to win American Idol,1,54.9,Mar/31/2010 01:43:04
713064,AI.2010.CRYSTAL,Crystal Bowersox to win American Idol,1,54.5,Mar/31/2010 01:43:04
713064,AI.2010.CRYSTAL,Crystal Bowersox to win American Idol,1,55.5,Mar/31/2010 01:43:04
713064,AI.2010.CRYSTAL,Crystal Bowersox to win American Idol,1,54.7,Mar/31/2010 01:43:04
713064,AI.2010.CRYSTAL,Crystal Bowersox to win American Idol,1,54.0,Mar/31/2010 01:43:04
713064,AI.2010.CRYSTAL,Crystal Bowersox to win American Idol,1,54.7,Mar/31/2010 01:43:04
713064,AI.2010.CRYSTAL,Crystal Bowersox to win American Idol,1,55.7,Mar/31/2010 01:43:04
713064,AI.2010.CRYSTAL,Crystal Bowersox to win American Idol,1,54.9,Mar/31/2010 01:43:04
713064,AI.2010.CRYSTAL,Crystal Bowersox to win American Idol,1,54.6,Mar/31/2010 01:43:04
713064,AI.2010.CRYSTAL,Crystal Bowersox to win American Idol,1,54.4,Mar/31/2010 01:43:04
713064,AI.2010.CRYSTAL,Crystal Bowersox to win American Idol,1,54.3,Mar/31/2010 01:43:04
713064,AI.2010.CRYSTAL,Crystal Bowersox to win American Idol,1,56.0,Mar/31/2010 01:43:04
713064,AI.2010.CRYSTAL,Crystal Bowersox to win American Idol,1,54.0,Mar/31/2010 01:43:04
713064,AI.2010.CRYSTAL,Crystal Bowersox to win American Idol,1,55.9,Mar/31/2010 01:43:04
713064,AI.2010.CRYSTAL,Crystal Bowersox to win American Idol,1,55.5,Mar/31/2010 01:43:04
713064,AI.2010.CRYSTAL,Crystal Bowersox to win American Idol,1,55.0,Mar/31/2010 01:43:04
713064,AI.2010.CRYSTAL,Crystal Bowersox to win American Idol,1,54.7,Mar/31/2010 01:43:04
713064,AI.2010.CRYSTAL,Crystal Bowersox to win American Idol,1,55.9,Mar/31/2010 01:43:04
713064,AI.2010.CRYSTAL,Crystal Bowersox to win American Idol,1,54.7,Mar/31/2010 01:43:04
713064,AI.2010.CRYSTAL,Crystal Bowersox to win American Idol,1,55.4,Mar/31/2010 01:43:04
713064,AI.2010.CRYSTAL,Crystal Bowersox to win American Idol,10,55.0,Mar/31/2010 01:45:59
713064,AI.2010.CRYSTAL,Crystal Bowersox to win American Idol,10,54.0,Mar/31/2010 01:50:57
713064,AI.2010.CRYSTAL,Crystal Bowersox to win American Idol,3,55.0,Mar/31/2010 02:18:18
713064,AI.2010.CRYSTAL,Crystal Bowersox to win American Idol,2,55.0,Mar/31/2010 02:18:18
713064,AI.2010.CRYSTAL,Crystal Bowersox to win American Idol,5,55.0,Mar/31/2010 02:18:18
713064,AI.2010.CRYSTAL,Crystal Bowersox to win American Idol,2,53.9,Mar/31/2010 04:06:58
713064,AI.2010.CRYSTAL,Crystal Bowersox to win American Idol,25,54.0,Mar/31/2010 04:07:07
713064,AI.2010.CRYSTAL,Crystal Bowersox to win American Idol,5,54.0,Mar/31/2010 04:10:50
713064,AI.2010.CRYSTAL,Crystal Bowersox to win American Idol,1,53.0,Mar/31/2010 04:27:46
713064,AI.2010.CRYSTAL,Crystal Bowersox to win American Idol,1,53.3,Mar/31/2010 04:27:46
713064,AI.2010.CRYSTAL,Crystal Bowersox to win American Idol,1,53.6,Mar/31/2010 04:27:46
713064,AI.2010.CRYSTAL,Crystal Bowersox to win American Idol,1,53.9,Mar/31/2010 04:27:46
713064,AI.2010.CRYSTAL,Crystal Bowersox to win American Idol,1,56.0,Mar/31/2010 05:36:47
713064,AI.2010.CRYSTAL,Crystal Bowersox to win American Idol,1,55.9,Mar/31/2010 05:36:47
713064,AI.2010.CRYSTAL,Crystal Bowersox to win American Idol,1,56.0,Mar/31/2010 05:36:47
713064,AI.2010.CRYSTAL,Crystal Bowersox to win American Idol,2,55.9,Mar/31/2010 05:36:47
713064,AI.2010.CRYSTAL,Crystal Bowersox to win American Idol,1,56.0,Mar/31/2010 05:36:47
713064,AI.2010.CRYSTAL,Crystal Bowersox to win American Idol,1,55.5,Mar/31/2010 05:36:47
713064,AI.2010.CRYSTAL,Crystal Bowersox to win American Idol,5,55.0,Mar/31/2010 05:36:47
713064,AI.2010.CRYSTAL,Crystal Bowersox to win American Idol,2,54.9,Mar/31/2010 05:36:47
713064,AI.2010.CRYSTAL,Crystal Bowersox to win American Idol,1,55.9,Mar/31/2010 05:36:47
713064,AI.2010.CRYSTAL,Crystal Bowersox to win American Idol,5,54.0,Mar/31/2010 05:36:47
713064,AI.2010.CRYSTAL,Crystal Bowersox to win American Idol,1,56.9,Mar/31/2010 05:38:01
713064,AI.2010.CRYSTAL,Crystal Bowersox to win American Idol,1,56.7,Mar/31/2010 05:38:01
713064,AI.2010.CRYSTAL,Crystal Bowersox to win American Idol,1,56.4,Mar/31/2010 05:38:01
713064,AI.2010.CRYSTAL,Crystal Bowersox to win American Idol,1,56.5,Mar/31/2010 05:38:01
713064,AI.2010.CRYSTAL,Crystal Bowersox to win American Idol,1,56.2,Mar/31/2010 05:38:01
713064,AI.2010.CRYSTAL,Crystal Bowersox to win American Idol,1,56.9,Mar/31/2010 05:38:01
713064,AI.2010.CRYSTAL,Crystal Bowersox to win American Idol,1,56.5,Mar/31/2010 05:38:01
713064,AI.2010.CRYSTAL,Crystal Bowersox to win American Idol,23,56.9,Mar/31/2010 05:38:01
713064,AI.2010.CRYSTAL,Crystal Bowersox to win American Idol,5,55.5,Mar/31/2010 15:29:59
713064,AI.2010.CRYSTAL,Crystal Bowersox to win American Idol,50,55.5,Mar/31/2010 15:35:06
713064,AI.2010.CRYSTAL,Crystal Bowersox to win American Idol,5,55.5,Mar/31/2010 15:44:01
713064,AI.2010.CRYSTAL,Crystal Bowersox to win American Idol,3,55.8,Mar/31/2010 16:23:34
713064,AI.2010.CRYSTAL,Crystal Bowersox to win American Idol,2,55.9,Mar/31/2010 17:02:25
713064,AI.2010.CRYSTAL,Crystal Bowersox to win American Idol,3,55.9,Mar/31/2010 17:02:25
713064,AI.2010.CRYSTAL,Crystal Bowersox to win American Idol,3,55.8,Mar/31/2010 17:47:22
713064,AI.2010.CRYSTAL,Crystal Bowersox to win American Idol,2,55.8,Mar/31/2010 17:48:20
713064,AI.2010.CRYSTAL,Crystal Bowersox to win American Idol,1,55.9,Mar/31/2010 18:12:32
713064,AI.2010.CRYSTAL,Crystal Bowersox to win American Idol,1,56.0,Mar/31/2010 18:12:32
713064,AI.2010.CRYSTAL,Crystal Bowersox to win American Idol,1,56.1,Mar/31/2010 18:12:32
713064,AI.2010.CRYSTAL,Crystal Bowersox to win American Idol,1,56.2,Mar/31/2010 18:12:32
713064,AI.2010.CRYSTAL,Crystal Bowersox to win American Idol,1,57.0,Apr/01/2010 01:52:24
713064,AI.2010.CRYSTAL,Crystal Bowersox to win American Idol,1,57.4,Apr/01/2010 01:52:24
713064,AI.2010.CRYSTAL,Crystal Bowersox to win American Idol,1,57.2,Apr/01/2010 01:52:24
713064,AI.2010.CRYSTAL,Crystal Bowersox to win American Idol,1,57.0,Apr/01/2010 01:52:24
713064,AI.2010.CRYSTAL,Crystal Bowersox to win American Idol,1,57.0,Apr/01/2010 01:52:24
713064,AI.2010.CRYSTAL,Crystal Bowersox to win American Idol,1,57.5,Apr/01/2010 01:52:24
713064,AI.2010.CRYSTAL,Crystal Bowersox to win American Idol,1,56.8,Apr/01/2010 01:52:24
713064,AI.2010.CRYSTAL,Crystal Bowersox to win American Idol,1,56.9,Apr/01/2010 01:52:24
713064,AI.2010.CRYSTAL,Crystal Bowersox to win American Idol,10,56.7,Apr/01/2010 01:52:24
713064,AI.2010.CRYSTAL,Crystal Bowersox to win American Idol,1,56.7,Apr/01/2010 01:52:24
713064,AI.2010.CRYSTAL,Crystal Bowersox to win American Idol,5,57.7,Apr/01/2010 01:53:06
713064,AI.2010.CRYSTAL,Crystal Bowersox to win American Idol,1,57.7,Apr/01/2010 01:53:06
713064,AI.2010.CRYSTAL,Crystal Bowersox to win American Idol,5,57.0,Apr/01/2010 13:23:21
713064,AI.2010.CRYSTAL,Crystal Bowersox to win American Idol,6,55.0,Apr/01/2010 15:16:05
713064,AI.2010.CRYSTAL,Crystal Bowersox to win American Idol,1,56.6,Apr/01/2010 15:16:05
713064,AI.2010.CRYSTAL,Crystal Bowersox to win American Idol,1,56.1,Apr/01/2010 15:16:05
713064,AI.2010.CRYSTAL,Crystal Bowersox to win American Idol,1,55.6,Apr/01/2010 15:16:05
713064,AI.2010.CRYSTAL,Crystal Bowersox to win American Idol,1,55.1,Apr/01/2010 15:16:05
713064,AI.2010.CRYSTAL,Crystal Bowersox to win American Idol,9,55.7,Apr/03/2010 16:06:53
713064,AI.2010.CRYSTAL,Crystal Bowersox to win American Idol,1,55.6,Apr/03/2010 16:06:53
713064,AI.2010.CRYSTAL,Crystal Bowersox to win American Idol,4,55.8,Apr/03/2010 16:07:28
713064,AI.2010.CRYSTAL,Crystal Bowersox to win American Idol,1,55.7,Apr/03/2010 16:07:28
713064,AI.2010.CRYSTAL,Crystal Bowersox to win American Idol,1,55.9,Apr/03/2010 16:07:28
713064,AI.2010.CRYSTAL,Crystal Bowersox to win American Idol,5,55.4,Apr/03/2010 20:39:00
713064,AI.2010.CRYSTAL,Crystal Bowersox to win American Idol,1,54.6,Apr/04/2010 05:23:52
713064,AI.2010.CRYSTAL,Crystal Bowersox to win American Idol,8,54.0,Apr/04/2010 16:34:18
713064,AI.2010.CRYSTAL,Crystal Bowersox to win American Idol,1,54.4,Apr/04/2010 16:34:18
713064,AI.2010.CRYSTAL,Crystal Bowersox to win American Idol,1,54.2,Apr/04/2010 16:34:18
713064,AI.2010.CRYSTAL,Crystal Bowersox to win American Idol,1,54.5,Apr/05/2010 20:16:15
713064,AI.2010.CRYSTAL,Crystal Bowersox to win American Idol,2,54.0,Apr/05/2010 23:22:21
713064,AI.2010.CRYSTAL,Crystal Bowersox to win American Idol,9,54.5,Apr/05/2010 23:22:21
713064,AI.2010.CRYSTAL,Crystal Bowersox to win American Idol,1,54.4,Apr/06/2010 11:36:53
713064,AI.2010.CRYSTAL,Crystal Bowersox to win American Idol,1,54.4,Apr/06/2010 14:11:27
713064,AI.2010.CRYSTAL,Crystal Bowersox to win American Idol,3,53.5,Apr/06/2010 17:57:28
713064,AI.2010.CRYSTAL,Crystal Bowersox to win American Idol,1,53.1,Apr/06/2010 17:57:36
713064,AI.2010.CRYSTAL,Crystal Bowersox to win American Idol,10,53.0,Apr/06/2010 17:57:45
713064,AI.2010.CRYSTAL,Crystal Bowersox to win American Idol,1,55.0,Apr/06/2010 20:09:13
713064,AI.2010.CRYSTAL,Crystal Bowersox to win American Idol,1,54.7,Apr/06/2010 20:09:13
713064,AI.2010.CRYSTAL,Crystal Bowersox to win American Idol,1,54.9,Apr/06/2010 20:09:13
713064,AI.2010.CRYSTAL,Crystal Bowersox to win American Idol,1,54.9,Apr/06/2010 20:09:13
713064,AI.2010.CRYSTAL,Crystal Bowersox to win American Idol,1,52.8,Apr/07/2010 14:46:44
713064,AI.2010.CRYSTAL,Crystal Bowersox to win American Idol,1,52.8,Apr/07/2010 14:46:44
713064,AI.2010.CRYSTAL,Crystal Bowersox to win American Idol,1,52.8,Apr/07/2010 15:09:22
713064,AI.2010.CRYSTAL,Crystal Bowersox to win American Idol,2,52.7,Apr/07/2010 19:21:44
713064,AI.2010.CRYSTAL,Crystal Bowersox to win American Idol,1,52.7,Apr/07/2010 19:47:27
713064,AI.2010.CRYSTAL,Crystal Bowersox to win American Idol,2,52.7,Apr/07/2010 19:51:46
713064,AI.2010.CRYSTAL,Crystal Bowersox to win American Idol,5,52.7,Apr/07/2010 19:52:08
713064,AI.2010.CRYSTAL,Crystal Bowersox to win American Idol,1,54.9,Apr/07/2010 21:39:37
713064,AI.2010.CRYSTAL,Crystal Bowersox to win American Idol,1,53.9,Apr/07/2010 21:39:37
713064,AI.2010.CRYSTAL,Crystal Bowersox to win American Idol,1,54.5,Apr/07/2010 21:39:37
713064,AI.2010.CRYSTAL,Crystal Bowersox to win American Idol,1,55.0,Apr/07/2010 21:44:33
713064,AI.2010.CRYSTAL,Crystal Bowersox to win American Idol,1,54.9,Apr/07/2010 21:44:33
713064,AI.2010.CRYSTAL,Crystal Bowersox to win American Idol,1,53.1,Apr/08/2010 01:30:54
713064,AI.2010.CRYSTAL,Crystal Bowersox to win American Idol,1,53.1,Apr/08/2010 12:40:36
713064,AI.2010.CRYSTAL,Crystal Bowersox to win American Idol,1,52.6,Apr/08/2010 12:41:19
713064,AI.2010.CRYSTAL,Crystal Bowersox to win American Idol,1,52.1,Apr/08/2010 19:59:42
713064,AI.2010.CRYSTAL,Crystal Bowersox to win American Idol,1,51.6,Apr/08/2010 20:00:22
713064,AI.2010.CRYSTAL,Crystal Bowersox to win American Idol,1,52.0,Apr/09/2010 23:27:02
713064,AI.2010.CRYSTAL,Crystal Bowersox to win American Idol,1,51.1,Apr/09/2010 23:35:40
713064,AI.2010.CRYSTAL,Crystal Bowersox to win American Idol,12,50.0,Apr/10/2010 00:06:27
713064,AI.2010.CRYSTAL,Crystal Bowersox to win American Idol,1,50.6,Apr/10/2010 00:06:27
713064,AI.2010.CRYSTAL,Crystal Bowersox to win American Idol,1,50.1,Apr/10/2010 00:06:27
713064,AI.2010.CRYSTAL,Crystal Bowersox to win American Idol,8,50.0,Apr/10/2010 00:35:18
713064,AI.2010.CRYSTAL,Crystal Bowersox to win American Idol,15,50.0,Apr/10/2010 00:35:18
713064,AI.2010.CRYSTAL,Crystal Bowersox to win American Idol,50,50.0,Apr/10/2010 00:35:18
713064,AI.2010.CRYSTAL,Crystal Bowersox to win American Idol,1,52.9,Apr/10/2010 01:33:28
713064,AI.2010.CRYSTAL,Crystal Bowersox to win American Idol,1,51.1,Apr/10/2010 19:16:59
713064,AI.2010.CRYSTAL,Crystal Bowersox to win American Idol,15,52.8,Apr/11/2010 19:14:45
713064,AI.2010.CRYSTAL,Crystal Bowersox to win American Idol,2,52.0,Apr/11/2010 19:14:45
713064,AI.2010.CRYSTAL,Crystal Bowersox to win American Idol,3,52.7,Apr/11/2010 19:14:45
713064,AI.2010.CRYSTAL,Crystal Bowersox to win American Idol,1,50.6,Apr/11/2010 21:01:27
713064,AI.2010.CRYSTAL,Crystal Bowersox to win American Idol,1,50.3,Apr/11/2010 22:02:03
713064,AI.2010.CRYSTAL,Crystal Bowersox to win American Idol,1,50.2,Apr/11/2010 22:02:09
713064,AI.2010.CRYSTAL,Crystal Bowersox to win American Idol,1,50.1,Apr/11/2010 22:02:20
713064,AI.2010.CRYSTAL,Crystal Bowersox to win American Idol,10,50.0,Apr/11/2010 23:18:46
713064,AI.2010.CRYSTAL,Crystal Bowersox to win American Idol,4,50.0,Apr/11/2010 23:19:59
713064,AI.2010.CRYSTAL,Crystal Bowersox to win American Idol,1,50.1,Apr/12/2010 21:16:59
713064,AI.2010.CRYSTAL,Crystal Bowersox to win American Idol,10,50.0,Apr/12/2010 21:44:41
713064,AI.2010.CRYSTAL,Crystal Bowersox to win American Idol,1,51.1,Apr/13/2010 02:31:31
713064,AI.2010.CRYSTAL,Crystal Bowersox to win American Idol,19,50.0,Apr/13/2010 14:26:09
713064,AI.2010.CRYSTAL,Crystal Bowersox to win American Idol,4,50.0,Apr/13/2010 14:28:36
713064,AI.2010.CRYSTAL,Crystal Bowersox to win American Idol,1,50.0,Apr/13/2010 19:41:50
713064,AI.2010.CRYSTAL,Crystal Bowersox to win American Idol,1,50.1,Apr/13/2010 22:38:54
713064,AI.2010.CRYSTAL,Crystal Bowersox to win American Idol,1,51.1,Apr/14/2010 00:11:41
713064,AI.2010.CRYSTAL,Crystal Bowersox to win American Idol,1,51.1,Apr/14/2010 01:25:05
713064,AI.2010.CRYSTAL,Crystal Bowersox to win American Idol,1,50.1,Apr/14/2010 04:07:57
713064,AI.2010.CRYSTAL,Crystal Bowersox to win American Idol,2,50.0,Apr/14/2010 04:08:24
713064,AI.2010.CRYSTAL,Crystal Bowersox to win American Idol,1,49.8,Apr/14/2010 04:09:31
713064,AI.2010.CRYSTAL,Crystal Bowersox to win American Idol,1,49.6,Apr/14/2010 04:10:48
713064,AI.2010.CRYSTAL,Crystal Bowersox to win American Idol,16,49.6,Apr/14/2010 15:18:29
713064,AI.2010.CRYSTAL,Crystal Bowersox to win American Idol,1,49.7,Apr/14/2010 15:18:29
713064,AI.2010.CRYSTAL,Crystal Bowersox to win American Idol,8,49.8,Apr/14/2010 15:18:29
713064,AI.2010.CRYSTAL,Crystal Bowersox to win American Idol,1,49.7,Apr/14/2010 19:45:18
713064,AI.2010.CRYSTAL,Crystal Bowersox to win American Idol,50,49.6,Apr/14/2010 19:45:43
713064,AI.2010.CRYSTAL,Crystal Bowersox to win American Idol,1,50.6,Apr/15/2010 12:34:02
713064,AI.2010.CRYSTAL,Crystal Bowersox to win American Idol,1,50.3,Apr/15/2010 12:34:11
713064,AI.2010.CRYSTAL,Crystal Bowersox to win American Idol,16,49.6,Apr/15/2010 18:59:41
713064,AI.2010.CRYSTAL,Crystal Bowersox to win American Idol,10,49.6,Apr/15/2010 20:18:53
713064,AI.2010.CRYSTAL,Crystal Bowersox to win American Idol,1,52.0,Apr/16/2010 02:51:06
713064,AI.2010.CRYSTAL,Crystal Bowersox to win American Idol,1,52.0,Apr/16/2010 02:51:13
713064,AI.2010.CRYSTAL,Crystal Bowersox to win American Idol,1,49.6,Apr/16/2010 02:52:09
713064,AI.2010.CRYSTAL,Crystal Bowersox to win American Idol,1,49.6,Apr/16/2010 14:57:44
713064,AI.2010.CRYSTAL,Crystal Bowersox to win American Idol,2,52.0,Apr/16/2010 15:23:19
713064,AI.2010.CRYSTAL,Crystal Bowersox to win American Idol,21,51.0,Apr/19/2010 00:59:40
713064,AI.2010.CRYSTAL,Crystal Bowersox to win American Idol,18,51.0,Apr/19/2010 22:45:32
713064,AI.2010.CRYSTAL,Crystal Bowersox to win American Idol,7,51.0,Apr/20/2010 00:36:35
713064,AI.2010.CRYSTAL,Crystal Bowersox to win American Idol,21,50.8,Apr/20/2010 01:44:18
713064,AI.2010.CRYSTAL,Crystal Bowersox to win American Idol,12,50.5,Apr/20/2010 01:44:54
713064,AI.2010.CRYSTAL,Crystal Bowersox to win American Idol,1,51.6,Apr/20/2010 14:25:28
713064,AI.2010.CRYSTAL,Crystal Bowersox to win American Idol,5,53.0,Apr/20/2010 20:13:53
713064,AI.2010.CRYSTAL,Crystal Bowersox to win American Idol,10,52.9,Apr/20/2010 20:13:53
713064,AI.2010.CRYSTAL,Crystal Bowersox to win American Idol,1,53.0,Apr/20/2010 20:16:46
713064,AI.2010.CRYSTAL,Crystal Bowersox to win American Idol,1,52.1,Apr/20/2010 22:29:09
713064,AI.2010.CRYSTAL,Crystal Bowersox to win American Idol,5,52.5,Apr/21/2010 03:03:59
713064,AI.2010.CRYSTAL,Crystal Bowersox to win American Idol,10,53.9,Apr/21/2010 03:20:24
713064,AI.2010.CRYSTAL,Crystal Bowersox to win American Idol,17,54.0,Apr/21/2010 04:26:51
713064,AI.2010.CRYSTAL,Crystal Bowersox to win American Idol,7,54.5,Apr/21/2010 05:07:40
713064,AI.2010.CRYSTAL,Crystal Bowersox to win American Idol,9,55.0,Apr/21/2010 05:08:20
713064,AI.2010.CRYSTAL,Crystal Bowersox to win American Idol,1,59.9,Apr/21/2010 05:12:46
713064,AI.2010.CRYSTAL,Crystal Bowersox to win American Idol,1,59.7,Apr/21/2010 05:12:46
713064,AI.2010.CRYSTAL,Crystal Bowersox to win American Idol,1,59.9,Apr/21/2010 05:12:46
713064,AI.2010.CRYSTAL,Crystal Bowersox to win American Idol,1,59.5,Apr/21/2010 05:12:46
713064,AI.2010.CRYSTAL,Crystal Bowersox to win American Idol,1,59.9,Apr/21/2010 05:12:46
713064,AI.2010.CRYSTAL,Crystal Bowersox to win American Idol,11,55.0,Apr/21/2010 05:12:46
713064,AI.2010.CRYSTAL,Crystal Bowersox to win American Idol,1,60.0,Apr/21/2010 05:12:46
713064,AI.2010.CRYSTAL,Crystal Bowersox to win American Idol,1,60.0,Apr/21/2010 05:12:46
713064,AI.2010.CRYSTAL,Crystal Bowersox to win American Idol,25,58.0,Apr/21/2010 05:12:46
713064,AI.2010.CRYSTAL,Crystal Bowersox to win American Idol,7,60.0,Apr/21/2010 07:04:43
713064,AI.2010.CRYSTAL,Crystal Bowersox to win American Idol,5,59.3,Apr/21/2010 20:14:19
713064,AI.2010.CRYSTAL,Crystal Bowersox to win American Idol,20,59.9,Apr/21/2010 22:42:02
713064,AI.2010.CRYSTAL,Crystal Bowersox to win American Idol,10,60.2,Apr/22/2010 16:41:08
713064,AI.2010.CRYSTAL,Crystal Bowersox to win American Idol,10,60.0,Apr/22/2010 16:41:08
713064,AI.2010.CRYSTAL,Crystal Bowersox to win American Idol,10,59.8,Apr/22/2010 16:41:08
713064,AI.2010.CRYSTAL,Crystal Bowersox to win American Idol,5,60.1,Apr/22/2010 16:41:08
713064,AI.2010.CRYSTAL,Crystal Bowersox to win American Idol,135,60.2,Apr/23/2010 15:23:58
713064,AI.2010.CRYSTAL,Crystal Bowersox to win American Idol,20,60.8,Apr/23/2010 15:23:58
713064,AI.2010.CRYSTAL,Crystal Bowersox to win American Idol,1,61.1,Apr/23/2010 15:23:58
713064,AI.2010.CRYSTAL,Crystal Bowersox to win American Idol,1,60.9,Apr/23/2010 15:23:58
713064,AI.2010.CRYSTAL,Crystal Bowersox to win American Idol,1,60.6,Apr/23/2010 15:23:58
713064,AI.2010.CRYSTAL,Crystal Bowersox to win American Idol,1,60.3,Apr/23/2010 15:23:58
713064,AI.2010.CRYSTAL,Crystal Bowersox to win American Idol,11,60.2,Apr/23/2010 19:29:08
713064,AI.2010.CRYSTAL,Crystal Bowersox to win American Idol,10,60.3,Apr/23/2010 22:09:30
713064,AI.2010.CRYSTAL,Crystal Bowersox to win American Idol,40,60.3,Apr/25/2010 01:43:35
713064,AI.2010.CRYSTAL,Crystal Bowersox to win American Idol,1,60.1,Apr/26/2010 00:47:51
713064,AI.2010.CRYSTAL,Crystal Bowersox to win American Idol,1,60.1,Apr/26/2010 20:38:54
713064,AI.2010.CRYSTAL,Crystal Bowersox to win American Idol,10,60.2,Apr/27/2010 13:42:24
713064,AI.2010.CRYSTAL,Crystal Bowersox to win American Idol,100,60.5,Apr/27/2010 15:59:39
713064,AI.2010.CRYSTAL,Crystal Bowersox to win American Idol,50,60.4,Apr/27/2010 15:59:39
713064,AI.2010.CRYSTAL,Crystal Bowersox to win American Idol,50,60.3,Apr/27/2010 15:59:39
713064,AI.2010.CRYSTAL,Crystal Bowersox to win American Idol,40,60.2,Apr/27/2010 15:59:39
713064,AI.2010.CRYSTAL,Crystal Bowersox to win American Idol,18,60.5,Apr/27/2010 18:21:57
713064,AI.2010.CRYSTAL,Crystal Bowersox to win American Idol,25,60.6,Apr/27/2010 21:16:05
713064,AI.2010.CRYSTAL,Crystal Bowersox to win American Idol,10,59.0,Apr/28/2010 11:39:23
713064,AI.2010.CRYSTAL,Crystal Bowersox to win American Idol,1,56.6,Apr/28/2010 16:28:05
713064,AI.2010.CRYSTAL,Crystal Bowersox to win American Idol,1,59.0,Apr/28/2010 18:07:19
713064,AI.2010.CRYSTAL,Crystal Bowersox to win American Idol,9,59.0,Apr/29/2010 01:55:45
713064,AI.2010.CRYSTAL,Crystal Bowersox to win American Idol,10,63.0,Apr/29/2010 02:03:05
713064,AI.2010.CRYSTAL,Crystal Bowersox to win American Idol,1,62.5,Apr/29/2010 02:03:05
713064,AI.2010.CRYSTAL,Crystal Bowersox to win American Idol,50,61.8,Apr/29/2010 03:18:22
713064,AI.2010.CRYSTAL,Crystal Bowersox to win American Idol,1,62.9,Apr/29/2010 04:09:06
713064,AI.2010.CRYSTAL,Crystal Bowersox to win American Idol,19,61.8,Apr/29/2010 04:55:51
713064,AI.2010.CRYSTAL,Crystal Bowersox to win American Idol,1,62.1,Apr/29/2010 04:55:51
713064,AI.2010.CRYSTAL,Crystal Bowersox to win American Idol,1,62.6,Apr/29/2010 04:55:51
713064,AI.2010.CRYSTAL,Crystal Bowersox to win American Idol,1,61.9,Apr/29/2010 04:55:51
713064,AI.2010.CRYSTAL,Crystal Bowersox to win American Idol,1,62.3,Apr/29/2010 04:55:51
713064,AI.2010.CRYSTAL,Crystal Bowersox to win American Idol,1,62.8,Apr/29/2010 04:55:51
713064,AI.2010.CRYSTAL,Crystal Bowersox to win American Idol,50,61.8,Apr/29/2010 05:36:21
713064,AI.2010.CRYSTAL,Crystal Bowersox to win American Idol,10,61.8,Apr/29/2010 13:10:07
713064,AI.2010.CRYSTAL,Crystal Bowersox to win American Idol,10,61.9,Apr/29/2010 19:37:37
713064,AI.2010.CRYSTAL,Crystal Bowersox to win American Idol,2,61.9,Apr/29/2010 21:08:29
713064,AI.2010.CRYSTAL,Crystal Bowersox to win American Idol,10,61.8,Apr/29/2010 23:11:58
713064,AI.2010.CRYSTAL,Crystal Bowersox to win American Idol,28,61.8,Apr/30/2010 00:30:27
713064,AI.2010.CRYSTAL,Crystal Bowersox to win American Idol,2,61.9,Apr/30/2010 03:16:48
713064,AI.2010.CRYSTAL,Crystal Bowersox to win American Idol,11,61.9,Apr/30/2010 04:13:02
713064,AI.2010.CRYSTAL,Crystal Bowersox to win American Idol,1,61.9,Apr/30/2010 16:14:15
713064,AI.2010.CRYSTAL,Crystal Bowersox to win American Idol,1,60.1,May/02/2010 21:37:36
713064,AI.2010.CRYSTAL,Crystal Bowersox to win American Idol,13,61.9,May/03/2010 20:13:41
713064,AI.2010.CRYSTAL,Crystal Bowersox to win American Idol,5,61.8,May/03/2010 20:13:41
713064,AI.2010.CRYSTAL,Crystal Bowersox to win American Idol,5,61.9,May/03/2010 20:14:53
713064,AI.2010.CRYSTAL,Crystal Bowersox to win American Idol,1,60.1,May/03/2010 23:54:35
713064,AI.2010.CRYSTAL,Crystal Bowersox to win American Idol,1,60.0,May/04/2010 10:16:46
713064,AI.2010.CRYSTAL,Crystal Bowersox to win American Idol,1,60.0,May/04/2010 10:17:28
713064,AI.2010.CRYSTAL,Crystal Bowersox to win American Idol,1,60.0,May/04/2010 10:17:39
713064,AI.2010.CRYSTAL,Crystal Bowersox to win American Idol,23,60.0,May/04/2010 11:09:45
713064,AI.2010.CRYSTAL,Crystal Bowersox to win American Idol,25,62.0,May/04/2010 22:17:32
713064,AI.2010.CRYSTAL,Crystal Bowersox to win American Idol,255,62.0,May/04/2010 22:49:21
713064,AI.2010.CRYSTAL,Crystal Bowersox to win American Idol,10,62.0,May/04/2010 22:56:24
713064,AI.2010.CRYSTAL,Crystal Bowersox to win American Idol,230,61.0,May/04/2010 22:56:55
713064,AI.2010.CRYSTAL,Crystal Bowersox to win American Idol,1,60.0,May/05/2010 00:39:27
713064,AI.2010.CRYSTAL,Crystal Bowersox to win American Idol,14,60.0,May/05/2010 00:44:29
713064,AI.2010.CRYSTAL,Crystal Bowersox to win American Idol,5,60.0,May/05/2010 00:44:44
713064,AI.2010.CRYSTAL,Crystal Bowersox to win American Idol,5,58.0,May/05/2010 00:50:55
713064,AI.2010.CRYSTAL,Crystal Bowersox to win American Idol,4,56.5,May/05/2010 01:09:07
713064,AI.2010.CRYSTAL,Crystal Bowersox to win American Idol,1,56.6,May/05/2010 01:09:07
713064,AI.2010.CRYSTAL,Crystal Bowersox to win American Idol,6,56.5,May/05/2010 01:15:25
713064,AI.2010.CRYSTAL,Crystal Bowersox to win American Idol,1,49.0,May/05/2010 01:16:08
713064,AI.2010.CRYSTAL,Crystal Bowersox to win American Idol,3,49.0,May/05/2010 02:26:32
713064,AI.2010.CRYSTAL,Crystal Bowersox to win American Idol,7,49.0,May/05/2010 02:26:32
713064,AI.2010.CRYSTAL,Crystal Bowersox to win American Idol,10,49.0,May/05/2010 02:27:32
713064,AI.2010.CRYSTAL,Crystal Bowersox to win American Idol,30,49.0,May/05/2010 02:49:17
713064,AI.2010.CRYSTAL,Crystal Bowersox to win American Idol,14,49.1,May/05/2010 06:48:10
713064,AI.2010.CRYSTAL,Crystal Bowersox to win American Idol,1,50.1,May/05/2010 06:48:10
713064,AI.2010.CRYSTAL,Crystal Bowersox to win American Idol,1,49.6,May/05/2010 06:48:10
713064,AI.2010.CRYSTAL,Crystal Bowersox to win American Idol,43,49.0,May/05/2010 07:11:39
713064,AI.2010.CRYSTAL,Crystal Bowersox to win American Idol,6,49.1,May/05/2010 07:11:39
713064,AI.2010.CRYSTAL,Crystal Bowersox to win American Idol,1,49.1,May/05/2010 07:11:39
713064,AI.2010.CRYSTAL,Crystal Bowersox to win American Idol,10,49.0,May/05/2010 11:58:10
713064,AI.2010.CRYSTAL,Crystal Bowersox to win American Idol,1,48.6,May/05/2010 12:57:41
713064,AI.2010.CRYSTAL,Crystal Bowersox to win American Idol,1,48.1,May/05/2010 12:57:41
713064,AI.2010.CRYSTAL,Crystal Bowersox to win American Idol,9,47.8,May/05/2010 13:32:52
713064,AI.2010.CRYSTAL,Crystal Bowersox to win American Idol,1,47.6,May/05/2010 13:32:52
713064,AI.2010.CRYSTAL,Crystal Bowersox to win American Idol,10,45.0,May/05/2010 14:55:38
713064,AI.2010.CRYSTAL,Crystal Bowersox to win American Idol,10,45.0,May/05/2010 15:28:46
713064,AI.2010.CRYSTAL,Crystal Bowersox to win American Idol,10,45.0,May/05/2010 15:52:33
713064,AI.2010.CRYSTAL,Crystal Bowersox to win American Idol,10,45.0,May/05/2010 16:58:10
713064,AI.2010.CRYSTAL,Crystal Bowersox to win American Idol,90,44.8,May/05/2010 17:38:17
713064,AI.2010.CRYSTAL,Crystal Bowersox to win American Idol,10,45.0,May/05/2010 20:58:28
713064,AI.2010.CRYSTAL,Crystal Bowersox to win American Idol,90,45.0,May/05/2010 22:00:46
713064,AI.2010.CRYSTAL,Crystal Bowersox to win American Idol,20,44.9,May/05/2010 22:01:07
713064,AI.2010.CRYSTAL,Crystal Bowersox to win American Idol,170,44.9,May/05/2010 22:01:07
713064,AI.2010.CRYSTAL,Crystal Bowersox to win American Idol,320,41.0,May/05/2010 22:02:03
713064,AI.2010.CRYSTAL,Crystal Bowersox to win American Idol,100,41.1,May/05/2010 22:16:16
713064,AI.2010.CRYSTAL,Crystal Bowersox to win American Idol,100,41.1,May/05/2010 22:36:11
713064,AI.2010.CRYSTAL,Crystal Bowersox to win American Idol,129,40.5,May/05/2010 23:19:17
713064,AI.2010.CRYSTAL,Crystal Bowersox to win American Idol,14,40.3,May/06/2010 00:28:52
713064,AI.2010.CRYSTAL,Crystal Bowersox to win American Idol,18,40.1,May/06/2010 00:29:12
713064,AI.2010.CRYSTAL,Crystal Bowersox to win American Idol,20,40.0,May/06/2010 00:29:45
713064,AI.2010.CRYSTAL,Crystal Bowersox to win American Idol,1,40.0,May/06/2010 00:29:45
713064,AI.2010.CRYSTAL,Crystal Bowersox to win American Idol,4,40.0,May/06/2010 00:29:45
713064,AI.2010.CRYSTAL,Crystal Bowersox to win American Idol,49,37.0,May/06/2010 00:31:56
713064,AI.2010.CRYSTAL,Crystal Bowersox to win American Idol,5,44.0,May/06/2010 18:13:50
713064,AI.2010.CRYSTAL,Crystal Bowersox to win American Idol,1,45.9,May/06/2010 19:46:10
713064,AI.2010.CRYSTAL,Crystal Bowersox to win American Idol,6,45.0,May/06/2010 21:24:37
713064,AI.2010.CRYSTAL,Crystal Bowersox to win American Idol,10,47.6,May/07/2010 13:28:01
713064,AI.2010.CRYSTAL,Crystal Bowersox to win American Idol,1,46.9,May/07/2010 13:28:01
713064,AI.2010.CRYSTAL,Crystal Bowersox to win American Idol,1,47.9,May/07/2010 13:28:01
713064,AI.2010.CRYSTAL,Crystal Bowersox to win American Idol,16,48.5,May/07/2010 13:28:01
713064,AI.2010.CRYSTAL,Crystal Bowersox to win American Idol,3,48.5,May/07/2010 18:26:16
713064,AI.2010.CRYSTAL,Crystal Bowersox to win American Idol,2,48.5,May/07/2010 18:27:34
713064,AI.2010.CRYSTAL,Crystal Bowersox to win American Idol,7,47.0,May/07/2010 19:37:31
713064,AI.2010.CRYSTAL,Crystal Bowersox to win American Idol,82,47.0,May/08/2010 04:57:34
713064,AI.2010.CRYSTAL,Crystal Bowersox to win American Idol,40,47.1,May/08/2010 04:57:34
713064,AI.2010.CRYSTAL,Crystal Bowersox to win American Idol,1,48.9,May/08/2010 18:21:30
713064,AI.2010.CRYSTAL,Crystal Bowersox to win American Idol,23,49.5,May/08/2010 18:21:30
713064,AI.2010.CRYSTAL,Crystal Bowersox to win American Idol,1,48.9,May/10/2010 07:59:43
713064,AI.2010.CRYSTAL,Crystal Bowersox to win American Idol,1,49.9,May/10/2010 20:52:13
713064,AI.2010.CRYSTAL,Crystal Bowersox to win American Idol,96,49.9,May/10/2010 20:52:13
713064,AI.2010.CRYSTAL,Crystal Bowersox to win American Idol,1,48.9,May/10/2010 20:52:13
713064,AI.2010.CRYSTAL,Crystal Bowersox to win American Idol,1,49.5,May/10/2010 20:52:13
713064,AI.2010.CRYSTAL,Crystal Bowersox to win American Idol,1,48.9,May/10/2010 20:52:13
713064,AI.2010.CRYSTAL,Crystal Bowersox to win American Idol,20,47.6,May/11/2010 02:12:32
713064,AI.2010.CRYSTAL,Crystal Bowersox to win American Idol,2,48.9,May/11/2010 07:16:37
713064,AI.2010.CRYSTAL,Crystal Bowersox to win American Idol,2,48.9,May/11/2010 14:04:45
713064,AI.2010.CRYSTAL,Crystal Bowersox to win American Idol,2,48.9,May/11/2010 14:05:47
713064,AI.2010.CRYSTAL,Crystal Bowersox to win American Idol,2,48.9,May/11/2010 14:09:35
713064,AI.2010.CRYSTAL,Crystal Bowersox to win American Idol,3,48.9,May/11/2010 14:10:38
713064,AI.2010.CRYSTAL,Crystal Bowersox to win American Idol,2,48.9,May/11/2010 14:19:35
713064,AI.2010.CRYSTAL,Crystal Bowersox to win American Idol,1,48.9,May/11/2010 14:41:01
713064,AI.2010.CRYSTAL,Crystal Bowersox to win American Idol,5,48.9,May/11/2010 14:57:44
713064,AI.2010.CRYSTAL,Crystal Bowersox to win American Idol,10,50.5,May/11/2010 21:13:35
713064,AI.2010.CRYSTAL,Crystal Bowersox to win American Idol,1,53.9,May/12/2010 00:11:10
713064,AI.2010.CRYSTAL,Crystal Bowersox to win American Idol,1,54.9,May/12/2010 00:13:50
713064,AI.2010.CRYSTAL,Crystal Bowersox to win American Idol,1,55.9,May/12/2010 00:29:19
713064,AI.2010.CRYSTAL,Crystal Bowersox to win American Idol,1,56.9,May/12/2010 00:29:19
713064,AI.2010.CRYSTAL,Crystal Bowersox to win American Idol,1,56.0,May/13/2010 03:24:32
713064,AI.2010.CRYSTAL,Crystal Bowersox to win American Idol,5,58.3,May/13/2010 13:59:12
713064,AI.2010.CRYSTAL,Crystal Bowersox to win American Idol,30,58.4,May/13/2010 13:59:22
713064,AI.2010.CRYSTAL,Crystal Bowersox to win American Idol,30,58.6,May/13/2010 13:59:29
713064,AI.2010.CRYSTAL,Crystal Bowersox to win American Idol,10,56.5,May/13/2010 21:01:23
713064,AI.2010.CRYSTAL,Crystal Bowersox to win American Idol,10,56.6,May/13/2010 21:01:23
713064,AI.2010.CRYSTAL,Crystal Bowersox to win American Idol,80,56.0,May/13/2010 21:01:23
713064,AI.2010.CRYSTAL,Crystal Bowersox to win American Idol,16,56.0,May/14/2010 03:28:42
713064,AI.2010.CRYSTAL,Crystal Bowersox to win American Idol,1,55.2,May/14/2010 20:20:59
713064,AI.2010.CRYSTAL,Crystal Bowersox to win American Idol,50,55.5,May/15/2010 15:01:27
713064,AI.2010.CRYSTAL,Crystal Bowersox to win American Idol,50,55.5,May/16/2010 08:27:50
713064,AI.2010.CRYSTAL,Crystal Bowersox to win American Idol,16,55.5,May/16/2010 08:27:50
713064,AI.2010.CRYSTAL,Crystal Bowersox to win American Idol,4,55.5,May/16/2010 10:09:17
713064,AI.2010.CRYSTAL,Crystal Bowersox to win American Idol,96,55.5,May/16/2010 10:09:17
713064,AI.2010.CRYSTAL,Crystal Bowersox to win American Idol,3,55.0,May/16/2010 18:47:28
713064,AI.2010.CRYSTAL,Crystal Bowersox to win American Idol,5,55.0,May/16/2010 18:47:28
713064,AI.2010.CRYSTAL,Crystal Bowersox to win American Idol,9,55.0,May/16/2010 18:47:28
713064,AI.2010.CRYSTAL,Crystal Bowersox to win American Idol,4,54.9,May/17/2010 20:18:14
713064,AI.2010.CRYSTAL,Crystal Bowersox to win American Idol,11,54.8,May/18/2010 02:57:31
713064,AI.2010.CRYSTAL,Crystal Bowersox to win American Idol,3,53.5,May/18/2010 03:20:43
713064,AI.2010.CRYSTAL,Crystal Bowersox to win American Idol,3,54.8,May/18/2010 15:24:17
713064,AI.2010.CRYSTAL,Crystal Bowersox to win American Idol,2,53.5,May/18/2010 15:24:17
713064,AI.2010.CRYSTAL,Crystal Bowersox to win American Idol,55,53.1,May/18/2010 21:21:45
713064,AI.2010.CRYSTAL,Crystal Bowersox to win American Idol,1,50.1,May/19/2010 00:20:19
713064,AI.2010.CRYSTAL,Crystal Bowersox to win American Idol,5,46.0,May/19/2010 00:20:24
713064,AI.2010.CRYSTAL,Crystal Bowersox to win American Idol,1,40.0,May/19/2010 04:41:08
713064,AI.2010.CRYSTAL,Crystal Bowersox to win American Idol,10,33.1,May/19/2010 05:33:45
713064,AI.2010.CRYSTAL,Crystal Bowersox to win American Idol,1,33.0,May/19/2010 05:34:23
713064,AI.2010.CRYSTAL,Crystal Bowersox to win American Idol,3,33.6,May/19/2010 14:48:12
713064,AI.2010.CRYSTAL,Crystal Bowersox to win American Idol,3,34.9,May/19/2010 22:23:41
713064,AI.2010.CRYSTAL,Crystal Bowersox to win American Idol,10,34.2,May/20/2010 00:03:07
713064,AI.2010.CRYSTAL,Crystal Bowersox to win American Idol,49,34.1,May/20/2010 00:03:07
713064,AI.2010.CRYSTAL,Crystal Bowersox to win American Idol,14,35.0,May/20/2010 01:57:06
713064,AI.2010.CRYSTAL,Crystal Bowersox to win American Idol,1,34.2,May/20/2010 03:50:11
713064,AI.2010.CRYSTAL,Crystal Bowersox to win American Idol,1,34.9,May/20/2010 04:35:20
713064,AI.2010.CRYSTAL,Crystal Bowersox to win American Idol,98,37.0,May/20/2010 06:30:58
713064,AI.2010.CRYSTAL,Crystal Bowersox to win American Idol,1,35.9,May/20/2010 06:30:58
713064,AI.2010.CRYSTAL,Crystal Bowersox to win American Idol,1,34.2,May/20/2010 11:31:50
713064,AI.2010.CRYSTAL,Crystal Bowersox to win American Idol,5,34.2,May/20/2010 14:07:47
713064,AI.2010.CRYSTAL,Crystal Bowersox to win American Idol,2,37.0,May/20/2010 14:40:15
713064,AI.2010.CRYSTAL,Crystal Bowersox to win American Idol,1,36.0,May/20/2010 14:40:15
713064,AI.2010.CRYSTAL,Crystal Bowersox to win American Idol,1,35.0,May/20/2010 14:40:15
713064,AI.2010.CRYSTAL,Crystal Bowersox to win American Idol,10,39.6,May/20/2010 14:40:15
713064,AI.2010.CRYSTAL,Crystal Bowersox to win American Idol,1,34.9,May/20/2010 14:40:15
713064,AI.2010.CRYSTAL,Crystal Bowersox to win American Idol,12,39.6,May/20/2010 14:40:17
713064,AI.2010.CRYSTAL,Crystal Bowersox to win American Idol,1,34.9,May/20/2010 15:08:23
713064,AI.2010.CRYSTAL,Crystal Bowersox to win American Idol,1,35.2,May/20/2010 15:20:00
713064,AI.2010.CRYSTAL,Crystal Bowersox to win American Idol,10,35.2,May/20/2010 16:29:26
713064,AI.2010.CRYSTAL,Crystal Bowersox to win American Idol,1,35.3,May/20/2010 18:56:41
713064,AI.2010.CRYSTAL,Crystal Bowersox to win American Idol,1,35.2,May/20/2010 18:56:41
713064,AI.2010.CRYSTAL,Crystal Bowersox to win American Idol,3,35.2,May/20/2010 19:44:37
713064,AI.2010.CRYSTAL,Crystal Bowersox to win American Idol,23,35.1,May/20/2010 23:12:01
713064,AI.2010.CRYSTAL,Crystal Bowersox to win American Idol,16,35.1,May/20/2010 23:13:11
713064,AI.2010.CRYSTAL,Crystal Bowersox to win American Idol,11,35.1,May/20/2010 23:43:10
713064,AI.2010.CRYSTAL,Crystal Bowersox to win American Idol,26,35.0,May/20/2010 23:44:12
713064,AI.2010.CRYSTAL,Crystal Bowersox to win American Idol,18,35.0,May/21/2010 00:12:42
713064,AI.2010.CRYSTAL,Crystal Bowersox to win American Idol,5,35.1,May/21/2010 01:34:05
713064,AI.2010.CRYSTAL,Crystal Bowersox to win American Idol,1,35.1,May/21/2010 01:45:50
713064,AI.2010.CRYSTAL,Crystal Bowersox to win American Idol,5,35.1,May/21/2010 01:48:36
713064,AI.2010.CRYSTAL,Crystal Bowersox to win American Idol,3,35.1,May/21/2010 04:04:02
713064,AI.2010.CRYSTAL,Crystal Bowersox to win American Idol,7,35.1,May/21/2010 04:04:02
713064,AI.2010.CRYSTAL,Crystal Bowersox to win American Idol,3,35.1,May/21/2010 06:27:16
713064,AI.2010.CRYSTAL,Crystal Bowersox to win American Idol,1,36.5,May/21/2010 13:38:26
713064,AI.2010.CRYSTAL,Crystal Bowersox to win American Idol,2,36.5,May/21/2010 13:42:22
713064,AI.2010.CRYSTAL,Crystal Bowersox to win American Idol,13,34.2,May/21/2010 13:51:12
713064,AI.2010.CRYSTAL,Crystal Bowersox to win American Idol,3,32.3,May/21/2010 13:51:20
713064,AI.2010.CRYSTAL,Crystal Bowersox to win American Idol,5,30.2,May/21/2010 15:51:02
713064,AI.2010.CRYSTAL,Crystal Bowersox to win American Idol,2,30.2,May/21/2010 17:16:42
713064,AI.2010.CRYSTAL,Crystal Bowersox to win American Idol,5,30.3,May/21/2010 17:16:42
713064,AI.2010.CRYSTAL,Crystal Bowersox to win American Idol,1,31.0,May/21/2010 20:27:04
713064,AI.2010.CRYSTAL,Crystal Bowersox to win American Idol,3,30.4,May/21/2010 21:24:24
713064,AI.2010.CRYSTAL,Crystal Bowersox to win American Idol,2,30.4,May/21/2010 22:37:12
713064,AI.2010.CRYSTAL,Crystal Bowersox to win American Idol,5,30.3,May/21/2010 23:23:05
713064,AI.2010.CRYSTAL,Crystal Bowersox to win American Idol,1,30.4,May/21/2010 23:39:59
713064,AI.2010.CRYSTAL,Crystal Bowersox to win American Idol,4,30.4,May/22/2010 04:02:58
713064,AI.2010.CRYSTAL,Crystal Bowersox to win American Idol,1,30.7,May/22/2010 05:32:50
713064,AI.2010.CRYSTAL,Crystal Bowersox to win American Idol,1,30.5,May/22/2010 05:32:50
713064,AI.2010.CRYSTAL,Crystal Bowersox to win American Idol,1,31.0,May/22/2010 05:32:56
713064,AI.2010.CRYSTAL,Crystal Bowersox to win American Idol,1,31.0,May/22/2010 10:41:10
713064,AI.2010.CRYSTAL,Crystal Bowersox to win American Idol,1,32.0,May/22/2010 10:41:20
713064,AI.2010.CRYSTAL,Crystal Bowersox to win American Idol,1,33.0,May/22/2010 10:41:32
713064,AI.2010.CRYSTAL,Crystal Bowersox to win American Idol,1,33.0,May/22/2010 10:41:32
713064,AI.2010.CRYSTAL,Crystal Bowersox to win American Idol,1,33.5,May/22/2010 10:41:45
713064,AI.2010.CRYSTAL,Crystal Bowersox to win American Idol,1,34.0,May/22/2010 10:41:56
713064,AI.2010.CRYSTAL,Crystal Bowersox to win American Idol,1,34.0,May/22/2010 10:41:56
713064,AI.2010.CRYSTAL,Crystal Bowersox to win American Idol,1,34.5,May/22/2010 10:42:42
713064,AI.2010.CRYSTAL,Crystal Bowersox to win American Idol,2,34.9,May/22/2010 10:42:52
713064,AI.2010.CRYSTAL,Crystal Bowersox to win American Idol,1,30.5,May/22/2010 10:48:30
713064,AI.2010.CRYSTAL,Crystal Bowersox to win American Idol,3,30.6,May/22/2010 17:30:58
713064,AI.2010.CRYSTAL,Crystal Bowersox to win American Idol,1,30.6,May/22/2010 21:36:40
713064,AI.2010.CRYSTAL,Crystal Bowersox to win American Idol,1,30.7,May/22/2010 21:56:58
713064,AI.2010.CRYSTAL,Crystal Bowersox to win American Idol,1,30.8,May/22/2010 22:11:27
713064,AI.2010.CRYSTAL,Crystal Bowersox to win American Idol,1,31.0,May/23/2010 00:42:10
713064,AI.2010.CRYSTAL,Crystal Bowersox to win American Idol,2,31.9,May/23/2010 00:42:10
713064,AI.2010.CRYSTAL,Crystal Bowersox to win American Idol,1,30.9,May/23/2010 00:42:10
713064,AI.2010.CRYSTAL,Crystal Bowersox to win American Idol,1,30.7,May/23/2010 17:45:58
713064,AI.2010.CRYSTAL,Crystal Bowersox to win American Idol,1,31.0,May/24/2010 01:10:43
713064,AI.2010.CRYSTAL,Crystal Bowersox to win American Idol,16,31.3,May/24/2010 14:40:38
713064,AI.2010.CRYSTAL,Crystal Bowersox to win American Idol,127,31.3,May/24/2010 16:56:37
713064,AI.2010.CRYSTAL,Crystal Bowersox to win American Idol,5,31.3,May/24/2010 20:06:52
713064,AI.2010.CRYSTAL,Crystal Bowersox to win American Idol,1,37.0,May/25/2010 02:17:04
713064,AI.2010.CRYSTAL,Crystal Bowersox to win American Idol,1,36.0,May/25/2010 02:17:04
713064,AI.2010.CRYSTAL,Crystal Bowersox to win American Idol,1,35.0,May/25/2010 02:17:04
713064,AI.2010.CRYSTAL,Crystal Bowersox to win American Idol,1,34.0,May/25/2010 02:17:04
713064,AI.2010.CRYSTAL,Crystal Bowersox to win American Idol,1,33.0,May/25/2010 02:17:04
713064,AI.2010.CRYSTAL,Crystal Bowersox to win American Idol,1,35.0,May/25/2010 02:17:04
713064,AI.2010.CRYSTAL,Crystal Bowersox to win American Idol,11,37.0,May/25/2010 02:17:25
713064,AI.2010.CRYSTAL,Crystal Bowersox to win American Idol,1,34.0,May/25/2010 03:26:22
713064,AI.2010.CRYSTAL,Crystal Bowersox to win American Idol,1,34.0,May/25/2010 17:02:57
713064,AI.2010.CRYSTAL,Crystal Bowersox to win American Idol,1,34.5,May/25/2010 18:17:28
713064,AI.2010.CRYSTAL,Crystal Bowersox to win American Idol,1,34.8,May/25/2010 20:01:50
713064,AI.2010.CRYSTAL,Crystal Bowersox to win American Idol,1,37.7,May/25/2010 20:02:19
713064,AI.2010.CRYSTAL,Crystal Bowersox to win American Idol,1,37.7,May/25/2010 20:02:32
713064,AI.2010.CRYSTAL,Crystal Bowersox to win American Idol,9,37.8,May/25/2010 20:02:52
713064,AI.2010.CRYSTAL,Crystal Bowersox to win American Idol,1,37.7,May/25/2010 20:02:52
713064,AI.2010.CRYSTAL,Crystal Bowersox to win American Idol,1,37.7,May/25/2010 20:03:33
713064,AI.2010.CRYSTAL,Crystal Bowersox to win American Idol,2,37.8,May/25/2010 20:03:58
713064,AI.2010.CRYSTAL,Crystal Bowersox to win American Idol,1,37.7,May/25/2010 20:03:58
713064,AI.2010.CRYSTAL,Crystal Bowersox to win American Idol,10,36.5,May/25/2010 23:58:30
713064,AI.2010.CRYSTAL,Crystal Bowersox to win American Idol,25,36.5,May/26/2010 00:12:35
713064,AI.2010.CRYSTAL,Crystal Bowersox to win American Idol,1,35.1,May/26/2010 00:18:55
713064,AI.2010.CRYSTAL,Crystal Bowersox to win American Idol,1,37.0,May/26/2010 00:25:08
713064,AI.2010.CRYSTAL,Crystal Bowersox to win American Idol,10,38.0,May/26/2010 00:25:38
713064,AI.2010.CRYSTAL,Crystal Bowersox to win American Idol,1,38.5,May/26/2010 00:31:05
713064,AI.2010.CRYSTAL,Crystal Bowersox to win American Idol,1,38.8,May/26/2010 00:31:35
713064,AI.2010.CRYSTAL,Crystal Bowersox to win American Idol,10,39.9,May/26/2010 00:31:35
713064,AI.2010.CRYSTAL,Crystal Bowersox to win American Idol,17,39.9,May/26/2010 00:31:35
713064,AI.2010.CRYSTAL,Crystal Bowersox to win American Idol,1,39.8,May/26/2010 00:31:35
713064,AI.2010.CRYSTAL,Crystal Bowersox to win American Idol,10,39.7,May/26/2010 00:31:35
713064,AI.2010.CRYSTAL,Crystal Bowersox to win American Idol,3,39.9,May/26/2010 00:32:24
713064,AI.2010.CRYSTAL,Crystal Bowersox to win American Idol,16,39.9,May/26/2010 00:32:24
713064,AI.2010.CRYSTAL,Crystal Bowersox to win American Idol,1,39.8,May/26/2010 00:32:24
713064,AI.2010.CRYSTAL,Crystal Bowersox to win American Idol,30,40.0,May/26/2010 00:38:59
713064,AI.2010.CRYSTAL,Crystal Bowersox to win American Idol,14,39.9,May/26/2010 00:38:59
713064,AI.2010.CRYSTAL,Crystal Bowersox to win American Idol,1,39.8,May/26/2010 00:38:59
713064,AI.2010.CRYSTAL,Crystal Bowersox to win American Idol,1,40.9,May/26/2010 00:40:42
713064,AI.2010.CRYSTAL,Crystal Bowersox to win American Idol,30,41.0,May/26/2010 00:41:33
713064,AI.2010.CRYSTAL,Crystal Bowersox to win American Idol,20,41.0,May/26/2010 00:41:33
713064,AI.2010.CRYSTAL,Crystal Bowersox to win American Idol,9,42.0,May/26/2010 00:42:37
713064,AI.2010.CRYSTAL,Crystal Bowersox to win American Idol,1,41.9,May/26/2010 00:42:37
713064,AI.2010.CRYSTAL,Crystal Bowersox to win American Idol,10,42.0,May/26/2010 00:43:28
713064,AI.2010.CRYSTAL,Crystal Bowersox to win American Idol,11,42.0,May/26/2010 00:44:43
713064,AI.2010.CRYSTAL,Crystal Bowersox to win American Idol,25,43.0,May/26/2010 00:44:45
713064,AI.2010.CRYSTAL,Crystal Bowersox to win American Idol,5,43.0,May/26/2010 00:49:53
713064,AI.2010.CRYSTAL,Crystal Bowersox to win American Idol,30,44.0,May/26/2010 00:51:06
713064,AI.2010.CRYSTAL,Crystal Bowersox to win American Idol,1,44.9,May/26/2010 00:51:06
713064,AI.2010.CRYSTAL,Crystal Bowersox to win American Idol,11,44.0,May/26/2010 00:51:06
713064,AI.2010.CRYSTAL,Crystal Bowersox to win American Idol,30,45.0,May/26/2010 00:51:06
713064,AI.2010.CRYSTAL,Crystal Bowersox to win American Idol,15,46.0,May/26/2010 00:51:45
713064,AI.2010.CRYSTAL,Crystal Bowersox to win American Idol,100,53.0,May/26/2010 00:53:34
713064,AI.2010.CRYSTAL,Crystal Bowersox to win American Idol,30,52.0,May/26/2010 00:53:34
713064,AI.2010.CRYSTAL,Crystal Bowersox to win American Idol,30,54.0,May/26/2010 00:53:34
713064,AI.2010.CRYSTAL,Crystal Bowersox to win American Idol,17,56.0,May/26/2010 00:53:34
713064,AI.2010.CRYSTAL,Crystal Bowersox to win American Idol,23,51.9,May/26/2010 00:53:34
713064,AI.2010.CRYSTAL,Crystal Bowersox to win American Idol,13,56.0,May/26/2010 00:54:18
713064,AI.2010.CRYSTAL,Crystal Bowersox to win American Idol,30,58.0,May/26/2010 00:54:18
713064,AI.2010.CRYSTAL,Crystal Bowersox to win American Idol,30,60.0,May/26/2010 00:54:18
713064,AI.2010.CRYSTAL,Crystal Bowersox to win American Idol,30,64.0,May/26/2010 00:54:18
713064,AI.2010.CRYSTAL,Crystal Bowersox to win American Idol,97,65.0,May/26/2010 00:54:23
713064,AI.2010.CRYSTAL,Crystal Bowersox to win American Idol,30,70.0,May/26/2010 00:56:12
713064,AI.2010.CRYSTAL,Crystal Bowersox to win American Idol,20,70.0,May/26/2010 00:56:12
713064,AI.2010.CRYSTAL,Crystal Bowersox to win American Idol,10,69.9,May/26/2010 00:56:12
713064,AI.2010.CRYSTAL,Crystal Bowersox to win American Idol,10,56.8,May/26/2010 00:56:12
713064,AI.2010.CRYSTAL,Crystal Bowersox to win American Idol,11,63.0,May/26/2010 00:56:12
713064,AI.2010.CRYSTAL,Crystal Bowersox to win American Idol,30,62.9,May/26/2010 00:56:12
713064,AI.2010.CRYSTAL,Crystal Bowersox to win American Idol,9,70.0,May/26/2010 00:56:22
713064,AI.2010.CRYSTAL,Crystal Bowersox to win American Idol,21,59.0,May/26/2010 00:57:06
713064,AI.2010.CRYSTAL,Crystal Bowersox to win American Idol,12,64.6,May/26/2010 00:57:45
713064,AI.2010.CRYSTAL,Crystal Bowersox to win American Idol,183,69.0,May/26/2010 00:57:45
713064,AI.2010.CRYSTAL,Crystal Bowersox to win American Idol,5,68.0,May/26/2010 00:57:45
713064,AI.2010.CRYSTAL,Crystal Bowersox to win American Idol,47,70.0,May/26/2010 00:58:36
713064,AI.2010.CRYSTAL,Crystal Bowersox to win American Idol,17,69.0,May/26/2010 00:58:36
713064,AI.2010.CRYSTAL,Crystal Bowersox to win American Idol,100,68.9,May/26/2010 00:58:36
713064,AI.2010.CRYSTAL,Crystal Bowersox to win American Idol,10,68.9,May/26/2010 00:58:36
713064,AI.2010.CRYSTAL,Crystal Bowersox to win American Idol,26,65.3,May/26/2010 00:58:36
713064,AI.2010.CRYSTAL,Crystal Bowersox to win American Idol,1,56.3,May/26/2010 01:05:28
713064,AI.2010.CRYSTAL,Crystal Bowersox to win American Idol,10,56.3,May/26/2010 01:05:28
713064,AI.2010.CRYSTAL,Crystal Bowersox to win American Idol,10,56.1,May/26/2010 01:05:44
713064,AI.2010.CRYSTAL,Crystal Bowersox to win American Idol,10,55.1,May/26/2010 01:05:54
713064,AI.2010.CRYSTAL,Crystal Bowersox to win American Idol,22,55.0,May/26/2010 01:06:02
713064,AI.2010.CRYSTAL,Crystal Bowersox to win American Idol,18,55.0,May/26/2010 01:06:02
713064,AI.2010.CRYSTAL,Crystal Bowersox to win American Idol,84,55.1,May/26/2010 01:07:29
713064,AI.2010.CRYSTAL,Crystal Bowersox to win American Idol,13,55.3,May/26/2010 01:09:20
713064,AI.2010.CRYSTAL,Crystal Bowersox to win American Idol,2,55.0,May/26/2010 01:11:29
713064,AI.2010.CRYSTAL,Crystal Bowersox to win American Idol,2,55.3,May/26/2010 01:11:29
713064,AI.2010.CRYSTAL,Crystal Bowersox to win American Idol,5,55.0,May/26/2010 01:13:14
713064,AI.2010.CRYSTAL,Crystal Bowersox to win American Idol,1,43.5,May/26/2010 01:14:51
713064,AI.2010.CRYSTAL,Crystal Bowersox to win American Idol,10,43.5,May/26/2010 01:15:05
713064,AI.2010.CRYSTAL,Crystal Bowersox to win American Idol,10,44.0,May/26/2010 01:15:31
713064,AI.2010.CRYSTAL,Crystal Bowersox to win American Idol,1,42.7,May/26/2010 01:16:24
713064,AI.2010.CRYSTAL,Crystal Bowersox to win American Idol,10,43.1,May/26/2010 01:17:41
713064,AI.2010.CRYSTAL,Crystal Bowersox to win American Idol,20,43.0,May/26/2010 01:18:43
713064,AI.2010.CRYSTAL,Crystal Bowersox to win American Idol,12,42.5,May/26/2010 01:21:57
713064,AI.2010.CRYSTAL,Crystal Bowersox to win American Idol,2,42.0,May/26/2010 01:23:19
713064,AI.2010.CRYSTAL,Crystal Bowersox to win American Idol,500,40.1,May/26/2010 01:26:37
713064,AI.2010.CRYSTAL,Crystal Bowersox to win American Idol,20,40.1,May/26/2010 01:26:41
713064,AI.2010.CRYSTAL,Crystal Bowersox to win American Idol,9,37.0,May/26/2010 01:28:49
713064,AI.2010.CRYSTAL,Crystal Bowersox to win American Idol,20,35.0,May/26/2010 01:28:55
713064,AI.2010.CRYSTAL,Crystal Bowersox to win American Idol,4,31.2,May/26/2010 01:29:00
713064,AI.2010.CRYSTAL,Crystal Bowersox to win American Idol,10,36.0,May/26/2010 01:37:35
713064,AI.2010.CRYSTAL,Crystal Bowersox to win American Idol,30,27.0,May/26/2010 01:37:36
713064,AI.2010.CRYSTAL,Crystal Bowersox to win American Idol,10,26.1,May/26/2010 01:38:02
713064,AI.2010.CRYSTAL,Crystal Bowersox to win American Idol,20,26.0,May/26/2010 01:38:12
713064,AI.2010.CRYSTAL,Crystal Bowersox to win American Idol,10,25.3,May/26/2010 01:38:17
713064,AI.2010.CRYSTAL,Crystal Bowersox to win American Idol,29,19.2,May/26/2010 01:38:35
713064,AI.2010.CRYSTAL,Crystal Bowersox to win American Idol,10,26.0,May/26/2010 01:39:08
713064,AI.2010.CRYSTAL,Crystal Bowersox to win American Idol,1,16.2,May/26/2010 01:39:16
