market id,market symbol,market name,trade quantity,trade price,date/time [utc]
713072,AI.2010.CASEY,Casey James to win American Idol,10,10.0,Feb/19/2010 18:01:42
713072,AI.2010.CASEY,Casey James to win American Idol,20,10.0,Feb/19/2010 18:01:42
713072,AI.2010.CASEY,Casey James to win American Idol,1,9.9,Feb/19/2010 18:01:42
713072,AI.2010.CASEY,Casey James to win American Idol,50,10.0,Feb/20/2010 21:02:55
713072,AI.2010.CASEY,Casey James to win American Idol,1,7.2,Feb/22/2010 15:21:41
713072,AI.2010.CASEY,Casey James to win American Idol,50,8.0,Feb/22/2010 16:11:34
713072,AI.2010.CASEY,Casey James to win American Idol,50,8.0,Feb/23/2010 22:25:38
713072,AI.2010.CASEY,Casey James to win American Idol,1,7.9,Feb/23/2010 22:25:38
713072,AI.2010.CASEY,Casey James to win American Idol,1,8.9,Feb/23/2010 23:52:19
713072,AI.2010.CASEY,Casey James to win American Idol,1,8.9,Feb/23/2010 23:52:19
713072,AI.2010.CASEY,Casey James to win American Idol,1,8.8,Feb/24/2010 01:45:59
713072,AI.2010.CASEY,Casey James to win American Idol,1,8.8,Feb/24/2010 03:04:36
713072,AI.2010.CASEY,Casey James to win American Idol,1,8.8,Feb/24/2010 03:15:16
713072,AI.2010.CASEY,Casey James to win American Idol,1,9.9,Feb/24/2010 03:18:12
713072,AI.2010.CASEY,Casey James to win American Idol,2,8.9,Feb/24/2010 03:18:12
713072,AI.2010.CASEY,Casey James to win American Idol,1,9.5,Feb/24/2010 03:18:12
713072,AI.2010.CASEY,Casey James to win American Idol,1,9.5,Feb/24/2010 03:18:12
713072,AI.2010.CASEY,Casey James to win American Idol,1,8.8,Feb/24/2010 04:59:34
713072,AI.2010.CASEY,Casey James to win American Idol,1,8.9,Feb/24/2010 12:03:29
713072,AI.2010.CASEY,Casey James to win American Idol,1,9.5,Feb/24/2010 12:03:37
713072,AI.2010.CASEY,Casey James to win American Idol,1,9.5,Feb/24/2010 12:03:37
713072,AI.2010.CASEY,Casey James to win American Idol,2,9.9,Feb/24/2010 12:03:47
713072,AI.2010.CASEY,Casey James to win American Idol,1,9.9,Feb/24/2010 12:03:47
713072,AI.2010.CASEY,Casey James to win American Idol,2,9.9,Feb/24/2010 12:03:47
713072,AI.2010.CASEY,Casey James to win American Idol,20,10.0,Feb/24/2010 12:04:10
713072,AI.2010.CASEY,Casey James to win American Idol,1,10.9,Feb/24/2010 12:04:52
713072,AI.2010.CASEY,Casey James to win American Idol,1,11.4,Feb/24/2010 12:05:11
713072,AI.2010.CASEY,Casey James to win American Idol,2,11.4,Feb/24/2010 12:05:11
713072,AI.2010.CASEY,Casey James to win American Idol,1,11.9,Feb/24/2010 12:05:26
713072,AI.2010.CASEY,Casey James to win American Idol,1,11.9,Feb/24/2010 12:05:26
713072,AI.2010.CASEY,Casey James to win American Idol,1,12.9,Feb/24/2010 12:05:41
713072,AI.2010.CASEY,Casey James to win American Idol,1,9.3,Feb/24/2010 22:19:23
713072,AI.2010.CASEY,Casey James to win American Idol,3,9.3,Feb/25/2010 01:30:22
713072,AI.2010.CASEY,Casey James to win American Idol,1,11.4,Feb/25/2010 02:45:39
713072,AI.2010.CASEY,Casey James to win American Idol,1,9.9,Feb/25/2010 02:45:39
713072,AI.2010.CASEY,Casey James to win American Idol,1,11.0,Feb/25/2010 02:45:39
713072,AI.2010.CASEY,Casey James to win American Idol,1,10.9,Feb/25/2010 02:45:39
713072,AI.2010.CASEY,Casey James to win American Idol,1,11.9,Feb/25/2010 02:45:39
713072,AI.2010.CASEY,Casey James to win American Idol,1,11.9,Feb/25/2010 02:45:39
713072,AI.2010.CASEY,Casey James to win American Idol,2,12.1,Feb/25/2010 03:01:05
713072,AI.2010.CASEY,Casey James to win American Idol,8,12.3,Feb/25/2010 03:01:05
713072,AI.2010.CASEY,Casey James to win American Idol,27,12.3,Feb/25/2010 03:03:38
713072,AI.2010.CASEY,Casey James to win American Idol,1,12.4,Feb/25/2010 03:10:54
713072,AI.2010.CASEY,Casey James to win American Idol,2,13.4,Feb/25/2010 03:10:54
713072,AI.2010.CASEY,Casey James to win American Idol,1,13.4,Feb/25/2010 03:10:54
713072,AI.2010.CASEY,Casey James to win American Idol,1,12.9,Feb/25/2010 03:10:54
713072,AI.2010.CASEY,Casey James to win American Idol,1,12.9,Feb/25/2010 03:10:54
713072,AI.2010.CASEY,Casey James to win American Idol,1,13.9,Feb/25/2010 03:10:54
713072,AI.2010.CASEY,Casey James to win American Idol,2,14.4,Feb/25/2010 05:09:28
713072,AI.2010.CASEY,Casey James to win American Idol,2,13.9,Feb/25/2010 05:09:28
713072,AI.2010.CASEY,Casey James to win American Idol,1,14.8,Feb/25/2010 05:09:28
713072,AI.2010.CASEY,Casey James to win American Idol,1,14.5,Feb/25/2010 05:09:28
713072,AI.2010.CASEY,Casey James to win American Idol,1,14.9,Feb/25/2010 05:09:28
713072,AI.2010.CASEY,Casey James to win American Idol,1,13.9,Feb/25/2010 05:09:28
713072,AI.2010.CASEY,Casey James to win American Idol,1,14.8,Feb/25/2010 05:09:28
713072,AI.2010.CASEY,Casey James to win American Idol,1,14.9,Feb/25/2010 05:09:28
713072,AI.2010.CASEY,Casey James to win American Idol,1,14.5,Feb/25/2010 05:09:28
713072,AI.2010.CASEY,Casey James to win American Idol,1,13.9,Feb/25/2010 05:09:28
713072,AI.2010.CASEY,Casey James to win American Idol,2,14.4,Feb/25/2010 20:41:26
713072,AI.2010.CASEY,Casey James to win American Idol,2,14.9,Feb/25/2010 20:41:26
713072,AI.2010.CASEY,Casey James to win American Idol,2,15.4,Feb/25/2010 20:41:26
713072,AI.2010.CASEY,Casey James to win American Idol,3,15.5,Feb/25/2010 20:41:26
713072,AI.2010.CASEY,Casey James to win American Idol,1,15.4,Feb/25/2010 20:41:26
713072,AI.2010.CASEY,Casey James to win American Idol,2,15.5,Feb/26/2010 00:08:25
713072,AI.2010.CASEY,Casey James to win American Idol,1,15.4,Feb/26/2010 00:08:25
713072,AI.2010.CASEY,Casey James to win American Idol,2,14.9,Feb/27/2010 03:20:38
713072,AI.2010.CASEY,Casey James to win American Idol,2,14.5,Feb/27/2010 07:58:08
713072,AI.2010.CASEY,Casey James to win American Idol,4,14.9,Feb/28/2010 08:02:03
713072,AI.2010.CASEY,Casey James to win American Idol,3,15.0,Feb/28/2010 08:02:17
713072,AI.2010.CASEY,Casey James to win American Idol,1,15.0,Feb/28/2010 22:11:18
713072,AI.2010.CASEY,Casey James to win American Idol,4,14.9,Feb/28/2010 22:11:18
713072,AI.2010.CASEY,Casey James to win American Idol,20,15.0,Feb/28/2010 22:11:23
713072,AI.2010.CASEY,Casey James to win American Idol,1,14.9,Mar/01/2010 11:42:04
713072,AI.2010.CASEY,Casey James to win American Idol,1,15.0,Mar/01/2010 11:43:09
713072,AI.2010.CASEY,Casey James to win American Idol,1,15.2,Mar/01/2010 11:44:13
713072,AI.2010.CASEY,Casey James to win American Idol,1,15.3,Mar/01/2010 14:15:43
713072,AI.2010.CASEY,Casey James to win American Idol,2,15.0,Mar/01/2010 15:24:46
713072,AI.2010.CASEY,Casey James to win American Idol,20,15.6,Mar/01/2010 16:59:21
713072,AI.2010.CASEY,Casey James to win American Idol,2,15.4,Mar/01/2010 16:59:21
713072,AI.2010.CASEY,Casey James to win American Idol,2,15.3,Mar/01/2010 16:59:21
713072,AI.2010.CASEY,Casey James to win American Idol,5,15.5,Mar/01/2010 16:59:21
713072,AI.2010.CASEY,Casey James to win American Idol,1,15.4,Mar/01/2010 20:45:26
713072,AI.2010.CASEY,Casey James to win American Idol,1,15.1,Mar/02/2010 01:40:27
713072,AI.2010.CASEY,Casey James to win American Idol,4,15.1,Mar/02/2010 01:40:27
713072,AI.2010.CASEY,Casey James to win American Idol,1,15.1,Mar/02/2010 02:16:54
713072,AI.2010.CASEY,Casey James to win American Idol,5,15.0,Mar/02/2010 13:26:11
713072,AI.2010.CASEY,Casey James to win American Idol,5,15.0,Mar/02/2010 13:26:30
713072,AI.2010.CASEY,Casey James to win American Idol,1,15.0,Mar/02/2010 13:27:35
713072,AI.2010.CASEY,Casey James to win American Idol,1,15.0,Mar/02/2010 15:24:30
713072,AI.2010.CASEY,Casey James to win American Idol,1,15.0,Mar/02/2010 18:41:11
713072,AI.2010.CASEY,Casey James to win American Idol,2,15.1,Mar/02/2010 22:27:57
713072,AI.2010.CASEY,Casey James to win American Idol,19,15.2,Mar/03/2010 01:32:15
713072,AI.2010.CASEY,Casey James to win American Idol,19,15.5,Mar/03/2010 01:32:35
713072,AI.2010.CASEY,Casey James to win American Idol,20,15.4,Mar/03/2010 01:35:28
713072,AI.2010.CASEY,Casey James to win American Idol,5,14.6,Mar/03/2010 04:21:43
713072,AI.2010.CASEY,Casey James to win American Idol,1,14.6,Mar/03/2010 22:25:05
713072,AI.2010.CASEY,Casey James to win American Idol,1,14.6,Mar/03/2010 22:25:05
713072,AI.2010.CASEY,Casey James to win American Idol,27,13.6,Mar/03/2010 22:33:45
713072,AI.2010.CASEY,Casey James to win American Idol,4,13.6,Mar/03/2010 22:33:45
713072,AI.2010.CASEY,Casey James to win American Idol,25,13.4,Mar/03/2010 22:44:08
713072,AI.2010.CASEY,Casey James to win American Idol,10,13.3,Mar/03/2010 22:44:19
713072,AI.2010.CASEY,Casey James to win American Idol,20,13.2,Mar/03/2010 22:44:27
713072,AI.2010.CASEY,Casey James to win American Idol,18,13.2,Mar/03/2010 22:44:40
713072,AI.2010.CASEY,Casey James to win American Idol,94,12.0,Mar/04/2010 02:48:30
713072,AI.2010.CASEY,Casey James to win American Idol,10,12.1,Mar/04/2010 02:48:30
713072,AI.2010.CASEY,Casey James to win American Idol,5,10.1,Mar/04/2010 02:53:40
713072,AI.2010.CASEY,Casey James to win American Idol,11,10.1,Mar/04/2010 02:57:45
713072,AI.2010.CASEY,Casey James to win American Idol,20,10.0,Mar/04/2010 02:57:45
713072,AI.2010.CASEY,Casey James to win American Idol,12,9.7,Mar/04/2010 03:28:40
713072,AI.2010.CASEY,Casey James to win American Idol,13,9.7,Mar/04/2010 11:12:57
713072,AI.2010.CASEY,Casey James to win American Idol,1,9.9,Mar/04/2010 11:13:31
713072,AI.2010.CASEY,Casey James to win American Idol,1,9.9,Mar/04/2010 11:13:31
713072,AI.2010.CASEY,Casey James to win American Idol,1,9.9,Mar/04/2010 11:32:45
713072,AI.2010.CASEY,Casey James to win American Idol,36,10.0,Mar/04/2010 11:42:22
713072,AI.2010.CASEY,Casey James to win American Idol,41,10.0,Mar/04/2010 11:49:52
713072,AI.2010.CASEY,Casey James to win American Idol,2,10.9,Mar/04/2010 20:10:48
713072,AI.2010.CASEY,Casey James to win American Idol,2,11.0,Mar/04/2010 20:10:48
713072,AI.2010.CASEY,Casey James to win American Idol,2,10.9,Mar/04/2010 20:10:48
713072,AI.2010.CASEY,Casey James to win American Idol,1,10.9,Mar/04/2010 20:10:48
713072,AI.2010.CASEY,Casey James to win American Idol,5,11.9,Mar/04/2010 20:16:15
713072,AI.2010.CASEY,Casey James to win American Idol,2,11.9,Mar/04/2010 20:16:15
713072,AI.2010.CASEY,Casey James to win American Idol,2,11.8,Mar/04/2010 20:16:15
713072,AI.2010.CASEY,Casey James to win American Idol,1,11.9,Mar/04/2010 20:16:15
713072,AI.2010.CASEY,Casey James to win American Idol,2,11.9,Mar/04/2010 20:16:15
713072,AI.2010.CASEY,Casey James to win American Idol,3,11.5,Mar/04/2010 20:16:15
713072,AI.2010.CASEY,Casey James to win American Idol,35,12.0,Mar/04/2010 20:16:15
713072,AI.2010.CASEY,Casey James to win American Idol,2,11.9,Mar/04/2010 20:55:04
713072,AI.2010.CASEY,Casey James to win American Idol,2,11.7,Mar/04/2010 20:55:04
713072,AI.2010.CASEY,Casey James to win American Idol,2,11.9,Mar/04/2010 20:55:04
713072,AI.2010.CASEY,Casey James to win American Idol,2,11.5,Mar/04/2010 20:55:04
713072,AI.2010.CASEY,Casey James to win American Idol,1,9.6,Mar/06/2010 21:19:15
713072,AI.2010.CASEY,Casey James to win American Idol,17,9.5,Mar/06/2010 21:19:23
713072,AI.2010.CASEY,Casey James to win American Idol,1,9.3,Mar/07/2010 01:24:49
713072,AI.2010.CASEY,Casey James to win American Idol,3,9.5,Mar/07/2010 01:24:49
713072,AI.2010.CASEY,Casey James to win American Idol,5,8.9,Mar/08/2010 14:42:24
713072,AI.2010.CASEY,Casey James to win American Idol,5,9.3,Mar/08/2010 14:42:30
713072,AI.2010.CASEY,Casey James to win American Idol,1,9.3,Mar/08/2010 14:42:30
713072,AI.2010.CASEY,Casey James to win American Idol,5,9.3,Mar/08/2010 14:42:30
713072,AI.2010.CASEY,Casey James to win American Idol,5,9.5,Mar/08/2010 14:42:36
713072,AI.2010.CASEY,Casey James to win American Idol,5,9.5,Mar/08/2010 14:42:36
713072,AI.2010.CASEY,Casey James to win American Idol,1,9.6,Mar/08/2010 14:42:40
713072,AI.2010.CASEY,Casey James to win American Idol,1,9.6,Mar/08/2010 14:42:40
713072,AI.2010.CASEY,Casey James to win American Idol,1,9.6,Mar/08/2010 14:42:40
713072,AI.2010.CASEY,Casey James to win American Idol,1,9.6,Mar/08/2010 14:42:40
713072,AI.2010.CASEY,Casey James to win American Idol,5,9.6,Mar/08/2010 14:42:40
713072,AI.2010.CASEY,Casey James to win American Idol,1,9.6,Mar/08/2010 14:42:40
713072,AI.2010.CASEY,Casey James to win American Idol,1,9.7,Mar/08/2010 14:42:46
713072,AI.2010.CASEY,Casey James to win American Idol,1,9.7,Mar/08/2010 14:42:46
713072,AI.2010.CASEY,Casey James to win American Idol,1,9.7,Mar/08/2010 14:42:46
713072,AI.2010.CASEY,Casey James to win American Idol,3,9.7,Mar/08/2010 14:42:46
713072,AI.2010.CASEY,Casey James to win American Idol,4,9.8,Mar/08/2010 14:43:00
713072,AI.2010.CASEY,Casey James to win American Idol,2,9.8,Mar/08/2010 14:43:00
713072,AI.2010.CASEY,Casey James to win American Idol,444,9.9,Mar/08/2010 14:43:28
713072,AI.2010.CASEY,Casey James to win American Idol,170,9.9,Mar/08/2010 14:43:28
713072,AI.2010.CASEY,Casey James to win American Idol,15,9.9,Mar/08/2010 16:12:23
713072,AI.2010.CASEY,Casey James to win American Idol,20,9.8,Mar/08/2010 20:23:14
713072,AI.2010.CASEY,Casey James to win American Idol,1,9.8,Mar/08/2010 22:01:03
713072,AI.2010.CASEY,Casey James to win American Idol,1,9.8,Mar/08/2010 22:01:14
713072,AI.2010.CASEY,Casey James to win American Idol,1,9.8,Mar/08/2010 22:01:52
713072,AI.2010.CASEY,Casey James to win American Idol,1,9.8,Mar/08/2010 22:02:05
713072,AI.2010.CASEY,Casey James to win American Idol,1,9.8,Mar/08/2010 22:02:13
713072,AI.2010.CASEY,Casey James to win American Idol,1,9.8,Mar/08/2010 22:02:21
713072,AI.2010.CASEY,Casey James to win American Idol,1,9.8,Mar/08/2010 22:02:32
713072,AI.2010.CASEY,Casey James to win American Idol,1,9.8,Mar/08/2010 22:02:36
713072,AI.2010.CASEY,Casey James to win American Idol,1,9.8,Mar/08/2010 22:02:47
713072,AI.2010.CASEY,Casey James to win American Idol,1,9.8,Mar/08/2010 22:03:23
713072,AI.2010.CASEY,Casey James to win American Idol,1,9.5,Mar/08/2010 22:03:42
713072,AI.2010.CASEY,Casey James to win American Idol,1,9.5,Mar/08/2010 22:04:05
713072,AI.2010.CASEY,Casey James to win American Idol,1,9.5,Mar/08/2010 22:04:30
713072,AI.2010.CASEY,Casey James to win American Idol,1,9.5,Mar/08/2010 22:04:39
713072,AI.2010.CASEY,Casey James to win American Idol,1,9.5,Mar/08/2010 22:04:53
713072,AI.2010.CASEY,Casey James to win American Idol,1,9.5,Mar/08/2010 22:05:22
713072,AI.2010.CASEY,Casey James to win American Idol,1,9.5,Mar/08/2010 22:05:45
713072,AI.2010.CASEY,Casey James to win American Idol,1,9.5,Mar/08/2010 22:05:57
713072,AI.2010.CASEY,Casey James to win American Idol,1,9.5,Mar/08/2010 22:06:12
713072,AI.2010.CASEY,Casey James to win American Idol,1,9.5,Mar/08/2010 22:06:34
713072,AI.2010.CASEY,Casey James to win American Idol,1,9.5,Mar/08/2010 22:06:44
713072,AI.2010.CASEY,Casey James to win American Idol,1,9.5,Mar/08/2010 22:07:09
713072,AI.2010.CASEY,Casey James to win American Idol,1,9.5,Mar/08/2010 22:07:19
713072,AI.2010.CASEY,Casey James to win American Idol,1,9.5,Mar/08/2010 22:07:28
713072,AI.2010.CASEY,Casey James to win American Idol,1,9.5,Mar/08/2010 22:08:20
713072,AI.2010.CASEY,Casey James to win American Idol,1,9.5,Mar/08/2010 22:49:41
713072,AI.2010.CASEY,Casey James to win American Idol,1,9.5,Mar/08/2010 22:50:24
713072,AI.2010.CASEY,Casey James to win American Idol,1,9.5,Mar/08/2010 22:50:37
713072,AI.2010.CASEY,Casey James to win American Idol,2,9.5,Mar/09/2010 03:50:35
713072,AI.2010.CASEY,Casey James to win American Idol,1,9.3,Mar/09/2010 05:16:30
713072,AI.2010.CASEY,Casey James to win American Idol,1,9.3,Mar/09/2010 05:16:54
713072,AI.2010.CASEY,Casey James to win American Idol,1,9.3,Mar/09/2010 05:17:10
713072,AI.2010.CASEY,Casey James to win American Idol,1,9.3,Mar/09/2010 05:17:50
713072,AI.2010.CASEY,Casey James to win American Idol,1,9.3,Mar/09/2010 05:18:20
713072,AI.2010.CASEY,Casey James to win American Idol,1,9.3,Mar/09/2010 05:18:27
713072,AI.2010.CASEY,Casey James to win American Idol,1,9.3,Mar/09/2010 05:19:03
713072,AI.2010.CASEY,Casey James to win American Idol,1,9.3,Mar/09/2010 05:19:14
713072,AI.2010.CASEY,Casey James to win American Idol,13,9.1,Mar/09/2010 15:33:20
713072,AI.2010.CASEY,Casey James to win American Idol,12,9.3,Mar/09/2010 15:33:20
713072,AI.2010.CASEY,Casey James to win American Idol,1,9.1,Mar/09/2010 19:38:52
713072,AI.2010.CASEY,Casey James to win American Idol,6,9.0,Mar/09/2010 19:38:52
713072,AI.2010.CASEY,Casey James to win American Idol,7,9.1,Mar/09/2010 19:38:52
713072,AI.2010.CASEY,Casey James to win American Idol,4,9.6,Mar/10/2010 00:02:04
713072,AI.2010.CASEY,Casey James to win American Idol,1,9.9,Mar/10/2010 00:02:04
713072,AI.2010.CASEY,Casey James to win American Idol,3,9.4,Mar/10/2010 00:02:04
713072,AI.2010.CASEY,Casey James to win American Idol,1,9.2,Mar/10/2010 00:02:04
713072,AI.2010.CASEY,Casey James to win American Idol,1,9.3,Mar/10/2010 00:02:04
713072,AI.2010.CASEY,Casey James to win American Idol,5,9.3,Mar/10/2010 00:02:04
713072,AI.2010.CASEY,Casey James to win American Idol,5,9.9,Mar/10/2010 00:02:04
713072,AI.2010.CASEY,Casey James to win American Idol,20,10.0,Mar/10/2010 00:02:23
713072,AI.2010.CASEY,Casey James to win American Idol,2,10.7,Mar/10/2010 00:05:53
713072,AI.2010.CASEY,Casey James to win American Idol,2,10.8,Mar/10/2010 00:05:53
713072,AI.2010.CASEY,Casey James to win American Idol,3,10.5,Mar/10/2010 00:05:53
713072,AI.2010.CASEY,Casey James to win American Idol,5,10.4,Mar/10/2010 00:05:53
713072,AI.2010.CASEY,Casey James to win American Idol,2,10.8,Mar/10/2010 00:05:53
713072,AI.2010.CASEY,Casey James to win American Idol,1,11.0,Mar/10/2010 00:05:53
713072,AI.2010.CASEY,Casey James to win American Idol,1,11.0,Mar/10/2010 00:05:53
713072,AI.2010.CASEY,Casey James to win American Idol,22,10.9,Mar/10/2010 00:05:53
713072,AI.2010.CASEY,Casey James to win American Idol,2,10.7,Mar/10/2010 00:05:53
713072,AI.2010.CASEY,Casey James to win American Idol,1,10.8,Mar/10/2010 00:05:53
713072,AI.2010.CASEY,Casey James to win American Idol,2,10.0,Mar/10/2010 06:29:42
713072,AI.2010.CASEY,Casey James to win American Idol,2,10.8,Mar/10/2010 07:14:23
713072,AI.2010.CASEY,Casey James to win American Idol,3,10.1,Mar/10/2010 07:14:23
713072,AI.2010.CASEY,Casey James to win American Idol,10,10.4,Mar/10/2010 07:14:23
713072,AI.2010.CASEY,Casey James to win American Idol,2,10.3,Mar/10/2010 07:14:23
713072,AI.2010.CASEY,Casey James to win American Idol,2,10.9,Mar/10/2010 07:15:18
713072,AI.2010.CASEY,Casey James to win American Idol,1,10.9,Mar/10/2010 16:05:03
713072,AI.2010.CASEY,Casey James to win American Idol,1,11.5,Mar/10/2010 16:05:03
713072,AI.2010.CASEY,Casey James to win American Idol,1,11.4,Mar/10/2010 16:05:03
713072,AI.2010.CASEY,Casey James to win American Idol,1,11.5,Mar/10/2010 16:05:03
713072,AI.2010.CASEY,Casey James to win American Idol,2,10.8,Mar/10/2010 16:05:03
713072,AI.2010.CASEY,Casey James to win American Idol,2,11.4,Mar/10/2010 16:05:03
713072,AI.2010.CASEY,Casey James to win American Idol,2,10.9,Mar/10/2010 16:05:03
713072,AI.2010.CASEY,Casey James to win American Idol,4,11.4,Mar/10/2010 16:05:03
713072,AI.2010.CASEY,Casey James to win American Idol,2,11.4,Mar/10/2010 16:05:03
713072,AI.2010.CASEY,Casey James to win American Idol,2,11.0,Mar/10/2010 16:05:03
713072,AI.2010.CASEY,Casey James to win American Idol,2,11.5,Mar/10/2010 16:05:03
713072,AI.2010.CASEY,Casey James to win American Idol,2,11.0,Mar/10/2010 16:05:03
713072,AI.2010.CASEY,Casey James to win American Idol,3,10.5,Mar/10/2010 16:05:03
713072,AI.2010.CASEY,Casey James to win American Idol,1,11.4,Mar/10/2010 16:05:03
713072,AI.2010.CASEY,Casey James to win American Idol,4,11.5,Mar/10/2010 16:08:17
713072,AI.2010.CASEY,Casey James to win American Idol,1,11.5,Mar/10/2010 16:15:37
713072,AI.2010.CASEY,Casey James to win American Idol,1,13.9,Mar/10/2010 16:15:37
713072,AI.2010.CASEY,Casey James to win American Idol,2,11.9,Mar/10/2010 16:15:37
713072,AI.2010.CASEY,Casey James to win American Idol,1,11.7,Mar/10/2010 16:15:37
713072,AI.2010.CASEY,Casey James to win American Idol,1,11.6,Mar/10/2010 16:15:37
713072,AI.2010.CASEY,Casey James to win American Idol,1,11.9,Mar/10/2010 16:15:37
713072,AI.2010.CASEY,Casey James to win American Idol,1,11.9,Mar/10/2010 16:15:37
713072,AI.2010.CASEY,Casey James to win American Idol,1,12.9,Mar/10/2010 16:15:37
713072,AI.2010.CASEY,Casey James to win American Idol,3,11.9,Mar/10/2010 16:15:37
713072,AI.2010.CASEY,Casey James to win American Idol,1,12.7,Mar/10/2010 16:15:37
713072,AI.2010.CASEY,Casey James to win American Idol,2,12.9,Mar/10/2010 16:15:37
713072,AI.2010.CASEY,Casey James to win American Idol,1,12.9,Mar/10/2010 16:15:37
713072,AI.2010.CASEY,Casey James to win American Idol,1,12.9,Mar/10/2010 16:15:37
713072,AI.2010.CASEY,Casey James to win American Idol,2,12.0,Mar/10/2010 16:15:37
713072,AI.2010.CASEY,Casey James to win American Idol,3,14.0,Mar/10/2010 16:29:34
713072,AI.2010.CASEY,Casey James to win American Idol,4,14.0,Mar/10/2010 16:54:10
713072,AI.2010.CASEY,Casey James to win American Idol,3,14.0,Mar/10/2010 17:23:26
713072,AI.2010.CASEY,Casey James to win American Idol,67,14.0,Mar/10/2010 17:27:12
713072,AI.2010.CASEY,Casey James to win American Idol,5,14.0,Mar/10/2010 18:13:07
713072,AI.2010.CASEY,Casey James to win American Idol,5,14.0,Mar/10/2010 18:36:56
713072,AI.2010.CASEY,Casey James to win American Idol,100,14.0,Mar/10/2010 18:37:44
713072,AI.2010.CASEY,Casey James to win American Idol,1,14.0,Mar/10/2010 21:17:49
713072,AI.2010.CASEY,Casey James to win American Idol,1,14.0,Mar/10/2010 21:44:49
713072,AI.2010.CASEY,Casey James to win American Idol,1,14.0,Mar/10/2010 21:49:47
713072,AI.2010.CASEY,Casey James to win American Idol,1,14.0,Mar/10/2010 21:49:58
713072,AI.2010.CASEY,Casey James to win American Idol,2,14.0,Mar/10/2010 21:52:55
713072,AI.2010.CASEY,Casey James to win American Idol,1,14.0,Mar/10/2010 21:53:06
713072,AI.2010.CASEY,Casey James to win American Idol,1,14.0,Mar/10/2010 21:53:17
713072,AI.2010.CASEY,Casey James to win American Idol,2,14.0,Mar/10/2010 21:53:28
713072,AI.2010.CASEY,Casey James to win American Idol,1,14.0,Mar/10/2010 21:53:40
713072,AI.2010.CASEY,Casey James to win American Idol,4,14.0,Mar/10/2010 22:26:07
713072,AI.2010.CASEY,Casey James to win American Idol,3,14.0,Mar/11/2010 00:51:45
713072,AI.2010.CASEY,Casey James to win American Idol,4,14.0,Mar/11/2010 01:08:01
713072,AI.2010.CASEY,Casey James to win American Idol,122,14.0,Mar/11/2010 01:57:42
713072,AI.2010.CASEY,Casey James to win American Idol,30,14.0,Mar/11/2010 01:58:07
713072,AI.2010.CASEY,Casey James to win American Idol,20,14.0,Mar/11/2010 02:23:07
713072,AI.2010.CASEY,Casey James to win American Idol,1,11.1,Mar/11/2010 03:16:23
713072,AI.2010.CASEY,Casey James to win American Idol,2,10.6,Mar/11/2010 03:28:32
713072,AI.2010.CASEY,Casey James to win American Idol,3,10.1,Mar/11/2010 04:07:40
713072,AI.2010.CASEY,Casey James to win American Idol,1,10.6,Mar/11/2010 06:47:50
713072,AI.2010.CASEY,Casey James to win American Idol,2,10.2,Mar/11/2010 06:48:51
713072,AI.2010.CASEY,Casey James to win American Idol,18,10.0,Mar/11/2010 06:49:53
713072,AI.2010.CASEY,Casey James to win American Idol,20,9.9,Mar/11/2010 06:50:54
713072,AI.2010.CASEY,Casey James to win American Idol,3,9.8,Mar/11/2010 06:51:56
713072,AI.2010.CASEY,Casey James to win American Idol,20,9.5,Mar/11/2010 06:52:58
713072,AI.2010.CASEY,Casey James to win American Idol,3,9.4,Mar/11/2010 06:54:02
713072,AI.2010.CASEY,Casey James to win American Idol,14,9.0,Mar/11/2010 06:55:04
713072,AI.2010.CASEY,Casey James to win American Idol,3,9.0,Mar/11/2010 06:55:04
713072,AI.2010.CASEY,Casey James to win American Idol,10,12.7,Mar/16/2010 22:28:46
713072,AI.2010.CASEY,Casey James to win American Idol,5,12.6,Mar/16/2010 22:28:46
713072,AI.2010.CASEY,Casey James to win American Idol,1,12.1,Mar/16/2010 23:27:10
713072,AI.2010.CASEY,Casey James to win American Idol,4,12.1,Mar/16/2010 23:51:26
713072,AI.2010.CASEY,Casey James to win American Idol,5,11.6,Mar/16/2010 23:56:37
713072,AI.2010.CASEY,Casey James to win American Idol,5,11.2,Mar/17/2010 01:13:09
713072,AI.2010.CASEY,Casey James to win American Idol,5,11.1,Mar/17/2010 01:13:35
713072,AI.2010.CASEY,Casey James to win American Idol,5,10.6,Mar/17/2010 01:18:59
713072,AI.2010.CASEY,Casey James to win American Idol,20,10.0,Mar/17/2010 01:23:09
713072,AI.2010.CASEY,Casey James to win American Idol,1,7.7,Mar/17/2010 06:01:45
713072,AI.2010.CASEY,Casey James to win American Idol,5,7.7,Mar/17/2010 18:26:36
713072,AI.2010.CASEY,Casey James to win American Idol,1,7.7,Mar/17/2010 19:10:12
713072,AI.2010.CASEY,Casey James to win American Idol,1,7.7,Mar/17/2010 19:48:27
713072,AI.2010.CASEY,Casey James to win American Idol,2,7.7,Mar/17/2010 19:48:38
713072,AI.2010.CASEY,Casey James to win American Idol,1,7.7,Mar/17/2010 19:49:57
713072,AI.2010.CASEY,Casey James to win American Idol,4,7.7,Mar/18/2010 05:08:02
713072,AI.2010.CASEY,Casey James to win American Idol,10,3.5,Mar/18/2010 12:43:31
713072,AI.2010.CASEY,Casey James to win American Idol,11,3.5,Mar/18/2010 22:37:49
713072,AI.2010.CASEY,Casey James to win American Idol,14,3.5,Mar/18/2010 22:39:50
713072,AI.2010.CASEY,Casey James to win American Idol,12,3.5,Mar/18/2010 22:40:12
713072,AI.2010.CASEY,Casey James to win American Idol,10,2.5,Mar/18/2010 22:40:50
713072,AI.2010.CASEY,Casey James to win American Idol,5,3.5,Mar/18/2010 22:41:05
713072,AI.2010.CASEY,Casey James to win American Idol,15,4.1,Mar/19/2010 12:43:20
713072,AI.2010.CASEY,Casey James to win American Idol,1,5.1,Mar/20/2010 10:01:25
713072,AI.2010.CASEY,Casey James to win American Idol,6,5.9,Mar/20/2010 14:06:02
713072,AI.2010.CASEY,Casey James to win American Idol,1,6.0,Mar/20/2010 14:07:03
713072,AI.2010.CASEY,Casey James to win American Idol,1,6.3,Mar/20/2010 14:08:05
713072,AI.2010.CASEY,Casey James to win American Idol,1,6.5,Mar/20/2010 14:09:05
713072,AI.2010.CASEY,Casey James to win American Idol,20,6.9,Mar/20/2010 15:24:39
713072,AI.2010.CASEY,Casey James to win American Idol,1,6.9,Mar/20/2010 15:24:39
713072,AI.2010.CASEY,Casey James to win American Idol,15,6.6,Mar/21/2010 01:43:43
713072,AI.2010.CASEY,Casey James to win American Idol,1,6.5,Mar/21/2010 03:07:23
713072,AI.2010.CASEY,Casey James to win American Idol,1,6.5,Mar/21/2010 03:07:34
713072,AI.2010.CASEY,Casey James to win American Idol,2,6.5,Mar/21/2010 03:07:45
713072,AI.2010.CASEY,Casey James to win American Idol,1,6.5,Mar/21/2010 03:07:57
713072,AI.2010.CASEY,Casey James to win American Idol,2,6.5,Mar/21/2010 03:08:08
713072,AI.2010.CASEY,Casey James to win American Idol,1,6.5,Mar/21/2010 03:08:19
713072,AI.2010.CASEY,Casey James to win American Idol,2,6.5,Mar/21/2010 03:08:31
713072,AI.2010.CASEY,Casey James to win American Idol,2,6.5,Mar/21/2010 03:08:42
713072,AI.2010.CASEY,Casey James to win American Idol,2,6.5,Mar/21/2010 03:08:53
713072,AI.2010.CASEY,Casey James to win American Idol,2,6.5,Mar/21/2010 03:09:04
713072,AI.2010.CASEY,Casey James to win American Idol,1,6.5,Mar/21/2010 03:21:18
713072,AI.2010.CASEY,Casey James to win American Idol,5,6.5,Mar/21/2010 03:21:29
713072,AI.2010.CASEY,Casey James to win American Idol,2,6.5,Mar/21/2010 03:21:41
713072,AI.2010.CASEY,Casey James to win American Idol,1,6.5,Mar/21/2010 03:21:52
713072,AI.2010.CASEY,Casey James to win American Idol,1,6.5,Mar/21/2010 03:22:03
713072,AI.2010.CASEY,Casey James to win American Idol,1,6.5,Mar/21/2010 05:40:06
713072,AI.2010.CASEY,Casey James to win American Idol,1,6.5,Mar/21/2010 05:40:23
713072,AI.2010.CASEY,Casey James to win American Idol,1,7.0,Mar/22/2010 09:08:19
713072,AI.2010.CASEY,Casey James to win American Idol,1,7.3,Mar/22/2010 10:00:47
713072,AI.2010.CASEY,Casey James to win American Idol,1,7.5,Mar/22/2010 10:01:49
713072,AI.2010.CASEY,Casey James to win American Idol,1,7.8,Mar/23/2010 01:17:31
713072,AI.2010.CASEY,Casey James to win American Idol,1,7.8,Mar/23/2010 01:19:35
713072,AI.2010.CASEY,Casey James to win American Idol,2,8.9,Mar/23/2010 01:37:01
713072,AI.2010.CASEY,Casey James to win American Idol,189,8.9,Mar/23/2010 01:37:01
713072,AI.2010.CASEY,Casey James to win American Idol,1,8.1,Mar/23/2010 01:37:01
713072,AI.2010.CASEY,Casey James to win American Idol,1,8.2,Mar/23/2010 01:37:01
713072,AI.2010.CASEY,Casey James to win American Idol,2,8.5,Mar/23/2010 01:37:01
713072,AI.2010.CASEY,Casey James to win American Idol,10,8.6,Mar/23/2010 01:37:01
713072,AI.2010.CASEY,Casey James to win American Idol,90,8.7,Mar/23/2010 01:37:01
713072,AI.2010.CASEY,Casey James to win American Idol,2,8.9,Mar/23/2010 01:37:01
713072,AI.2010.CASEY,Casey James to win American Idol,1,8.0,Mar/23/2010 01:37:01
713072,AI.2010.CASEY,Casey James to win American Idol,1,8.8,Mar/23/2010 01:37:01
713072,AI.2010.CASEY,Casey James to win American Idol,1,8.5,Mar/23/2010 01:37:01
713072,AI.2010.CASEY,Casey James to win American Idol,81,8.9,Mar/23/2010 01:37:24
713072,AI.2010.CASEY,Casey James to win American Idol,1,8.9,Mar/23/2010 01:38:32
713072,AI.2010.CASEY,Casey James to win American Idol,1,7.8,Mar/23/2010 01:38:39
713072,AI.2010.CASEY,Casey James to win American Idol,2,8.3,Mar/23/2010 01:39:43
713072,AI.2010.CASEY,Casey James to win American Idol,2,8.7,Mar/23/2010 01:39:54
713072,AI.2010.CASEY,Casey James to win American Idol,3,8.8,Mar/23/2010 01:40:05
713072,AI.2010.CASEY,Casey James to win American Idol,3,8.8,Mar/23/2010 01:40:16
713072,AI.2010.CASEY,Casey James to win American Idol,3,8.7,Mar/23/2010 01:43:00
713072,AI.2010.CASEY,Casey James to win American Idol,2,8.7,Mar/23/2010 01:43:12
713072,AI.2010.CASEY,Casey James to win American Idol,3,8.6,Mar/23/2010 01:43:40
713072,AI.2010.CASEY,Casey James to win American Idol,1,8.6,Mar/23/2010 01:44:05
713072,AI.2010.CASEY,Casey James to win American Idol,2,8.7,Mar/23/2010 01:47:58
713072,AI.2010.CASEY,Casey James to win American Idol,2,8.8,Mar/23/2010 01:49:18
713072,AI.2010.CASEY,Casey James to win American Idol,2,8.8,Mar/23/2010 01:49:49
713072,AI.2010.CASEY,Casey James to win American Idol,4,8.7,Mar/23/2010 03:11:41
713072,AI.2010.CASEY,Casey James to win American Idol,3,8.8,Mar/23/2010 04:21:47
713072,AI.2010.CASEY,Casey James to win American Idol,2,8.9,Mar/23/2010 04:21:57
713072,AI.2010.CASEY,Casey James to win American Idol,1,9.0,Mar/23/2010 04:22:07
713072,AI.2010.CASEY,Casey James to win American Idol,1,9.0,Mar/23/2010 04:22:07
713072,AI.2010.CASEY,Casey James to win American Idol,2,9.0,Mar/23/2010 04:22:07
713072,AI.2010.CASEY,Casey James to win American Idol,10,9.4,Mar/23/2010 04:27:39
713072,AI.2010.CASEY,Casey James to win American Idol,2,8.7,Mar/23/2010 04:43:54
713072,AI.2010.CASEY,Casey James to win American Idol,10,9.4,Mar/23/2010 04:47:18
713072,AI.2010.CASEY,Casey James to win American Idol,1,9.5,Mar/23/2010 14:37:44
713072,AI.2010.CASEY,Casey James to win American Idol,1,9.7,Mar/23/2010 14:37:44
713072,AI.2010.CASEY,Casey James to win American Idol,1,9.4,Mar/23/2010 14:37:44
713072,AI.2010.CASEY,Casey James to win American Idol,10,9.7,Mar/23/2010 14:37:44
713072,AI.2010.CASEY,Casey James to win American Idol,2,9.8,Mar/23/2010 15:08:56
713072,AI.2010.CASEY,Casey James to win American Idol,11,9.8,Mar/23/2010 15:08:56
713072,AI.2010.CASEY,Casey James to win American Idol,2,9.7,Mar/23/2010 15:08:56
713072,AI.2010.CASEY,Casey James to win American Idol,1,8.7,Mar/23/2010 15:13:16
713072,AI.2010.CASEY,Casey James to win American Idol,1,8.7,Mar/23/2010 15:23:24
713072,AI.2010.CASEY,Casey James to win American Idol,1,8.6,Mar/23/2010 15:23:35
713072,AI.2010.CASEY,Casey James to win American Idol,3,8.6,Mar/23/2010 15:23:46
713072,AI.2010.CASEY,Casey James to win American Idol,1,8.6,Mar/23/2010 15:23:58
713072,AI.2010.CASEY,Casey James to win American Idol,4,9.0,Mar/23/2010 23:36:14
713072,AI.2010.CASEY,Casey James to win American Idol,2,9.0,Mar/24/2010 14:07:42
713072,AI.2010.CASEY,Casey James to win American Idol,3,9.1,Mar/24/2010 14:07:42
713072,AI.2010.CASEY,Casey James to win American Idol,2,8.9,Mar/24/2010 14:07:42
713072,AI.2010.CASEY,Casey James to win American Idol,87,9.6,Mar/24/2010 14:07:42
713072,AI.2010.CASEY,Casey James to win American Idol,2,9.6,Mar/24/2010 14:07:42
713072,AI.2010.CASEY,Casey James to win American Idol,1,9.6,Mar/24/2010 14:07:42
713072,AI.2010.CASEY,Casey James to win American Idol,2,9.5,Mar/24/2010 14:07:42
713072,AI.2010.CASEY,Casey James to win American Idol,1,9.6,Mar/24/2010 14:07:42
713072,AI.2010.CASEY,Casey James to win American Idol,3,9.6,Mar/24/2010 14:08:04
713072,AI.2010.CASEY,Casey James to win American Idol,10,9.6,Mar/24/2010 14:14:49
713072,AI.2010.CASEY,Casey James to win American Idol,20,9.7,Mar/24/2010 14:17:41
713072,AI.2010.CASEY,Casey James to win American Idol,5,9.6,Mar/24/2010 17:30:16
713072,AI.2010.CASEY,Casey James to win American Idol,2,9.7,Mar/25/2010 11:33:35
713072,AI.2010.CASEY,Casey James to win American Idol,2,9.7,Mar/25/2010 11:33:35
713072,AI.2010.CASEY,Casey James to win American Idol,6,9.7,Mar/25/2010 11:33:35
713072,AI.2010.CASEY,Casey James to win American Idol,6,9.7,Mar/25/2010 14:57:52
713072,AI.2010.CASEY,Casey James to win American Idol,2,9.8,Mar/25/2010 15:46:11
713072,AI.2010.CASEY,Casey James to win American Idol,2,9.9,Mar/25/2010 15:47:14
713072,AI.2010.CASEY,Casey James to win American Idol,1,9.9,Mar/25/2010 15:47:14
713072,AI.2010.CASEY,Casey James to win American Idol,10,9.7,Mar/26/2010 19:21:42
713072,AI.2010.CASEY,Casey James to win American Idol,8,9.7,Mar/26/2010 19:22:23
713072,AI.2010.CASEY,Casey James to win American Idol,4,9.8,Mar/26/2010 21:41:15
713072,AI.2010.CASEY,Casey James to win American Idol,5,9.8,Mar/26/2010 21:41:15
713072,AI.2010.CASEY,Casey James to win American Idol,1,9.8,Mar/26/2010 21:41:15
713072,AI.2010.CASEY,Casey James to win American Idol,25,9.8,Mar/27/2010 00:17:16
713072,AI.2010.CASEY,Casey James to win American Idol,2,10.0,Mar/27/2010 20:43:24
713072,AI.2010.CASEY,Casey James to win American Idol,2,9.9,Mar/27/2010 20:43:24
713072,AI.2010.CASEY,Casey James to win American Idol,2,10.3,Mar/27/2010 20:43:24
713072,AI.2010.CASEY,Casey James to win American Idol,2,9.9,Mar/27/2010 20:43:24
713072,AI.2010.CASEY,Casey James to win American Idol,1,10.3,Mar/27/2010 20:43:24
713072,AI.2010.CASEY,Casey James to win American Idol,1,10.0,Mar/27/2010 20:43:24
713072,AI.2010.CASEY,Casey James to win American Idol,1,9.9,Mar/27/2010 20:43:24
713072,AI.2010.CASEY,Casey James to win American Idol,1,9.9,Mar/27/2010 20:43:24
713072,AI.2010.CASEY,Casey James to win American Idol,2,10.0,Mar/27/2010 20:43:24
713072,AI.2010.CASEY,Casey James to win American Idol,2,9.9,Mar/27/2010 20:43:24
713072,AI.2010.CASEY,Casey James to win American Idol,1,10.2,Mar/27/2010 20:43:24
713072,AI.2010.CASEY,Casey James to win American Idol,8,10.4,Mar/27/2010 20:43:24
713072,AI.2010.CASEY,Casey James to win American Idol,4,10.6,Mar/27/2010 20:43:50
713072,AI.2010.CASEY,Casey James to win American Idol,88,10.7,Mar/27/2010 20:43:50
713072,AI.2010.CASEY,Casey James to win American Idol,4,10.8,Mar/27/2010 20:43:50
713072,AI.2010.CASEY,Casey James to win American Idol,1,10.6,Mar/27/2010 20:43:50
713072,AI.2010.CASEY,Casey James to win American Idol,2,10.5,Mar/27/2010 20:43:50
713072,AI.2010.CASEY,Casey James to win American Idol,2,10.4,Mar/27/2010 20:43:50
713072,AI.2010.CASEY,Casey James to win American Idol,1,9.9,Mar/29/2010 12:02:45
713072,AI.2010.CASEY,Casey James to win American Idol,1,9.8,Mar/29/2010 19:06:49
713072,AI.2010.CASEY,Casey James to win American Idol,51,9.8,Mar/29/2010 19:06:49
713072,AI.2010.CASEY,Casey James to win American Idol,4,9.7,Mar/29/2010 21:41:20
713072,AI.2010.CASEY,Casey James to win American Idol,4,9.7,Mar/29/2010 21:44:50
713072,AI.2010.CASEY,Casey James to win American Idol,4,9.7,Mar/29/2010 21:54:52
713072,AI.2010.CASEY,Casey James to win American Idol,6,9.7,Mar/29/2010 23:22:24
713072,AI.2010.CASEY,Casey James to win American Idol,2,9.7,Mar/30/2010 02:11:57
713072,AI.2010.CASEY,Casey James to win American Idol,2,9.7,Mar/30/2010 02:11:57
713072,AI.2010.CASEY,Casey James to win American Idol,31,9.7,Mar/30/2010 14:30:07
713072,AI.2010.CASEY,Casey James to win American Idol,1,9.8,Mar/30/2010 14:30:07
713072,AI.2010.CASEY,Casey James to win American Idol,1,9.8,Mar/30/2010 18:41:15
713072,AI.2010.CASEY,Casey James to win American Idol,1,9.7,Mar/30/2010 23:35:56
713072,AI.2010.CASEY,Casey James to win American Idol,1,9.2,Mar/31/2010 00:20:34
713072,AI.2010.CASEY,Casey James to win American Idol,1,9.3,Mar/31/2010 00:20:34
713072,AI.2010.CASEY,Casey James to win American Idol,1,9.4,Mar/31/2010 00:20:34
713072,AI.2010.CASEY,Casey James to win American Idol,1,9.5,Mar/31/2010 00:20:34
713072,AI.2010.CASEY,Casey James to win American Idol,1,9.6,Mar/31/2010 00:20:34
713072,AI.2010.CASEY,Casey James to win American Idol,1,9.9,Mar/31/2010 01:58:11
713072,AI.2010.CASEY,Casey James to win American Idol,4,9.9,Mar/31/2010 01:58:11
713072,AI.2010.CASEY,Casey James to win American Idol,3,9.9,Mar/31/2010 04:05:41
713072,AI.2010.CASEY,Casey James to win American Idol,4,9.9,Mar/31/2010 04:05:41
713072,AI.2010.CASEY,Casey James to win American Idol,4,9.9,Mar/31/2010 04:05:41
713072,AI.2010.CASEY,Casey James to win American Idol,4,9.9,Mar/31/2010 04:05:41
713072,AI.2010.CASEY,Casey James to win American Idol,1,9.6,Mar/31/2010 04:38:26
713072,AI.2010.CASEY,Casey James to win American Idol,5,9.5,Mar/31/2010 04:38:26
713072,AI.2010.CASEY,Casey James to win American Idol,20,9.4,Mar/31/2010 04:38:26
713072,AI.2010.CASEY,Casey James to win American Idol,20,9.5,Mar/31/2010 04:38:26
713072,AI.2010.CASEY,Casey James to win American Idol,5,9.8,Mar/31/2010 16:19:05
713072,AI.2010.CASEY,Casey James to win American Idol,6,9.5,Mar/31/2010 16:21:11
713072,AI.2010.CASEY,Casey James to win American Idol,20,9.6,Mar/31/2010 16:21:11
713072,AI.2010.CASEY,Casey James to win American Idol,20,9.7,Mar/31/2010 16:21:11
713072,AI.2010.CASEY,Casey James to win American Idol,4,9.8,Mar/31/2010 16:21:11
713072,AI.2010.CASEY,Casey James to win American Idol,28,9.5,Mar/31/2010 16:23:34
713072,AI.2010.CASEY,Casey James to win American Idol,1,9.7,Mar/31/2010 17:38:33
713072,AI.2010.CASEY,Casey James to win American Idol,1,9.6,Apr/01/2010 01:58:08
713072,AI.2010.CASEY,Casey James to win American Idol,4,9.4,Apr/01/2010 01:58:08
713072,AI.2010.CASEY,Casey James to win American Idol,5,9.4,Apr/01/2010 02:03:51
713072,AI.2010.CASEY,Casey James to win American Idol,11,9.4,Apr/01/2010 03:39:20
713072,AI.2010.CASEY,Casey James to win American Idol,4,9.7,Apr/01/2010 06:58:47
713072,AI.2010.CASEY,Casey James to win American Idol,5,9.9,Apr/01/2010 06:59:00
713072,AI.2010.CASEY,Casey James to win American Idol,4,9.9,Apr/01/2010 06:59:00
713072,AI.2010.CASEY,Casey James to win American Idol,5,9.9,Apr/01/2010 06:59:00
713072,AI.2010.CASEY,Casey James to win American Idol,4,9.9,Apr/01/2010 06:59:00
713072,AI.2010.CASEY,Casey James to win American Idol,1,10.0,Apr/01/2010 06:59:19
713072,AI.2010.CASEY,Casey James to win American Idol,2,10.0,Apr/01/2010 06:59:19
713072,AI.2010.CASEY,Casey James to win American Idol,2,10.0,Apr/01/2010 06:59:19
713072,AI.2010.CASEY,Casey James to win American Idol,1,10.4,Apr/01/2010 06:59:48
713072,AI.2010.CASEY,Casey James to win American Idol,19,10.4,Apr/01/2010 06:59:48
713072,AI.2010.CASEY,Casey James to win American Idol,1,10.4,Apr/01/2010 06:59:48
713072,AI.2010.CASEY,Casey James to win American Idol,1,10.4,Apr/01/2010 06:59:48
713072,AI.2010.CASEY,Casey James to win American Idol,1,10.4,Apr/01/2010 06:59:48
713072,AI.2010.CASEY,Casey James to win American Idol,5,9.6,Apr/03/2010 13:30:29
713072,AI.2010.CASEY,Casey James to win American Idol,3,8.9,Apr/05/2010 04:57:11
713072,AI.2010.CASEY,Casey James to win American Idol,3,9.6,Apr/05/2010 04:57:22
713072,AI.2010.CASEY,Casey James to win American Idol,5,9.6,Apr/05/2010 04:57:22
713072,AI.2010.CASEY,Casey James to win American Idol,1,9.1,Apr/05/2010 14:11:23
713072,AI.2010.CASEY,Casey James to win American Idol,1,8.9,Apr/05/2010 14:11:23
713072,AI.2010.CASEY,Casey James to win American Idol,88,8.2,Apr/05/2010 23:22:01
713072,AI.2010.CASEY,Casey James to win American Idol,1,8.8,Apr/05/2010 23:22:01
713072,AI.2010.CASEY,Casey James to win American Idol,5,8.3,Apr/05/2010 23:22:01
713072,AI.2010.CASEY,Casey James to win American Idol,3,8.3,Apr/05/2010 23:22:01
713072,AI.2010.CASEY,Casey James to win American Idol,1,8.5,Apr/05/2010 23:22:01
713072,AI.2010.CASEY,Casey James to win American Idol,1,8.7,Apr/05/2010 23:22:01
713072,AI.2010.CASEY,Casey James to win American Idol,1,8.2,Apr/05/2010 23:22:01
713072,AI.2010.CASEY,Casey James to win American Idol,5,9.0,Apr/06/2010 14:10:43
713072,AI.2010.CASEY,Casey James to win American Idol,1,8.8,Apr/06/2010 21:56:23
713072,AI.2010.CASEY,Casey James to win American Idol,1,8.7,Apr/06/2010 21:56:23
713072,AI.2010.CASEY,Casey James to win American Idol,1,8.6,Apr/06/2010 21:56:23
713072,AI.2010.CASEY,Casey James to win American Idol,1,8.5,Apr/06/2010 21:56:23
713072,AI.2010.CASEY,Casey James to win American Idol,1,8.4,Apr/06/2010 21:56:23
713072,AI.2010.CASEY,Casey James to win American Idol,1,8.0,Apr/07/2010 18:24:30
713072,AI.2010.CASEY,Casey James to win American Idol,5,8.4,Apr/08/2010 01:19:44
713072,AI.2010.CASEY,Casey James to win American Idol,3,9.5,Apr/08/2010 20:05:22
713072,AI.2010.CASEY,Casey James to win American Idol,1,9.5,Apr/08/2010 20:05:22
713072,AI.2010.CASEY,Casey James to win American Idol,1,10.4,Apr/12/2010 04:16:56
713072,AI.2010.CASEY,Casey James to win American Idol,1,10.3,Apr/12/2010 04:17:18
713072,AI.2010.CASEY,Casey James to win American Idol,30,10.2,Apr/12/2010 04:25:16
713072,AI.2010.CASEY,Casey James to win American Idol,1,10.2,Apr/12/2010 04:25:16
713072,AI.2010.CASEY,Casey James to win American Idol,1,10.1,Apr/12/2010 04:25:39
713072,AI.2010.CASEY,Casey James to win American Idol,16,10.1,Apr/12/2010 04:25:39
713072,AI.2010.CASEY,Casey James to win American Idol,1,11.3,Apr/12/2010 11:45:52
713072,AI.2010.CASEY,Casey James to win American Idol,1,11.2,Apr/12/2010 11:45:52
713072,AI.2010.CASEY,Casey James to win American Idol,1,11.1,Apr/12/2010 11:45:52
713072,AI.2010.CASEY,Casey James to win American Idol,1,11.0,Apr/12/2010 11:45:52
713072,AI.2010.CASEY,Casey James to win American Idol,1,10.6,Apr/12/2010 13:15:17
713072,AI.2010.CASEY,Casey James to win American Idol,1,10.7,Apr/12/2010 13:15:17
713072,AI.2010.CASEY,Casey James to win American Idol,1,10.8,Apr/12/2010 13:15:17
713072,AI.2010.CASEY,Casey James to win American Idol,1,10.9,Apr/12/2010 13:15:17
713072,AI.2010.CASEY,Casey James to win American Idol,1,10.0,Apr/12/2010 13:15:17
713072,AI.2010.CASEY,Casey James to win American Idol,1,10.5,Apr/12/2010 13:15:17
713072,AI.2010.CASEY,Casey James to win American Idol,1,10.4,Apr/12/2010 13:15:17
713072,AI.2010.CASEY,Casey James to win American Idol,1,9.5,Apr/12/2010 13:15:17
713072,AI.2010.CASEY,Casey James to win American Idol,1,9.6,Apr/12/2010 13:15:17
713072,AI.2010.CASEY,Casey James to win American Idol,1,9.7,Apr/12/2010 13:15:17
713072,AI.2010.CASEY,Casey James to win American Idol,1,9.8,Apr/12/2010 13:15:17
713072,AI.2010.CASEY,Casey James to win American Idol,1,9.9,Apr/12/2010 13:15:17
713072,AI.2010.CASEY,Casey James to win American Idol,1,10.1,Apr/12/2010 13:15:17
713072,AI.2010.CASEY,Casey James to win American Idol,1,10.2,Apr/12/2010 13:15:17
713072,AI.2010.CASEY,Casey James to win American Idol,1,10.3,Apr/12/2010 13:15:17
713072,AI.2010.CASEY,Casey James to win American Idol,1,9.6,Apr/13/2010 23:54:50
713072,AI.2010.CASEY,Casey James to win American Idol,1,9.7,Apr/13/2010 23:54:50
713072,AI.2010.CASEY,Casey James to win American Idol,1,9.9,Apr/13/2010 23:54:50
713072,AI.2010.CASEY,Casey James to win American Idol,1,10.1,Apr/13/2010 23:54:50
713072,AI.2010.CASEY,Casey James to win American Idol,30,9.4,Apr/13/2010 23:54:50
713072,AI.2010.CASEY,Casey James to win American Idol,20,9.5,Apr/13/2010 23:54:50
713072,AI.2010.CASEY,Casey James to win American Idol,3,10.5,Apr/14/2010 01:19:15
713072,AI.2010.CASEY,Casey James to win American Idol,8,10.2,Apr/14/2010 01:23:27
713072,AI.2010.CASEY,Casey James to win American Idol,7,10.2,Apr/14/2010 01:23:45
713072,AI.2010.CASEY,Casey James to win American Idol,9,10.1,Apr/14/2010 01:23:45
713072,AI.2010.CASEY,Casey James to win American Idol,4,10.1,Apr/14/2010 01:23:45
713072,AI.2010.CASEY,Casey James to win American Idol,3,10.1,Apr/14/2010 01:23:59
713072,AI.2010.CASEY,Casey James to win American Idol,4,10.1,Apr/14/2010 01:24:17
713072,AI.2010.CASEY,Casey James to win American Idol,5,10.1,Apr/14/2010 01:26:10
713072,AI.2010.CASEY,Casey James to win American Idol,5,10.1,Apr/14/2010 02:23:01
713072,AI.2010.CASEY,Casey James to win American Idol,16,10.1,Apr/14/2010 02:57:16
713072,AI.2010.CASEY,Casey James to win American Idol,5,10.1,Apr/14/2010 02:59:03
713072,AI.2010.CASEY,Casey James to win American Idol,10,11.0,Apr/14/2010 03:42:57
713072,AI.2010.CASEY,Casey James to win American Idol,1,10.3,Apr/15/2010 07:20:16
713072,AI.2010.CASEY,Casey James to win American Idol,10,10.4,Apr/15/2010 17:49:52
713072,AI.2010.CASEY,Casey James to win American Idol,5,10.5,Apr/15/2010 20:20:18
713072,AI.2010.CASEY,Casey James to win American Idol,135,9.7,Apr/18/2010 12:23:06
713072,AI.2010.CASEY,Casey James to win American Idol,10,9.0,Apr/21/2010 00:06:11
713072,AI.2010.CASEY,Casey James to win American Idol,50,8.9,Apr/21/2010 00:10:54
713072,AI.2010.CASEY,Casey James to win American Idol,50,9.0,Apr/21/2010 00:10:54
713072,AI.2010.CASEY,Casey James to win American Idol,50,8.9,Apr/21/2010 00:18:01
713072,AI.2010.CASEY,Casey James to win American Idol,50,7.9,Apr/21/2010 00:58:00
713072,AI.2010.CASEY,Casey James to win American Idol,50,8.0,Apr/21/2010 00:58:00
713072,AI.2010.CASEY,Casey James to win American Idol,1,7.0,Apr/21/2010 05:18:11
713072,AI.2010.CASEY,Casey James to win American Idol,1,6.8,Apr/21/2010 15:04:35
713072,AI.2010.CASEY,Casey James to win American Idol,1,6.2,Apr/21/2010 16:09:57
713072,AI.2010.CASEY,Casey James to win American Idol,1,6.4,Apr/21/2010 16:09:57
713072,AI.2010.CASEY,Casey James to win American Idol,1,6.6,Apr/21/2010 16:09:57
713072,AI.2010.CASEY,Casey James to win American Idol,22,6.0,Apr/21/2010 17:09:01
713072,AI.2010.CASEY,Casey James to win American Idol,1,4.1,Apr/21/2010 23:41:51
713072,AI.2010.CASEY,Casey James to win American Idol,1,3.7,Apr/22/2010 00:42:17
713072,AI.2010.CASEY,Casey James to win American Idol,1,3.9,Apr/22/2010 00:42:17
713072,AI.2010.CASEY,Casey James to win American Idol,2,3.3,Apr/22/2010 00:42:46
713072,AI.2010.CASEY,Casey James to win American Idol,1,3.5,Apr/22/2010 00:42:46
713072,AI.2010.CASEY,Casey James to win American Idol,3,3.1,Apr/22/2010 00:42:46
713072,AI.2010.CASEY,Casey James to win American Idol,1,5.2,Apr/23/2010 06:11:31
713072,AI.2010.CASEY,Casey James to win American Idol,1,5.1,Apr/23/2010 16:35:19
713072,AI.2010.CASEY,Casey James to win American Idol,1,5.4,Apr/23/2010 16:35:44
713072,AI.2010.CASEY,Casey James to win American Idol,1,5.5,Apr/23/2010 16:36:12
713072,AI.2010.CASEY,Casey James to win American Idol,1,5.9,Apr/23/2010 16:36:30
713072,AI.2010.CASEY,Casey James to win American Idol,1,6.0,Apr/23/2010 16:36:30
713072,AI.2010.CASEY,Casey James to win American Idol,100,5.0,Apr/23/2010 16:40:52
713072,AI.2010.CASEY,Casey James to win American Idol,100,4.9,Apr/23/2010 16:40:52
713072,AI.2010.CASEY,Casey James to win American Idol,17,5.1,Apr/27/2010 13:42:05
713072,AI.2010.CASEY,Casey James to win American Idol,1,5.1,Apr/27/2010 13:42:05
713072,AI.2010.CASEY,Casey James to win American Idol,30,4.9,Apr/28/2010 00:14:25
713072,AI.2010.CASEY,Casey James to win American Idol,30,5.0,Apr/28/2010 00:14:25
713072,AI.2010.CASEY,Casey James to win American Idol,20,4.9,Apr/28/2010 00:29:47
713072,AI.2010.CASEY,Casey James to win American Idol,20,4.9,Apr/28/2010 00:30:22
713072,AI.2010.CASEY,Casey James to win American Idol,15,4.9,Apr/28/2010 00:30:36
713072,AI.2010.CASEY,Casey James to win American Idol,8,4.9,Apr/28/2010 00:30:54
713072,AI.2010.CASEY,Casey James to win American Idol,3,5.1,Apr/28/2010 00:31:33
713072,AI.2010.CASEY,Casey James to win American Idol,1,5.3,Apr/28/2010 00:31:33
713072,AI.2010.CASEY,Casey James to win American Idol,1,5.2,Apr/28/2010 00:31:33
713072,AI.2010.CASEY,Casey James to win American Idol,1,5.4,Apr/28/2010 00:32:13
713072,AI.2010.CASEY,Casey James to win American Idol,1,5.5,Apr/28/2010 00:41:56
713072,AI.2010.CASEY,Casey James to win American Idol,1,5.5,Apr/28/2010 00:41:56
713072,AI.2010.CASEY,Casey James to win American Idol,1,5.6,Apr/28/2010 00:42:57
713072,AI.2010.CASEY,Casey James to win American Idol,1,5.7,Apr/28/2010 00:43:24
713072,AI.2010.CASEY,Casey James to win American Idol,1,5.8,Apr/28/2010 00:43:43
713072,AI.2010.CASEY,Casey James to win American Idol,1,5.9,Apr/28/2010 00:44:08
713072,AI.2010.CASEY,Casey James to win American Idol,1,5.9,Apr/28/2010 00:44:08
713072,AI.2010.CASEY,Casey James to win American Idol,1,6.0,Apr/28/2010 00:44:24
713072,AI.2010.CASEY,Casey James to win American Idol,1,6.0,Apr/28/2010 00:44:24
713072,AI.2010.CASEY,Casey James to win American Idol,1,6.5,Apr/28/2010 00:48:53
713072,AI.2010.CASEY,Casey James to win American Idol,1,6.6,Apr/28/2010 00:48:53
713072,AI.2010.CASEY,Casey James to win American Idol,1,6.7,Apr/28/2010 00:48:53
713072,AI.2010.CASEY,Casey James to win American Idol,1,6.9,Apr/28/2010 00:48:53
713072,AI.2010.CASEY,Casey James to win American Idol,1,6.8,Apr/28/2010 00:48:53
713072,AI.2010.CASEY,Casey James to win American Idol,1,7.0,Apr/28/2010 00:48:53
713072,AI.2010.CASEY,Casey James to win American Idol,1,6.4,Apr/28/2010 00:48:53
713072,AI.2010.CASEY,Casey James to win American Idol,1,6.3,Apr/28/2010 00:48:53
713072,AI.2010.CASEY,Casey James to win American Idol,1,6.2,Apr/28/2010 00:48:53
713072,AI.2010.CASEY,Casey James to win American Idol,1,6.1,Apr/28/2010 00:48:53
713072,AI.2010.CASEY,Casey James to win American Idol,1,6.5,Apr/28/2010 00:48:53
713072,AI.2010.CASEY,Casey James to win American Idol,1,6.9,Apr/28/2010 00:48:53
713072,AI.2010.CASEY,Casey James to win American Idol,1,7.0,Apr/28/2010 00:48:53
713072,AI.2010.CASEY,Casey James to win American Idol,1,7.0,Apr/28/2010 08:37:16
713072,AI.2010.CASEY,Casey James to win American Idol,5,7.0,Apr/28/2010 08:39:13
713072,AI.2010.CASEY,Casey James to win American Idol,1,5.4,Apr/29/2010 01:26:01
713072,AI.2010.CASEY,Casey James to win American Idol,5,5.3,Apr/29/2010 01:50:28
713072,AI.2010.CASEY,Casey James to win American Idol,2,4.9,Apr/29/2010 01:50:34
713072,AI.2010.CASEY,Casey James to win American Idol,16,6.5,Apr/29/2010 01:58:32
713072,AI.2010.CASEY,Casey James to win American Idol,3,6.5,Apr/29/2010 04:17:28
713072,AI.2010.CASEY,Casey James to win American Idol,13,6.3,Apr/30/2010 00:56:34
713072,AI.2010.CASEY,Casey James to win American Idol,47,6.5,Apr/30/2010 00:56:34
713072,AI.2010.CASEY,Casey James to win American Idol,1,6.4,Apr/30/2010 13:02:42
713072,AI.2010.CASEY,Casey James to win American Idol,10,6.8,May/02/2010 22:52:06
713072,AI.2010.CASEY,Casey James to win American Idol,1,6.4,May/02/2010 22:52:06
713072,AI.2010.CASEY,Casey James to win American Idol,1,6.5,May/02/2010 22:52:06
713072,AI.2010.CASEY,Casey James to win American Idol,1,6.6,May/02/2010 22:52:06
713072,AI.2010.CASEY,Casey James to win American Idol,1,6.7,May/02/2010 22:52:06
713072,AI.2010.CASEY,Casey James to win American Idol,1,6.8,May/02/2010 22:52:06
713072,AI.2010.CASEY,Casey James to win American Idol,6,6.4,May/02/2010 22:52:06
713072,AI.2010.CASEY,Casey James to win American Idol,5,1.0,May/05/2010 07:53:07
713072,AI.2010.CASEY,Casey James to win American Idol,2,1.4,May/05/2010 22:21:09
713072,AI.2010.CASEY,Casey James to win American Idol,1,1.5,May/05/2010 22:21:09
713072,AI.2010.CASEY,Casey James to win American Idol,2,1.3,May/05/2010 22:21:09
713072,AI.2010.CASEY,Casey James to win American Idol,1,1.6,May/06/2010 00:30:14
713072,AI.2010.CASEY,Casey James to win American Idol,1,1.7,May/06/2010 00:30:14
713072,AI.2010.CASEY,Casey James to win American Idol,1,1.8,May/06/2010 00:30:14
713072,AI.2010.CASEY,Casey James to win American Idol,25,1.8,May/06/2010 00:30:14
713072,AI.2010.CASEY,Casey James to win American Idol,1,2.2,May/06/2010 01:53:11
713072,AI.2010.CASEY,Casey James to win American Idol,2,2.0,May/06/2010 01:53:11
713072,AI.2010.CASEY,Casey James to win American Idol,1,1.9,May/06/2010 01:53:11
713072,AI.2010.CASEY,Casey James to win American Idol,1,2.0,May/06/2010 01:53:11
713072,AI.2010.CASEY,Casey James to win American Idol,1,2.1,May/06/2010 01:53:11
713072,AI.2010.CASEY,Casey James to win American Idol,3,2.4,May/06/2010 01:53:11
713072,AI.2010.CASEY,Casey James to win American Idol,1,2.5,May/06/2010 01:53:11
713072,AI.2010.CASEY,Casey James to win American Idol,1,2.4,May/06/2010 01:53:11
713072,AI.2010.CASEY,Casey James to win American Idol,2,2.5,May/06/2010 01:53:11
713072,AI.2010.CASEY,Casey James to win American Idol,2,1.9,May/06/2010 01:53:11
713072,AI.2010.CASEY,Casey James to win American Idol,1,2.3,May/06/2010 01:53:11
713072,AI.2010.CASEY,Casey James to win American Idol,1,2.6,May/06/2010 01:54:43
713072,AI.2010.CASEY,Casey James to win American Idol,1,2.7,May/06/2010 01:54:43
713072,AI.2010.CASEY,Casey James to win American Idol,1,2.8,May/06/2010 01:54:43
713072,AI.2010.CASEY,Casey James to win American Idol,1,2.9,May/06/2010 01:54:43
713072,AI.2010.CASEY,Casey James to win American Idol,1,3.0,May/06/2010 01:54:43
713072,AI.2010.CASEY,Casey James to win American Idol,2,3.0,May/06/2010 01:54:43
713072,AI.2010.CASEY,Casey James to win American Idol,2,2.9,May/06/2010 01:54:43
713072,AI.2010.CASEY,Casey James to win American Idol,1,3.2,May/06/2010 01:56:32
713072,AI.2010.CASEY,Casey James to win American Idol,1,3.3,May/06/2010 01:56:32
713072,AI.2010.CASEY,Casey James to win American Idol,1,3.4,May/06/2010 01:56:32
713072,AI.2010.CASEY,Casey James to win American Idol,1,3.5,May/06/2010 01:56:32
713072,AI.2010.CASEY,Casey James to win American Idol,1,3.1,May/06/2010 01:56:32
713072,AI.2010.CASEY,Casey James to win American Idol,2,3.4,May/06/2010 01:56:32
713072,AI.2010.CASEY,Casey James to win American Idol,2,3.5,May/06/2010 01:56:32
713072,AI.2010.CASEY,Casey James to win American Idol,2,3.9,May/06/2010 01:57:37
713072,AI.2010.CASEY,Casey James to win American Idol,2,4.0,May/06/2010 01:57:37
713072,AI.2010.CASEY,Casey James to win American Idol,2,3.8,May/06/2010 01:57:37
713072,AI.2010.CASEY,Casey James to win American Idol,1,3.8,May/06/2010 01:57:37
713072,AI.2010.CASEY,Casey James to win American Idol,1,3.7,May/06/2010 01:57:37
713072,AI.2010.CASEY,Casey James to win American Idol,1,3.6,May/06/2010 01:57:37
713072,AI.2010.CASEY,Casey James to win American Idol,20,5.0,May/06/2010 01:58:10
713072,AI.2010.CASEY,Casey James to win American Idol,20,3.5,May/06/2010 16:34:24
713072,AI.2010.CASEY,Casey James to win American Idol,200,2.0,May/07/2010 03:07:49
713072,AI.2010.CASEY,Casey James to win American Idol,55,3.0,May/08/2010 04:57:55
713072,AI.2010.CASEY,Casey James to win American Idol,8,3.9,May/10/2010 01:45:07
713072,AI.2010.CASEY,Casey James to win American Idol,2,3.8,May/10/2010 01:45:07
713072,AI.2010.CASEY,Casey James to win American Idol,3,3.4,May/11/2010 22:44:56
713072,AI.2010.CASEY,Casey James to win American Idol,1,3.4,May/11/2010 22:44:56
713072,AI.2010.CASEY,Casey James to win American Idol,1,3.4,May/11/2010 22:44:56
713072,AI.2010.CASEY,Casey James to win American Idol,735,3.9,May/11/2010 22:45:38
713072,AI.2010.CASEY,Casey James to win American Idol,2,3.8,May/11/2010 22:45:38
713072,AI.2010.CASEY,Casey James to win American Idol,20,5.0,May/12/2010 00:41:08
713072,AI.2010.CASEY,Casey James to win American Idol,3,5.0,May/12/2010 00:41:18
713072,AI.2010.CASEY,Casey James to win American Idol,300,3.0,May/13/2010 00:44:15
713072,AI.2010.CASEY,Casey James to win American Idol,5,3.9,May/13/2010 01:20:15
713072,AI.2010.CASEY,Casey James to win American Idol,33,3.0,May/13/2010 01:20:15
713072,AI.2010.CASEY,Casey James to win American Idol,3,7.4,May/13/2010 18:51:56
713072,AI.2010.CASEY,Casey James to win American Idol,200,4.6,May/13/2010 21:02:03
713072,AI.2010.CASEY,Casey James to win American Idol,47,5.2,May/14/2010 20:09:25
713072,AI.2010.CASEY,Casey James to win American Idol,10,5.3,May/14/2010 20:09:25
713072,AI.2010.CASEY,Casey James to win American Idol,19,5.5,May/15/2010 01:28:55
713072,AI.2010.CASEY,Casey James to win American Idol,10,5.5,May/15/2010 11:19:38
713072,AI.2010.CASEY,Casey James to win American Idol,200,5.9,May/15/2010 15:03:43
713072,AI.2010.CASEY,Casey James to win American Idol,20,6.0,May/15/2010 15:20:50
713072,AI.2010.CASEY,Casey James to win American Idol,103,5.9,May/15/2010 15:20:50
713072,AI.2010.CASEY,Casey James to win American Idol,20,6.9,May/15/2010 19:45:46
713072,AI.2010.CASEY,Casey James to win American Idol,80,6.6,May/16/2010 01:53:12
713072,AI.2010.CASEY,Casey James to win American Idol,103,6.9,May/16/2010 02:05:02
713072,AI.2010.CASEY,Casey James to win American Idol,1,7.4,May/16/2010 17:47:48
713072,AI.2010.CASEY,Casey James to win American Idol,78,6.9,May/17/2010 14:05:18
713072,AI.2010.CASEY,Casey James to win American Idol,349,6.5,May/18/2010 13:37:06
713072,AI.2010.CASEY,Casey James to win American Idol,470,6.9,May/18/2010 14:11:16
713072,AI.2010.CASEY,Casey James to win American Idol,200,2.9,May/19/2010 01:12:13
713072,AI.2010.CASEY,Casey James to win American Idol,200,3.5,May/19/2010 01:12:13
713072,AI.2010.CASEY,Casey James to win American Idol,200,3.0,May/19/2010 01:12:13
713072,AI.2010.CASEY,Casey James to win American Idol,200,2.5,May/19/2010 01:18:09
713072,AI.2010.CASEY,Casey James to win American Idol,200,2.0,May/19/2010 01:32:32
713072,AI.2010.CASEY,Casey James to win American Idol,200,1.9,May/19/2010 01:33:37
713072,AI.2010.CASEY,Casey James to win American Idol,20,1.5,May/19/2010 02:20:18
713072,AI.2010.CASEY,Casey James to win American Idol,200,1.9,May/19/2010 08:40:31
713072,AI.2010.CASEY,Casey James to win American Idol,300,2.0,May/19/2010 08:40:31
713072,AI.2010.CASEY,Casey James to win American Idol,100,1.9,May/19/2010 21:08:19
713072,AI.2010.CASEY,Casey James to win American Idol,100,1.9,May/19/2010 21:09:09
713072,AI.2010.CASEY,Casey James to win American Idol,8,1.9,May/20/2010 00:08:28
713072,AI.2010.CASEY,Casey James to win American Idol,100,0.7,May/20/2010 01:59:00
713072,AI.2010.CASEY,Casey James to win American Idol,8,0.6,May/20/2010 02:00:52
713072,AI.2010.CASEY,Casey James to win American Idol,24,0.6,May/20/2010 02:09:02
713072,AI.2010.CASEY,Casey James to win American Idol,10,0.6,May/20/2010 12:45:42
713072,AI.2010.CASEY,Casey James to win American Idol,100,0.6,May/20/2010 14:36:11
713072,AI.2010.CASEY,Casey James to win American Idol,20,0.6,May/21/2010 00:08:55
713072,AI.2010.CASEY,Casey James to win American Idol,58,0.6,May/21/2010 00:08:55
713072,AI.2010.CASEY,Casey James to win American Idol,5,0.5,May/23/2010 19:15:50
713072,AI.2010.CASEY,Casey James to win American Idol,10,0.5,May/25/2010 20:00:54
713072,AI.2010.CASEY,Casey James to win American Idol,1,0.5,May/25/2010 20:23:06
713072,AI.2010.CASEY,Casey James to win American Idol,5,0.6,May/27/2010 02:57:26
