market id,market symbol,market name,trade quantity,trade price,date/time [utc]
713073,AI.2010.AARON,Aaron Kelly to win American Idol,20,3.0,Feb/19/2010 17:57:20
713073,AI.2010.AARON,Aaron Kelly to win American Idol,10,1.5,Feb/19/2010 23:40:13
713073,AI.2010.AARON,Aaron Kelly to win American Idol,10,7.0,Feb/19/2010 23:41:16
713073,AI.2010.AARON,Aaron Kelly to win American Idol,1,5.9,Feb/20/2010 00:38:14
713073,AI.2010.AARON,Aaron Kelly to win American Idol,2,3.5,Feb/24/2010 03:20:06
713073,AI.2010.AARON,Aaron Kelly to win American Idol,1,4.0,Feb/24/2010 03:20:06
713073,AI.2010.AARON,Aaron Kelly to win American Idol,2,2.9,Feb/24/2010 03:20:06
713073,AI.2010.AARON,Aaron Kelly to win American Idol,1,3.9,Feb/24/2010 03:20:06
713073,AI.2010.AARON,Aaron Kelly to win American Idol,2,4.4,Feb/24/2010 03:20:06
713073,AI.2010.AARON,Aaron Kelly to win American Idol,1,3.9,Feb/24/2010 03:20:06
713073,AI.2010.AARON,Aaron Kelly to win American Idol,2,3.9,Feb/24/2010 07:55:38
713073,AI.2010.AARON,Aaron Kelly to win American Idol,1,4.4,Feb/24/2010 07:56:11
713073,AI.2010.AARON,Aaron Kelly to win American Idol,2,4.4,Feb/24/2010 07:56:11
713073,AI.2010.AARON,Aaron Kelly to win American Idol,1,4.5,Feb/24/2010 07:56:55
713073,AI.2010.AARON,Aaron Kelly to win American Idol,1,4.5,Feb/24/2010 07:56:55
713073,AI.2010.AARON,Aaron Kelly to win American Idol,10,3.9,Feb/24/2010 11:26:18
713073,AI.2010.AARON,Aaron Kelly to win American Idol,2,2.9,Feb/25/2010 01:04:32
713073,AI.2010.AARON,Aaron Kelly to win American Idol,1,2.9,Feb/25/2010 01:04:32
713073,AI.2010.AARON,Aaron Kelly to win American Idol,4,3.5,Feb/25/2010 01:16:14
713073,AI.2010.AARON,Aaron Kelly to win American Idol,4,3.9,Feb/25/2010 01:19:41
713073,AI.2010.AARON,Aaron Kelly to win American Idol,2,3.9,Feb/25/2010 01:19:41
713073,AI.2010.AARON,Aaron Kelly to win American Idol,1,4.4,Feb/25/2010 01:32:24
713073,AI.2010.AARON,Aaron Kelly to win American Idol,2,4.0,Feb/25/2010 01:32:24
713073,AI.2010.AARON,Aaron Kelly to win American Idol,1,2.9,Feb/25/2010 03:19:17
713073,AI.2010.AARON,Aaron Kelly to win American Idol,3,2.9,Feb/25/2010 10:27:31
713073,AI.2010.AARON,Aaron Kelly to win American Idol,1,2.9,Feb/25/2010 10:27:31
713073,AI.2010.AARON,Aaron Kelly to win American Idol,1,3.4,Feb/25/2010 10:27:44
713073,AI.2010.AARON,Aaron Kelly to win American Idol,15,3.8,Feb/25/2010 13:06:57
713073,AI.2010.AARON,Aaron Kelly to win American Idol,3,3.7,Feb/26/2010 14:15:41
713073,AI.2010.AARON,Aaron Kelly to win American Idol,2,3.9,Feb/26/2010 14:16:29
713073,AI.2010.AARON,Aaron Kelly to win American Idol,2,4.0,Feb/26/2010 14:17:26
713073,AI.2010.AARON,Aaron Kelly to win American Idol,3,4.0,Feb/26/2010 14:17:26
713073,AI.2010.AARON,Aaron Kelly to win American Idol,4,4.0,Feb/26/2010 14:17:26
713073,AI.2010.AARON,Aaron Kelly to win American Idol,2,4.4,Feb/26/2010 23:54:41
713073,AI.2010.AARON,Aaron Kelly to win American Idol,1,4.3,Feb/26/2010 23:54:41
713073,AI.2010.AARON,Aaron Kelly to win American Idol,2,4.4,Feb/26/2010 23:54:41
713073,AI.2010.AARON,Aaron Kelly to win American Idol,3,3.9,Feb/26/2010 23:54:41
713073,AI.2010.AARON,Aaron Kelly to win American Idol,3,4.0,Feb/28/2010 15:49:24
713073,AI.2010.AARON,Aaron Kelly to win American Idol,4,4.0,Mar/01/2010 00:17:08
713073,AI.2010.AARON,Aaron Kelly to win American Idol,5,3.9,Mar/02/2010 01:41:08
713073,AI.2010.AARON,Aaron Kelly to win American Idol,4,4.0,Mar/02/2010 17:58:47
713073,AI.2010.AARON,Aaron Kelly to win American Idol,1,4.0,Mar/02/2010 18:35:03
713073,AI.2010.AARON,Aaron Kelly to win American Idol,20,4.0,Mar/03/2010 01:08:38
713073,AI.2010.AARON,Aaron Kelly to win American Idol,2,4.3,Mar/03/2010 01:44:02
713073,AI.2010.AARON,Aaron Kelly to win American Idol,2,4.4,Mar/03/2010 01:44:02
713073,AI.2010.AARON,Aaron Kelly to win American Idol,1,4.5,Mar/03/2010 01:44:02
713073,AI.2010.AARON,Aaron Kelly to win American Idol,4,4.0,Mar/03/2010 03:14:42
713073,AI.2010.AARON,Aaron Kelly to win American Idol,5,4.0,Mar/03/2010 03:24:58
713073,AI.2010.AARON,Aaron Kelly to win American Idol,5,4.0,Mar/03/2010 04:19:12
713073,AI.2010.AARON,Aaron Kelly to win American Idol,3,3.4,Mar/04/2010 02:54:13
713073,AI.2010.AARON,Aaron Kelly to win American Idol,5,2.3,Mar/08/2010 04:32:43
713073,AI.2010.AARON,Aaron Kelly to win American Idol,5,2.3,Mar/08/2010 04:58:13
713073,AI.2010.AARON,Aaron Kelly to win American Idol,1,1.0,Mar/08/2010 22:01:03
713073,AI.2010.AARON,Aaron Kelly to win American Idol,1,1.0,Mar/08/2010 22:01:14
713073,AI.2010.AARON,Aaron Kelly to win American Idol,1,1.0,Mar/08/2010 22:01:52
713073,AI.2010.AARON,Aaron Kelly to win American Idol,1,1.0,Mar/08/2010 22:02:05
713073,AI.2010.AARON,Aaron Kelly to win American Idol,1,1.0,Mar/08/2010 22:02:13
713073,AI.2010.AARON,Aaron Kelly to win American Idol,1,1.0,Mar/08/2010 22:02:21
713073,AI.2010.AARON,Aaron Kelly to win American Idol,1,1.0,Mar/08/2010 22:02:32
713073,AI.2010.AARON,Aaron Kelly to win American Idol,1,1.0,Mar/08/2010 22:02:36
713073,AI.2010.AARON,Aaron Kelly to win American Idol,1,1.0,Mar/08/2010 22:02:47
713073,AI.2010.AARON,Aaron Kelly to win American Idol,1,1.0,Mar/08/2010 22:03:23
713073,AI.2010.AARON,Aaron Kelly to win American Idol,1,1.0,Mar/08/2010 22:03:42
713073,AI.2010.AARON,Aaron Kelly to win American Idol,1,1.0,Mar/08/2010 22:04:05
713073,AI.2010.AARON,Aaron Kelly to win American Idol,1,1.0,Mar/08/2010 22:04:30
713073,AI.2010.AARON,Aaron Kelly to win American Idol,1,1.0,Mar/08/2010 22:04:39
713073,AI.2010.AARON,Aaron Kelly to win American Idol,1,1.0,Mar/08/2010 22:04:53
713073,AI.2010.AARON,Aaron Kelly to win American Idol,1,1.0,Mar/08/2010 22:05:22
713073,AI.2010.AARON,Aaron Kelly to win American Idol,1,1.0,Mar/08/2010 22:05:45
713073,AI.2010.AARON,Aaron Kelly to win American Idol,1,1.0,Mar/08/2010 22:05:57
713073,AI.2010.AARON,Aaron Kelly to win American Idol,1,1.0,Mar/08/2010 22:06:12
713073,AI.2010.AARON,Aaron Kelly to win American Idol,1,1.0,Mar/08/2010 22:06:34
713073,AI.2010.AARON,Aaron Kelly to win American Idol,1,1.0,Mar/08/2010 22:06:44
713073,AI.2010.AARON,Aaron Kelly to win American Idol,1,1.0,Mar/08/2010 22:07:09
713073,AI.2010.AARON,Aaron Kelly to win American Idol,1,1.0,Mar/08/2010 22:07:19
713073,AI.2010.AARON,Aaron Kelly to win American Idol,1,1.0,Mar/08/2010 22:07:28
713073,AI.2010.AARON,Aaron Kelly to win American Idol,1,1.0,Mar/08/2010 22:08:20
713073,AI.2010.AARON,Aaron Kelly to win American Idol,1,1.1,Mar/08/2010 22:49:41
713073,AI.2010.AARON,Aaron Kelly to win American Idol,1,1.1,Mar/08/2010 22:50:24
713073,AI.2010.AARON,Aaron Kelly to win American Idol,1,1.1,Mar/08/2010 22:50:37
713073,AI.2010.AARON,Aaron Kelly to win American Idol,1,1.1,Mar/09/2010 05:16:30
713073,AI.2010.AARON,Aaron Kelly to win American Idol,1,1.1,Mar/09/2010 05:16:54
713073,AI.2010.AARON,Aaron Kelly to win American Idol,1,1.1,Mar/09/2010 05:17:10
713073,AI.2010.AARON,Aaron Kelly to win American Idol,1,1.1,Mar/09/2010 05:17:50
713073,AI.2010.AARON,Aaron Kelly to win American Idol,1,1.1,Mar/09/2010 05:18:20
713073,AI.2010.AARON,Aaron Kelly to win American Idol,1,1.1,Mar/09/2010 05:18:27
713073,AI.2010.AARON,Aaron Kelly to win American Idol,1,1.1,Mar/09/2010 05:19:03
713073,AI.2010.AARON,Aaron Kelly to win American Idol,1,1.1,Mar/09/2010 05:19:14
713073,AI.2010.AARON,Aaron Kelly to win American Idol,2,1.7,Mar/09/2010 15:44:40
713073,AI.2010.AARON,Aaron Kelly to win American Idol,4,1.8,Mar/09/2010 15:45:10
713073,AI.2010.AARON,Aaron Kelly to win American Idol,14,1.9,Mar/09/2010 15:45:36
713073,AI.2010.AARON,Aaron Kelly to win American Idol,1,1.9,Mar/09/2010 15:45:36
713073,AI.2010.AARON,Aaron Kelly to win American Idol,5,1.9,Mar/09/2010 15:45:36
713073,AI.2010.AARON,Aaron Kelly to win American Idol,5,3.5,Mar/10/2010 00:03:51
713073,AI.2010.AARON,Aaron Kelly to win American Idol,5,2.5,Mar/10/2010 00:03:51
713073,AI.2010.AARON,Aaron Kelly to win American Idol,1,3.4,Mar/10/2010 00:03:51
713073,AI.2010.AARON,Aaron Kelly to win American Idol,4,3.0,Mar/10/2010 00:03:51
713073,AI.2010.AARON,Aaron Kelly to win American Idol,5,3.0,Mar/10/2010 00:03:51
713073,AI.2010.AARON,Aaron Kelly to win American Idol,1,3.8,Mar/10/2010 00:03:51
713073,AI.2010.AARON,Aaron Kelly to win American Idol,4,3.0,Mar/10/2010 00:03:51
713073,AI.2010.AARON,Aaron Kelly to win American Idol,5,2.9,Mar/10/2010 00:03:51
713073,AI.2010.AARON,Aaron Kelly to win American Idol,5,3.8,Mar/10/2010 00:03:51
713073,AI.2010.AARON,Aaron Kelly to win American Idol,5,3.9,Mar/10/2010 00:03:51
713073,AI.2010.AARON,Aaron Kelly to win American Idol,2,3.4,Mar/10/2010 00:03:51
713073,AI.2010.AARON,Aaron Kelly to win American Idol,3,3.5,Mar/10/2010 00:03:51
713073,AI.2010.AARON,Aaron Kelly to win American Idol,4,2.9,Mar/10/2010 00:03:51
713073,AI.2010.AARON,Aaron Kelly to win American Idol,1,3.4,Mar/10/2010 00:03:51
713073,AI.2010.AARON,Aaron Kelly to win American Idol,1,4.5,Mar/10/2010 00:03:51
713073,AI.2010.AARON,Aaron Kelly to win American Idol,1,3.9,Mar/10/2010 00:03:51
713073,AI.2010.AARON,Aaron Kelly to win American Idol,1,3.5,Mar/10/2010 00:03:51
713073,AI.2010.AARON,Aaron Kelly to win American Idol,1,2.9,Mar/10/2010 00:03:51
713073,AI.2010.AARON,Aaron Kelly to win American Idol,1,2.5,Mar/10/2010 00:03:51
713073,AI.2010.AARON,Aaron Kelly to win American Idol,4,2.8,Mar/10/2010 00:03:51
713073,AI.2010.AARON,Aaron Kelly to win American Idol,5,2.3,Mar/10/2010 00:03:51
713073,AI.2010.AARON,Aaron Kelly to win American Idol,25,2.4,Mar/10/2010 00:03:51
713073,AI.2010.AARON,Aaron Kelly to win American Idol,1,2.9,Mar/10/2010 00:03:51
713073,AI.2010.AARON,Aaron Kelly to win American Idol,1,2.5,Mar/10/2010 00:03:51
713073,AI.2010.AARON,Aaron Kelly to win American Idol,5,2.9,Mar/10/2010 00:03:51
713073,AI.2010.AARON,Aaron Kelly to win American Idol,10,4.9,Mar/10/2010 00:03:51
713073,AI.2010.AARON,Aaron Kelly to win American Idol,4,4.3,Mar/10/2010 00:03:51
713073,AI.2010.AARON,Aaron Kelly to win American Idol,3,4.3,Mar/10/2010 00:03:51
713073,AI.2010.AARON,Aaron Kelly to win American Idol,2,4.8,Mar/10/2010 00:03:51
713073,AI.2010.AARON,Aaron Kelly to win American Idol,1,4.7,Mar/10/2010 00:03:51
713073,AI.2010.AARON,Aaron Kelly to win American Idol,1,4.7,Mar/10/2010 00:03:51
713073,AI.2010.AARON,Aaron Kelly to win American Idol,1,5.0,Mar/10/2010 00:03:51
713073,AI.2010.AARON,Aaron Kelly to win American Idol,3,4.5,Mar/10/2010 00:03:51
713073,AI.2010.AARON,Aaron Kelly to win American Idol,2,4.7,Mar/10/2010 00:03:51
713073,AI.2010.AARON,Aaron Kelly to win American Idol,2,5.0,Mar/10/2010 00:03:51
713073,AI.2010.AARON,Aaron Kelly to win American Idol,20,5.0,Mar/10/2010 00:03:51
713073,AI.2010.AARON,Aaron Kelly to win American Idol,2,4.9,Mar/10/2010 00:03:51
713073,AI.2010.AARON,Aaron Kelly to win American Idol,1,4.9,Mar/10/2010 00:03:51
713073,AI.2010.AARON,Aaron Kelly to win American Idol,1,4.9,Mar/10/2010 00:03:51
713073,AI.2010.AARON,Aaron Kelly to win American Idol,1,4.9,Mar/10/2010 00:03:51
713073,AI.2010.AARON,Aaron Kelly to win American Idol,3,4.7,Mar/10/2010 00:03:51
713073,AI.2010.AARON,Aaron Kelly to win American Idol,3,4.4,Mar/10/2010 00:03:51
713073,AI.2010.AARON,Aaron Kelly to win American Idol,1,4.0,Mar/10/2010 00:03:51
713073,AI.2010.AARON,Aaron Kelly to win American Idol,1,4.9,Mar/10/2010 00:03:51
713073,AI.2010.AARON,Aaron Kelly to win American Idol,1,4.5,Mar/10/2010 00:03:51
713073,AI.2010.AARON,Aaron Kelly to win American Idol,1,3.9,Mar/10/2010 00:03:51
713073,AI.2010.AARON,Aaron Kelly to win American Idol,2,5.0,Mar/10/2010 00:03:51
713073,AI.2010.AARON,Aaron Kelly to win American Idol,3,4.8,Mar/10/2010 00:03:51
713073,AI.2010.AARON,Aaron Kelly to win American Idol,1,5.0,Mar/10/2010 00:03:51
713073,AI.2010.AARON,Aaron Kelly to win American Idol,4,3.9,Mar/10/2010 00:03:51
713073,AI.2010.AARON,Aaron Kelly to win American Idol,2,4.5,Mar/10/2010 00:03:51
713073,AI.2010.AARON,Aaron Kelly to win American Idol,5,4.0,Mar/10/2010 00:03:51
713073,AI.2010.AARON,Aaron Kelly to win American Idol,2,4.2,Mar/10/2010 00:03:51
713073,AI.2010.AARON,Aaron Kelly to win American Idol,1,4.9,Mar/10/2010 00:03:51
713073,AI.2010.AARON,Aaron Kelly to win American Idol,15,5.0,Mar/10/2010 00:04:11
713073,AI.2010.AARON,Aaron Kelly to win American Idol,5,5.0,Mar/10/2010 00:05:25
713073,AI.2010.AARON,Aaron Kelly to win American Idol,4,4.3,Mar/10/2010 06:58:06
713073,AI.2010.AARON,Aaron Kelly to win American Idol,1,4.5,Mar/10/2010 06:58:06
713073,AI.2010.AARON,Aaron Kelly to win American Idol,4,4.9,Mar/10/2010 06:58:06
713073,AI.2010.AARON,Aaron Kelly to win American Idol,5,4.0,Mar/10/2010 06:58:06
713073,AI.2010.AARON,Aaron Kelly to win American Idol,5,3.9,Mar/10/2010 06:58:06
713073,AI.2010.AARON,Aaron Kelly to win American Idol,1,5.0,Mar/10/2010 06:58:06
713073,AI.2010.AARON,Aaron Kelly to win American Idol,4,4.4,Mar/10/2010 06:58:06
713073,AI.2010.AARON,Aaron Kelly to win American Idol,15,4.5,Mar/10/2010 06:58:06
713073,AI.2010.AARON,Aaron Kelly to win American Idol,3,5.0,Mar/10/2010 06:58:06
713073,AI.2010.AARON,Aaron Kelly to win American Idol,2,4.5,Mar/10/2010 06:58:06
713073,AI.2010.AARON,Aaron Kelly to win American Idol,2,4.7,Mar/10/2010 06:58:06
713073,AI.2010.AARON,Aaron Kelly to win American Idol,1,5.0,Mar/10/2010 06:58:06
713073,AI.2010.AARON,Aaron Kelly to win American Idol,3,4.9,Mar/10/2010 06:58:06
713073,AI.2010.AARON,Aaron Kelly to win American Idol,1,1.6,Mar/10/2010 21:17:49
713073,AI.2010.AARON,Aaron Kelly to win American Idol,1,1.6,Mar/10/2010 21:44:49
713073,AI.2010.AARON,Aaron Kelly to win American Idol,1,1.6,Mar/10/2010 21:49:47
713073,AI.2010.AARON,Aaron Kelly to win American Idol,1,1.6,Mar/10/2010 21:49:58
713073,AI.2010.AARON,Aaron Kelly to win American Idol,2,1.6,Mar/10/2010 21:52:55
713073,AI.2010.AARON,Aaron Kelly to win American Idol,1,1.6,Mar/10/2010 21:53:06
713073,AI.2010.AARON,Aaron Kelly to win American Idol,1,1.6,Mar/10/2010 21:53:17
713073,AI.2010.AARON,Aaron Kelly to win American Idol,2,1.6,Mar/10/2010 21:53:28
713073,AI.2010.AARON,Aaron Kelly to win American Idol,1,1.6,Mar/10/2010 21:53:40
713073,AI.2010.AARON,Aaron Kelly to win American Idol,1,1.7,Mar/11/2010 07:28:39
713073,AI.2010.AARON,Aaron Kelly to win American Idol,1,1.8,Mar/11/2010 07:28:47
713073,AI.2010.AARON,Aaron Kelly to win American Idol,4,1.9,Mar/11/2010 07:28:57
713073,AI.2010.AARON,Aaron Kelly to win American Idol,20,1.5,Mar/12/2010 01:32:24
713073,AI.2010.AARON,Aaron Kelly to win American Idol,5,3.4,Mar/13/2010 04:25:07
713073,AI.2010.AARON,Aaron Kelly to win American Idol,4,3.5,Mar/13/2010 04:25:29
713073,AI.2010.AARON,Aaron Kelly to win American Idol,1,3.5,Mar/13/2010 04:25:29
713073,AI.2010.AARON,Aaron Kelly to win American Idol,1,3.9,Mar/13/2010 04:25:43
713073,AI.2010.AARON,Aaron Kelly to win American Idol,3,3.9,Mar/13/2010 04:25:43
713073,AI.2010.AARON,Aaron Kelly to win American Idol,1,3.9,Mar/13/2010 04:25:43
713073,AI.2010.AARON,Aaron Kelly to win American Idol,2,3.9,Mar/13/2010 04:25:43
713073,AI.2010.AARON,Aaron Kelly to win American Idol,1,4.0,Mar/13/2010 04:26:01
713073,AI.2010.AARON,Aaron Kelly to win American Idol,1,4.0,Mar/13/2010 04:26:01
713073,AI.2010.AARON,Aaron Kelly to win American Idol,1,4.0,Mar/13/2010 04:26:01
713073,AI.2010.AARON,Aaron Kelly to win American Idol,2,4.0,Mar/13/2010 04:26:01
713073,AI.2010.AARON,Aaron Kelly to win American Idol,5,4.2,Mar/13/2010 04:26:30
713073,AI.2010.AARON,Aaron Kelly to win American Idol,10,4.3,Mar/13/2010 04:26:52
713073,AI.2010.AARON,Aaron Kelly to win American Idol,500,4.4,Mar/13/2010 04:28:48
713073,AI.2010.AARON,Aaron Kelly to win American Idol,1,4.2,Mar/16/2010 22:29:28
713073,AI.2010.AARON,Aaron Kelly to win American Idol,1,4.0,Mar/16/2010 22:29:28
713073,AI.2010.AARON,Aaron Kelly to win American Idol,4,4.2,Mar/16/2010 22:29:28
713073,AI.2010.AARON,Aaron Kelly to win American Idol,10,4.0,Mar/16/2010 22:29:28
713073,AI.2010.AARON,Aaron Kelly to win American Idol,1,2.0,Mar/16/2010 23:27:10
713073,AI.2010.AARON,Aaron Kelly to win American Idol,48,2.1,Mar/17/2010 01:14:50
713073,AI.2010.AARON,Aaron Kelly to win American Idol,20,3.8,Mar/17/2010 04:01:56
713073,AI.2010.AARON,Aaron Kelly to win American Idol,5,3.6,Mar/17/2010 04:01:56
713073,AI.2010.AARON,Aaron Kelly to win American Idol,20,3.9,Mar/17/2010 04:01:56
713073,AI.2010.AARON,Aaron Kelly to win American Idol,1,3.5,Mar/17/2010 06:01:45
713073,AI.2010.AARON,Aaron Kelly to win American Idol,4,3.5,Mar/17/2010 12:47:59
713073,AI.2010.AARON,Aaron Kelly to win American Idol,1,3.5,Mar/17/2010 12:49:11
713073,AI.2010.AARON,Aaron Kelly to win American Idol,1,3.7,Mar/17/2010 19:10:12
713073,AI.2010.AARON,Aaron Kelly to win American Idol,1,3.7,Mar/17/2010 19:48:27
713073,AI.2010.AARON,Aaron Kelly to win American Idol,2,3.7,Mar/17/2010 19:48:39
713073,AI.2010.AARON,Aaron Kelly to win American Idol,1,3.7,Mar/17/2010 19:49:57
713073,AI.2010.AARON,Aaron Kelly to win American Idol,1,3.8,Mar/18/2010 13:12:48
713073,AI.2010.AARON,Aaron Kelly to win American Idol,20,3.9,Mar/18/2010 13:12:48
713073,AI.2010.AARON,Aaron Kelly to win American Idol,2,3.9,Mar/18/2010 13:12:48
713073,AI.2010.AARON,Aaron Kelly to win American Idol,1,4.5,Mar/19/2010 00:31:18
713073,AI.2010.AARON,Aaron Kelly to win American Idol,1,4.9,Mar/19/2010 00:31:18
713073,AI.2010.AARON,Aaron Kelly to win American Idol,2,4.7,Mar/19/2010 00:31:18
713073,AI.2010.AARON,Aaron Kelly to win American Idol,1,4.9,Mar/19/2010 00:31:18
713073,AI.2010.AARON,Aaron Kelly to win American Idol,1,5.0,Mar/19/2010 00:31:18
713073,AI.2010.AARON,Aaron Kelly to win American Idol,1,5.0,Mar/19/2010 00:31:18
713073,AI.2010.AARON,Aaron Kelly to win American Idol,1,5.0,Mar/19/2010 00:31:18
713073,AI.2010.AARON,Aaron Kelly to win American Idol,20,5.0,Mar/19/2010 00:31:18
713073,AI.2010.AARON,Aaron Kelly to win American Idol,3,5.0,Mar/19/2010 00:31:18
713073,AI.2010.AARON,Aaron Kelly to win American Idol,1,4.8,Mar/19/2010 00:31:18
713073,AI.2010.AARON,Aaron Kelly to win American Idol,2,4.9,Mar/19/2010 00:31:18
713073,AI.2010.AARON,Aaron Kelly to win American Idol,1,4.9,Mar/19/2010 00:31:18
713073,AI.2010.AARON,Aaron Kelly to win American Idol,1,4.8,Mar/19/2010 00:31:18
713073,AI.2010.AARON,Aaron Kelly to win American Idol,19,4.9,Mar/19/2010 00:31:18
713073,AI.2010.AARON,Aaron Kelly to win American Idol,1,4.0,Mar/20/2010 10:01:25
713073,AI.2010.AARON,Aaron Kelly to win American Idol,1,3.9,Mar/21/2010 03:07:23
713073,AI.2010.AARON,Aaron Kelly to win American Idol,1,3.9,Mar/21/2010 03:07:34
713073,AI.2010.AARON,Aaron Kelly to win American Idol,2,3.9,Mar/21/2010 03:07:45
713073,AI.2010.AARON,Aaron Kelly to win American Idol,1,3.9,Mar/21/2010 03:07:57
713073,AI.2010.AARON,Aaron Kelly to win American Idol,2,3.9,Mar/21/2010 03:08:08
713073,AI.2010.AARON,Aaron Kelly to win American Idol,1,3.9,Mar/21/2010 03:08:19
713073,AI.2010.AARON,Aaron Kelly to win American Idol,2,3.9,Mar/21/2010 03:08:31
713073,AI.2010.AARON,Aaron Kelly to win American Idol,2,3.9,Mar/21/2010 03:08:42
713073,AI.2010.AARON,Aaron Kelly to win American Idol,2,3.9,Mar/21/2010 03:08:53
713073,AI.2010.AARON,Aaron Kelly to win American Idol,2,3.9,Mar/21/2010 03:09:04
713073,AI.2010.AARON,Aaron Kelly to win American Idol,1,3.9,Mar/21/2010 03:21:18
713073,AI.2010.AARON,Aaron Kelly to win American Idol,5,3.9,Mar/21/2010 03:21:29
713073,AI.2010.AARON,Aaron Kelly to win American Idol,2,3.9,Mar/21/2010 03:21:41
713073,AI.2010.AARON,Aaron Kelly to win American Idol,1,3.9,Mar/21/2010 03:21:52
713073,AI.2010.AARON,Aaron Kelly to win American Idol,1,3.9,Mar/21/2010 03:22:03
713073,AI.2010.AARON,Aaron Kelly to win American Idol,1,3.9,Mar/21/2010 04:11:19
713073,AI.2010.AARON,Aaron Kelly to win American Idol,1,3.2,Mar/21/2010 05:40:06
713073,AI.2010.AARON,Aaron Kelly to win American Idol,1,3.2,Mar/21/2010 05:40:23
713073,AI.2010.AARON,Aaron Kelly to win American Idol,1,3.7,Mar/22/2010 14:43:11
713073,AI.2010.AARON,Aaron Kelly to win American Idol,1,3.6,Mar/23/2010 01:17:31
713073,AI.2010.AARON,Aaron Kelly to win American Idol,1,3.6,Mar/23/2010 01:19:35
713073,AI.2010.AARON,Aaron Kelly to win American Idol,2,3.6,Mar/23/2010 01:39:43
713073,AI.2010.AARON,Aaron Kelly to win American Idol,2,3.6,Mar/23/2010 01:39:54
713073,AI.2010.AARON,Aaron Kelly to win American Idol,3,3.6,Mar/23/2010 01:40:05
713073,AI.2010.AARON,Aaron Kelly to win American Idol,3,3.6,Mar/23/2010 01:40:16
713073,AI.2010.AARON,Aaron Kelly to win American Idol,2,3.6,Mar/23/2010 01:40:28
713073,AI.2010.AARON,Aaron Kelly to win American Idol,3,3.5,Mar/23/2010 01:43:00
713073,AI.2010.AARON,Aaron Kelly to win American Idol,2,3.5,Mar/23/2010 01:43:12
713073,AI.2010.AARON,Aaron Kelly to win American Idol,3,3.5,Mar/23/2010 01:43:40
713073,AI.2010.AARON,Aaron Kelly to win American Idol,1,3.5,Mar/23/2010 01:44:05
713073,AI.2010.AARON,Aaron Kelly to win American Idol,2,3.5,Mar/23/2010 01:47:58
713073,AI.2010.AARON,Aaron Kelly to win American Idol,2,3.5,Mar/23/2010 04:43:54
713073,AI.2010.AARON,Aaron Kelly to win American Idol,180,3.6,Mar/23/2010 14:37:23
713073,AI.2010.AARON,Aaron Kelly to win American Idol,1,3.6,Mar/23/2010 14:37:23
713073,AI.2010.AARON,Aaron Kelly to win American Idol,1,3.5,Mar/23/2010 15:13:16
713073,AI.2010.AARON,Aaron Kelly to win American Idol,1,3.5,Mar/23/2010 15:23:24
713073,AI.2010.AARON,Aaron Kelly to win American Idol,1,3.5,Mar/23/2010 15:23:35
713073,AI.2010.AARON,Aaron Kelly to win American Idol,3,3.5,Mar/23/2010 15:23:46
713073,AI.2010.AARON,Aaron Kelly to win American Idol,1,3.5,Mar/23/2010 15:23:58
713073,AI.2010.AARON,Aaron Kelly to win American Idol,3,3.7,Mar/23/2010 18:28:28
713073,AI.2010.AARON,Aaron Kelly to win American Idol,2,3.6,Mar/23/2010 18:28:28
713073,AI.2010.AARON,Aaron Kelly to win American Idol,63,3.9,Mar/23/2010 18:28:28
713073,AI.2010.AARON,Aaron Kelly to win American Idol,30,3.8,Mar/23/2010 18:28:28
713073,AI.2010.AARON,Aaron Kelly to win American Idol,1,3.7,Mar/23/2010 18:28:28
713073,AI.2010.AARON,Aaron Kelly to win American Idol,1,3.9,Mar/23/2010 18:28:28
713073,AI.2010.AARON,Aaron Kelly to win American Idol,43,3.5,Mar/23/2010 22:04:02
713073,AI.2010.AARON,Aaron Kelly to win American Idol,45,3.5,Mar/23/2010 22:13:59
713073,AI.2010.AARON,Aaron Kelly to win American Idol,1,4.1,Mar/24/2010 16:03:49
713073,AI.2010.AARON,Aaron Kelly to win American Idol,2,4.4,Mar/24/2010 16:03:49
713073,AI.2010.AARON,Aaron Kelly to win American Idol,2,4.3,Mar/24/2010 16:03:49
713073,AI.2010.AARON,Aaron Kelly to win American Idol,2,4.5,Mar/24/2010 16:04:38
713073,AI.2010.AARON,Aaron Kelly to win American Idol,1,4.5,Mar/24/2010 16:04:38
713073,AI.2010.AARON,Aaron Kelly to win American Idol,1,4.5,Mar/24/2010 16:04:38
713073,AI.2010.AARON,Aaron Kelly to win American Idol,2,4.7,Mar/24/2010 16:06:32
713073,AI.2010.AARON,Aaron Kelly to win American Idol,2,4.7,Mar/24/2010 16:06:32
713073,AI.2010.AARON,Aaron Kelly to win American Idol,1,4.6,Mar/24/2010 16:06:32
713073,AI.2010.AARON,Aaron Kelly to win American Idol,1,4.5,Mar/24/2010 16:38:35
713073,AI.2010.AARON,Aaron Kelly to win American Idol,1,4.5,Mar/24/2010 16:38:35
713073,AI.2010.AARON,Aaron Kelly to win American Idol,2,4.5,Mar/24/2010 16:43:59
713073,AI.2010.AARON,Aaron Kelly to win American Idol,2,4.5,Mar/24/2010 16:47:37
713073,AI.2010.AARON,Aaron Kelly to win American Idol,1,4.6,Mar/24/2010 17:56:13
713073,AI.2010.AARON,Aaron Kelly to win American Idol,4,4.6,Mar/24/2010 17:56:13
713073,AI.2010.AARON,Aaron Kelly to win American Idol,1,4.4,Mar/24/2010 22:42:29
713073,AI.2010.AARON,Aaron Kelly to win American Idol,1,4.2,Mar/24/2010 22:42:29
713073,AI.2010.AARON,Aaron Kelly to win American Idol,10,4.5,Mar/24/2010 22:42:29
713073,AI.2010.AARON,Aaron Kelly to win American Idol,1,4.5,Mar/24/2010 22:42:29
713073,AI.2010.AARON,Aaron Kelly to win American Idol,5,4.7,Mar/24/2010 22:42:29
713073,AI.2010.AARON,Aaron Kelly to win American Idol,5,4.6,Mar/24/2010 22:42:29
713073,AI.2010.AARON,Aaron Kelly to win American Idol,1,4.7,Mar/24/2010 22:42:29
713073,AI.2010.AARON,Aaron Kelly to win American Idol,1,4.5,Mar/25/2010 01:13:12
713073,AI.2010.AARON,Aaron Kelly to win American Idol,1,4.5,Mar/25/2010 01:13:12
713073,AI.2010.AARON,Aaron Kelly to win American Idol,1,4.5,Mar/25/2010 01:13:12
713073,AI.2010.AARON,Aaron Kelly to win American Idol,20,4.5,Mar/25/2010 01:13:12
713073,AI.2010.AARON,Aaron Kelly to win American Idol,1,4.5,Mar/25/2010 01:37:52
713073,AI.2010.AARON,Aaron Kelly to win American Idol,1,4.5,Mar/25/2010 01:37:52
713073,AI.2010.AARON,Aaron Kelly to win American Idol,1,4.7,Mar/25/2010 01:39:40
713073,AI.2010.AARON,Aaron Kelly to win American Idol,1,4.7,Mar/25/2010 01:39:40
713073,AI.2010.AARON,Aaron Kelly to win American Idol,1,4.6,Mar/25/2010 01:39:40
713073,AI.2010.AARON,Aaron Kelly to win American Idol,2,4.8,Mar/25/2010 01:56:38
713073,AI.2010.AARON,Aaron Kelly to win American Idol,1,4.8,Mar/25/2010 01:56:38
713073,AI.2010.AARON,Aaron Kelly to win American Idol,30,4.8,Mar/25/2010 01:56:38
713073,AI.2010.AARON,Aaron Kelly to win American Idol,2,4.9,Mar/25/2010 01:57:58
713073,AI.2010.AARON,Aaron Kelly to win American Idol,1,4.9,Mar/25/2010 01:57:58
713073,AI.2010.AARON,Aaron Kelly to win American Idol,1,4.9,Mar/25/2010 01:57:58
713073,AI.2010.AARON,Aaron Kelly to win American Idol,1,4.9,Mar/25/2010 01:57:58
713073,AI.2010.AARON,Aaron Kelly to win American Idol,20,5.0,Mar/25/2010 01:59:58
713073,AI.2010.AARON,Aaron Kelly to win American Idol,2,4.8,Mar/25/2010 02:39:05
713073,AI.2010.AARON,Aaron Kelly to win American Idol,10,4.7,Mar/25/2010 04:16:31
713073,AI.2010.AARON,Aaron Kelly to win American Idol,3,4.7,Mar/25/2010 04:16:31
713073,AI.2010.AARON,Aaron Kelly to win American Idol,2,4.7,Mar/25/2010 14:57:10
713073,AI.2010.AARON,Aaron Kelly to win American Idol,2,4.9,Mar/25/2010 15:46:32
713073,AI.2010.AARON,Aaron Kelly to win American Idol,10,5.0,Mar/25/2010 15:46:32
713073,AI.2010.AARON,Aaron Kelly to win American Idol,18,5.0,Mar/25/2010 15:46:32
713073,AI.2010.AARON,Aaron Kelly to win American Idol,30,5.4,Mar/25/2010 16:43:23
713073,AI.2010.AARON,Aaron Kelly to win American Idol,20,5.2,Mar/25/2010 16:43:23
713073,AI.2010.AARON,Aaron Kelly to win American Idol,10,5.1,Mar/25/2010 16:43:23
713073,AI.2010.AARON,Aaron Kelly to win American Idol,1,5.4,Mar/25/2010 16:43:23
713073,AI.2010.AARON,Aaron Kelly to win American Idol,1,5.0,Mar/25/2010 21:40:42
713073,AI.2010.AARON,Aaron Kelly to win American Idol,2,5.3,Mar/25/2010 21:55:06
713073,AI.2010.AARON,Aaron Kelly to win American Idol,146,5.4,Mar/25/2010 21:55:06
713073,AI.2010.AARON,Aaron Kelly to win American Idol,2,5.1,Mar/25/2010 21:55:06
713073,AI.2010.AARON,Aaron Kelly to win American Idol,4,5.0,Mar/26/2010 04:04:30
713073,AI.2010.AARON,Aaron Kelly to win American Idol,4,4.4,Mar/26/2010 14:07:40
713073,AI.2010.AARON,Aaron Kelly to win American Idol,1,4.2,Mar/27/2010 00:01:43
713073,AI.2010.AARON,Aaron Kelly to win American Idol,25,4.5,Mar/27/2010 00:18:40
713073,AI.2010.AARON,Aaron Kelly to win American Idol,5,4.7,Mar/27/2010 02:06:52
713073,AI.2010.AARON,Aaron Kelly to win American Idol,10,4.6,Mar/28/2010 06:34:22
713073,AI.2010.AARON,Aaron Kelly to win American Idol,116,4.5,Mar/28/2010 06:34:31
713073,AI.2010.AARON,Aaron Kelly to win American Idol,18,4.6,Mar/28/2010 12:16:40
713073,AI.2010.AARON,Aaron Kelly to win American Idol,32,4.6,Mar/28/2010 12:24:36
713073,AI.2010.AARON,Aaron Kelly to win American Idol,5,4.7,Mar/28/2010 12:25:00
713073,AI.2010.AARON,Aaron Kelly to win American Idol,38,4.7,Mar/28/2010 12:25:00
713073,AI.2010.AARON,Aaron Kelly to win American Idol,25,4.7,Mar/28/2010 12:25:00
713073,AI.2010.AARON,Aaron Kelly to win American Idol,300,4.1,Mar/28/2010 19:03:17
713073,AI.2010.AARON,Aaron Kelly to win American Idol,10,4.0,Mar/29/2010 01:48:00
713073,AI.2010.AARON,Aaron Kelly to win American Idol,35,3.0,Mar/29/2010 19:06:49
713073,AI.2010.AARON,Aaron Kelly to win American Idol,100,3.1,Mar/29/2010 19:06:49
713073,AI.2010.AARON,Aaron Kelly to win American Idol,10,3.0,Mar/29/2010 19:06:49
713073,AI.2010.AARON,Aaron Kelly to win American Idol,2,3.6,Mar/29/2010 20:44:58
713073,AI.2010.AARON,Aaron Kelly to win American Idol,2,3.8,Mar/29/2010 20:45:11
713073,AI.2010.AARON,Aaron Kelly to win American Idol,2,3.8,Mar/29/2010 20:45:11
713073,AI.2010.AARON,Aaron Kelly to win American Idol,94,3.9,Mar/29/2010 20:45:37
713073,AI.2010.AARON,Aaron Kelly to win American Idol,2,3.9,Mar/29/2010 20:50:09
713073,AI.2010.AARON,Aaron Kelly to win American Idol,96,3.9,Mar/29/2010 20:50:09
713073,AI.2010.AARON,Aaron Kelly to win American Idol,1,4.0,Mar/30/2010 01:47:13
713073,AI.2010.AARON,Aaron Kelly to win American Idol,2,3.9,Mar/30/2010 01:47:13
713073,AI.2010.AARON,Aaron Kelly to win American Idol,2,3.5,Mar/30/2010 01:47:13
713073,AI.2010.AARON,Aaron Kelly to win American Idol,4,4.0,Mar/30/2010 02:11:15
713073,AI.2010.AARON,Aaron Kelly to win American Idol,3,4.5,Mar/30/2010 23:30:05
713073,AI.2010.AARON,Aaron Kelly to win American Idol,2,4.4,Mar/30/2010 23:30:05
713073,AI.2010.AARON,Aaron Kelly to win American Idol,2,4.3,Mar/30/2010 23:30:05
713073,AI.2010.AARON,Aaron Kelly to win American Idol,1,4.1,Mar/30/2010 23:30:05
713073,AI.2010.AARON,Aaron Kelly to win American Idol,1,4.5,Mar/31/2010 01:24:05
713073,AI.2010.AARON,Aaron Kelly to win American Idol,5,4.5,Mar/31/2010 01:44:06
713073,AI.2010.AARON,Aaron Kelly to win American Idol,5,4.5,Mar/31/2010 01:47:26
713073,AI.2010.AARON,Aaron Kelly to win American Idol,5,4.5,Mar/31/2010 01:50:30
713073,AI.2010.AARON,Aaron Kelly to win American Idol,2,4.9,Mar/31/2010 01:56:13
713073,AI.2010.AARON,Aaron Kelly to win American Idol,2,4.9,Mar/31/2010 01:56:13
713073,AI.2010.AARON,Aaron Kelly to win American Idol,1,4.8,Mar/31/2010 01:56:13
713073,AI.2010.AARON,Aaron Kelly to win American Idol,1,4.9,Mar/31/2010 01:56:13
713073,AI.2010.AARON,Aaron Kelly to win American Idol,2,5.0,Mar/31/2010 01:56:13
713073,AI.2010.AARON,Aaron Kelly to win American Idol,90,3.0,Mar/31/2010 03:57:38
713073,AI.2010.AARON,Aaron Kelly to win American Idol,1,3.0,Mar/31/2010 07:07:13
713073,AI.2010.AARON,Aaron Kelly to win American Idol,2,2.9,Mar/31/2010 07:07:13
713073,AI.2010.AARON,Aaron Kelly to win American Idol,3,2.1,Mar/31/2010 14:14:24
713073,AI.2010.AARON,Aaron Kelly to win American Idol,5,2.0,Mar/31/2010 16:19:05
713073,AI.2010.AARON,Aaron Kelly to win American Idol,25,2.0,Mar/31/2010 16:23:34
713073,AI.2010.AARON,Aaron Kelly to win American Idol,2,2.1,Mar/31/2010 19:25:56
713073,AI.2010.AARON,Aaron Kelly to win American Idol,5,2.1,Mar/31/2010 19:25:56
713073,AI.2010.AARON,Aaron Kelly to win American Idol,5,2.2,Mar/31/2010 19:31:24
713073,AI.2010.AARON,Aaron Kelly to win American Idol,6,2.3,Mar/31/2010 19:31:36
713073,AI.2010.AARON,Aaron Kelly to win American Idol,70,2.4,Mar/31/2010 19:31:50
713073,AI.2010.AARON,Aaron Kelly to win American Idol,2,2.5,Mar/31/2010 19:33:38
713073,AI.2010.AARON,Aaron Kelly to win American Idol,1,2.5,Mar/31/2010 19:33:38
713073,AI.2010.AARON,Aaron Kelly to win American Idol,1,2.7,Mar/31/2010 19:33:49
713073,AI.2010.AARON,Aaron Kelly to win American Idol,4,2.7,Mar/31/2010 19:33:49
713073,AI.2010.AARON,Aaron Kelly to win American Idol,3,2.8,Mar/31/2010 19:34:09
713073,AI.2010.AARON,Aaron Kelly to win American Idol,4,2.9,Mar/31/2010 19:34:30
713073,AI.2010.AARON,Aaron Kelly to win American Idol,4,2.9,Mar/31/2010 19:34:30
713073,AI.2010.AARON,Aaron Kelly to win American Idol,50,3.0,Mar/31/2010 19:34:47
713073,AI.2010.AARON,Aaron Kelly to win American Idol,1,3.0,Mar/31/2010 19:34:47
713073,AI.2010.AARON,Aaron Kelly to win American Idol,49,3.1,Mar/31/2010 19:35:01
713073,AI.2010.AARON,Aaron Kelly to win American Idol,58,3.1,Mar/31/2010 19:42:14
713073,AI.2010.AARON,Aaron Kelly to win American Idol,2,3.4,Mar/31/2010 19:43:43
713073,AI.2010.AARON,Aaron Kelly to win American Idol,2,3.2,Mar/31/2010 19:43:43
713073,AI.2010.AARON,Aaron Kelly to win American Idol,96,3.4,Mar/31/2010 19:43:43
713073,AI.2010.AARON,Aaron Kelly to win American Idol,2,3.1,Apr/01/2010 01:54:25
713073,AI.2010.AARON,Aaron Kelly to win American Idol,4,2.6,Apr/01/2010 21:54:03
713073,AI.2010.AARON,Aaron Kelly to win American Idol,5,2.6,Apr/04/2010 03:09:23
713073,AI.2010.AARON,Aaron Kelly to win American Idol,3,2.9,Apr/04/2010 03:09:23
713073,AI.2010.AARON,Aaron Kelly to win American Idol,1,3.0,Apr/04/2010 03:10:33
713073,AI.2010.AARON,Aaron Kelly to win American Idol,5,3.0,Apr/04/2010 03:10:33
713073,AI.2010.AARON,Aaron Kelly to win American Idol,4,3.1,Apr/05/2010 04:33:06
713073,AI.2010.AARON,Aaron Kelly to win American Idol,100,3.0,Apr/05/2010 23:21:38
713073,AI.2010.AARON,Aaron Kelly to win American Idol,50,3.0,Apr/06/2010 01:52:20
713073,AI.2010.AARON,Aaron Kelly to win American Idol,4,2.9,Apr/06/2010 16:54:52
713073,AI.2010.AARON,Aaron Kelly to win American Idol,3,3.0,Apr/06/2010 22:08:43
713073,AI.2010.AARON,Aaron Kelly to win American Idol,693,3.0,Apr/07/2010 12:22:14
713073,AI.2010.AARON,Aaron Kelly to win American Idol,80,2.0,Apr/07/2010 12:34:14
713073,AI.2010.AARON,Aaron Kelly to win American Idol,20,2.0,Apr/07/2010 12:34:14
713073,AI.2010.AARON,Aaron Kelly to win American Idol,10,0.6,Apr/07/2010 16:23:16
713073,AI.2010.AARON,Aaron Kelly to win American Idol,90,0.5,Apr/07/2010 16:23:52
713073,AI.2010.AARON,Aaron Kelly to win American Idol,100,0.7,Apr/08/2010 02:33:33
713073,AI.2010.AARON,Aaron Kelly to win American Idol,10,1.1,Apr/08/2010 02:56:22
713073,AI.2010.AARON,Aaron Kelly to win American Idol,10,1.1,Apr/08/2010 13:21:25
713073,AI.2010.AARON,Aaron Kelly to win American Idol,10,1.1,Apr/10/2010 18:53:11
713073,AI.2010.AARON,Aaron Kelly to win American Idol,34,0.7,Apr/11/2010 20:44:59
713073,AI.2010.AARON,Aaron Kelly to win American Idol,99,0.7,Apr/16/2010 00:13:04
713073,AI.2010.AARON,Aaron Kelly to win American Idol,1,0.7,Apr/16/2010 00:13:04
713073,AI.2010.AARON,Aaron Kelly to win American Idol,67,0.7,Apr/21/2010 01:07:04
713073,AI.2010.AARON,Aaron Kelly to win American Idol,233,0.6,Apr/21/2010 01:11:05
713073,AI.2010.AARON,Aaron Kelly to win American Idol,5,0.9,Apr/23/2010 16:34:52
713073,AI.2010.AARON,Aaron Kelly to win American Idol,1,0.8,Apr/28/2010 02:08:07
713073,AI.2010.AARON,Aaron Kelly to win American Idol,500,1.0,Apr/28/2010 02:08:07
713073,AI.2010.AARON,Aaron Kelly to win American Idol,5,0.9,Apr/28/2010 02:08:07
713073,AI.2010.AARON,Aaron Kelly to win American Idol,5,0.9,Apr/28/2010 02:08:07
713073,AI.2010.AARON,Aaron Kelly to win American Idol,5,1.2,Apr/28/2010 02:08:42
713073,AI.2010.AARON,Aaron Kelly to win American Idol,5,1.1,Apr/28/2010 02:08:42
713073,AI.2010.AARON,Aaron Kelly to win American Idol,5,1.1,Apr/28/2010 02:08:42
713073,AI.2010.AARON,Aaron Kelly to win American Idol,5,1.1,Apr/28/2010 02:08:42
713073,AI.2010.AARON,Aaron Kelly to win American Idol,10,1.2,Apr/28/2010 02:08:42
713073,AI.2010.AARON,Aaron Kelly to win American Idol,10,1.2,Apr/28/2010 02:08:42
713073,AI.2010.AARON,Aaron Kelly to win American Idol,10,1.2,Apr/28/2010 02:17:48
713073,AI.2010.AARON,Aaron Kelly to win American Idol,25,1.1,Apr/28/2010 02:18:05
713073,AI.2010.AARON,Aaron Kelly to win American Idol,10,1.1,Apr/28/2010 03:54:01
713073,AI.2010.AARON,Aaron Kelly to win American Idol,40,1.1,Apr/28/2010 05:47:58
713073,AI.2010.AARON,Aaron Kelly to win American Idol,10,1.4,Apr/28/2010 05:47:58
713073,AI.2010.AARON,Aaron Kelly to win American Idol,10,1.5,Apr/28/2010 05:47:58
713073,AI.2010.AARON,Aaron Kelly to win American Idol,75,1.3,Apr/28/2010 05:47:58
713073,AI.2010.AARON,Aaron Kelly to win American Idol,10,1.2,Apr/28/2010 05:47:58
713073,AI.2010.AARON,Aaron Kelly to win American Idol,75,1.4,Apr/28/2010 05:47:58
713073,AI.2010.AARON,Aaron Kelly to win American Idol,75,1.5,Apr/28/2010 05:47:58
713073,AI.2010.AARON,Aaron Kelly to win American Idol,10,1.3,Apr/28/2010 05:47:58
713073,AI.2010.AARON,Aaron Kelly to win American Idol,5,1.4,Apr/28/2010 05:47:58
713073,AI.2010.AARON,Aaron Kelly to win American Idol,10,1.5,Apr/28/2010 05:47:58
713073,AI.2010.AARON,Aaron Kelly to win American Idol,10,1.4,Apr/28/2010 05:47:58
713073,AI.2010.AARON,Aaron Kelly to win American Idol,10,1.3,Apr/28/2010 05:47:58
713073,AI.2010.AARON,Aaron Kelly to win American Idol,10,1.6,Apr/28/2010 05:48:20
713073,AI.2010.AARON,Aaron Kelly to win American Idol,5,1.7,Apr/28/2010 05:48:20
713073,AI.2010.AARON,Aaron Kelly to win American Idol,5,1.6,Apr/28/2010 05:48:20
713073,AI.2010.AARON,Aaron Kelly to win American Idol,75,1.6,Apr/28/2010 05:48:20
713073,AI.2010.AARON,Aaron Kelly to win American Idol,100,1.7,Apr/28/2010 05:48:20
713073,AI.2010.AARON,Aaron Kelly to win American Idol,10,1.7,Apr/28/2010 05:48:20
713073,AI.2010.AARON,Aaron Kelly to win American Idol,10,1.7,Apr/28/2010 05:48:20
713073,AI.2010.AARON,Aaron Kelly to win American Idol,10,1.6,Apr/28/2010 05:48:20
713073,AI.2010.AARON,Aaron Kelly to win American Idol,4,1.7,Apr/28/2010 05:48:20
713073,AI.2010.AARON,Aaron Kelly to win American Idol,2,2.0,Apr/28/2010 05:58:25
713073,AI.2010.AARON,Aaron Kelly to win American Idol,6,1.9,Apr/28/2010 05:58:25
713073,AI.2010.AARON,Aaron Kelly to win American Idol,10,1.8,Apr/28/2010 05:58:25
713073,AI.2010.AARON,Aaron Kelly to win American Idol,10,1.9,Apr/28/2010 05:58:25
713073,AI.2010.AARON,Aaron Kelly to win American Idol,5,1.9,Apr/28/2010 05:58:25
713073,AI.2010.AARON,Aaron Kelly to win American Idol,5,1.8,Apr/28/2010 05:58:25
713073,AI.2010.AARON,Aaron Kelly to win American Idol,5,2.0,Apr/28/2010 05:58:25
713073,AI.2010.AARON,Aaron Kelly to win American Idol,5,1.9,Apr/28/2010 05:58:25
713073,AI.2010.AARON,Aaron Kelly to win American Idol,5,1.9,Apr/28/2010 05:58:25
713073,AI.2010.AARON,Aaron Kelly to win American Idol,10,1.8,Apr/28/2010 05:58:25
713073,AI.2010.AARON,Aaron Kelly to win American Idol,3,2.0,Apr/28/2010 05:58:25
713073,AI.2010.AARON,Aaron Kelly to win American Idol,1,2.0,Apr/28/2010 05:58:25
713073,AI.2010.AARON,Aaron Kelly to win American Idol,2,2.0,Apr/28/2010 05:58:25
713073,AI.2010.AARON,Aaron Kelly to win American Idol,1,2.0,Apr/28/2010 05:58:25
713073,AI.2010.AARON,Aaron Kelly to win American Idol,5,1.9,Apr/28/2010 05:58:25
713073,AI.2010.AARON,Aaron Kelly to win American Idol,20,1.0,Apr/28/2010 19:19:30
713073,AI.2010.AARON,Aaron Kelly to win American Idol,65,0.8,Apr/29/2010 01:18:44
713073,AI.2010.AARON,Aaron Kelly to win American Idol,2,1.5,Apr/29/2010 01:24:27
713073,AI.2010.AARON,Aaron Kelly to win American Idol,11,1.7,Apr/29/2010 01:24:50
713073,AI.2010.AARON,Aaron Kelly to win American Idol,2,1.7,Apr/29/2010 01:24:50
713073,AI.2010.AARON,Aaron Kelly to win American Idol,15,1.4,Apr/29/2010 01:25:37
713073,AI.2010.AARON,Aaron Kelly to win American Idol,15,1.5,Apr/29/2010 01:25:48
713073,AI.2010.AARON,Aaron Kelly to win American Idol,10,1.5,Apr/29/2010 01:26:02
713073,AI.2010.AARON,Aaron Kelly to win American Idol,25,1.6,Apr/29/2010 01:26:48
713073,AI.2010.AARON,Aaron Kelly to win American Idol,20,1.4,Apr/29/2010 05:19:58
713073,AI.2010.AARON,Aaron Kelly to win American Idol,50,1.5,Apr/29/2010 05:20:26
713073,AI.2010.AARON,Aaron Kelly to win American Idol,5,1.5,Apr/29/2010 05:20:26
713073,AI.2010.AARON,Aaron Kelly to win American Idol,300,1.6,Apr/29/2010 05:20:55
713073,AI.2010.AARON,Aaron Kelly to win American Idol,154,1.7,Apr/29/2010 05:22:12
713073,AI.2010.AARON,Aaron Kelly to win American Idol,200,1.5,Apr/29/2010 21:30:54
713073,AI.2010.AARON,Aaron Kelly to win American Idol,200,1.6,Apr/29/2010 21:31:51
713073,AI.2010.AARON,Aaron Kelly to win American Idol,200,1.7,Apr/29/2010 22:19:02
713073,AI.2010.AARON,Aaron Kelly to win American Idol,200,1.9,Apr/29/2010 23:06:48
713073,AI.2010.AARON,Aaron Kelly to win American Idol,2,1.9,Apr/29/2010 23:06:48
713073,AI.2010.AARON,Aaron Kelly to win American Idol,200,1.8,Apr/29/2010 23:06:48
713073,AI.2010.AARON,Aaron Kelly to win American Idol,30,1.8,Apr/29/2010 23:06:48
713073,AI.2010.AARON,Aaron Kelly to win American Idol,200,2.0,Apr/29/2010 23:06:48
713073,AI.2010.AARON,Aaron Kelly to win American Idol,19,2.1,Apr/30/2010 01:16:59
713073,AI.2010.AARON,Aaron Kelly to win American Idol,1,2.1,Apr/30/2010 01:16:59
713073,AI.2010.AARON,Aaron Kelly to win American Idol,200,2.2,Apr/30/2010 06:39:42
713073,AI.2010.AARON,Aaron Kelly to win American Idol,181,2.1,Apr/30/2010 06:39:42
713073,AI.2010.AARON,Aaron Kelly to win American Idol,5,2.1,May/01/2010 22:58:19
713073,AI.2010.AARON,Aaron Kelly to win American Idol,5,2.1,May/01/2010 23:44:48
713073,AI.2010.AARON,Aaron Kelly to win American Idol,5,2.2,May/01/2010 23:44:48
713073,AI.2010.AARON,Aaron Kelly to win American Idol,100,2.3,May/02/2010 03:13:41
713073,AI.2010.AARON,Aaron Kelly to win American Idol,5,2.3,May/02/2010 03:13:41
713073,AI.2010.AARON,Aaron Kelly to win American Idol,200,2.4,May/02/2010 03:13:41
713073,AI.2010.AARON,Aaron Kelly to win American Idol,200,2.6,May/03/2010 17:32:49
713073,AI.2010.AARON,Aaron Kelly to win American Idol,1,2.5,May/03/2010 17:32:49
713073,AI.2010.AARON,Aaron Kelly to win American Idol,1,2.6,May/03/2010 17:32:49
713073,AI.2010.AARON,Aaron Kelly to win American Idol,200,2.8,May/03/2010 19:33:02
713073,AI.2010.AARON,Aaron Kelly to win American Idol,200,2.9,May/03/2010 19:33:02
713073,AI.2010.AARON,Aaron Kelly to win American Idol,200,3.0,May/03/2010 19:33:02
713073,AI.2010.AARON,Aaron Kelly to win American Idol,1,3.0,May/03/2010 23:59:06
713073,AI.2010.AARON,Aaron Kelly to win American Idol,20,3.2,May/04/2010 00:00:05
713073,AI.2010.AARON,Aaron Kelly to win American Idol,1,3.1,May/04/2010 16:45:51
713073,AI.2010.AARON,Aaron Kelly to win American Idol,200,3.4,May/04/2010 16:45:51
713073,AI.2010.AARON,Aaron Kelly to win American Idol,180,3.2,May/04/2010 16:45:51
713073,AI.2010.AARON,Aaron Kelly to win American Idol,3,2.5,May/05/2010 01:08:10
713073,AI.2010.AARON,Aaron Kelly to win American Idol,50,2.1,May/05/2010 18:26:43
713073,AI.2010.AARON,Aaron Kelly to win American Idol,100,2.3,May/05/2010 21:27:10
713073,AI.2010.AARON,Aaron Kelly to win American Idol,100,2.5,May/05/2010 22:27:43
713073,AI.2010.AARON,Aaron Kelly to win American Idol,100,2.4,May/05/2010 22:27:43
713073,AI.2010.AARON,Aaron Kelly to win American Idol,100,2.7,May/05/2010 22:56:38
713073,AI.2010.AARON,Aaron Kelly to win American Idol,100,2.6,May/05/2010 22:56:38
713073,AI.2010.AARON,Aaron Kelly to win American Idol,1,2.9,May/05/2010 23:00:28
713073,AI.2010.AARON,Aaron Kelly to win American Idol,100,2.8,May/05/2010 23:00:28
713073,AI.2010.AARON,Aaron Kelly to win American Idol,100,2.9,May/05/2010 23:00:28
713073,AI.2010.AARON,Aaron Kelly to win American Idol,90,3.1,May/06/2010 00:15:55
713073,AI.2010.AARON,Aaron Kelly to win American Idol,5,2.2,May/06/2010 01:52:12
713073,AI.2010.AARON,Aaron Kelly to win American Idol,15,2.2,May/06/2010 01:52:57
713073,AI.2010.AARON,Aaron Kelly to win American Idol,204,0.7,May/06/2010 01:56:46
713073,AI.2010.AARON,Aaron Kelly to win American Idol,69,0.8,May/06/2010 01:56:46
713073,AI.2010.AARON,Aaron Kelly to win American Idol,100,0.7,May/06/2010 01:56:46
713073,AI.2010.AARON,Aaron Kelly to win American Idol,65,0.7,May/06/2010 01:56:46
713073,AI.2010.AARON,Aaron Kelly to win American Idol,12,0.6,May/06/2010 01:56:50
713073,AI.2010.AARON,Aaron Kelly to win American Idol,23,0.6,May/06/2010 01:56:50
713073,AI.2010.AARON,Aaron Kelly to win American Idol,140,0.5,May/06/2010 01:56:56
713073,AI.2010.AARON,Aaron Kelly to win American Idol,224,0.5,May/06/2010 01:56:56
713073,AI.2010.AARON,Aaron Kelly to win American Idol,20,0.5,May/06/2010 01:56:56
713073,AI.2010.AARON,Aaron Kelly to win American Idol,1,0.5,May/06/2010 01:56:56
713073,AI.2010.AARON,Aaron Kelly to win American Idol,71,0.4,May/06/2010 01:57:37
713073,AI.2010.AARON,Aaron Kelly to win American Idol,329,0.4,May/06/2010 02:33:22
713073,AI.2010.AARON,Aaron Kelly to win American Idol,10,0.3,May/06/2010 04:13:43
713073,AI.2010.AARON,Aaron Kelly to win American Idol,10,0.3,May/06/2010 04:13:43
713073,AI.2010.AARON,Aaron Kelly to win American Idol,50,0.3,May/06/2010 04:16:23
713073,AI.2010.AARON,Aaron Kelly to win American Idol,25,0.3,May/06/2010 04:18:25
713073,AI.2010.AARON,Aaron Kelly to win American Idol,25,0.3,May/06/2010 04:20:44
713073,AI.2010.AARON,Aaron Kelly to win American Idol,10,0.3,May/06/2010 04:23:18
713073,AI.2010.AARON,Aaron Kelly to win American Idol,340,0.3,May/06/2010 04:53:59
713073,AI.2010.AARON,Aaron Kelly to win American Idol,500,0.2,May/11/2010 22:17:43
713073,AI.2010.AARON,Aaron Kelly to win American Idol,2362,0.2,May/11/2010 22:17:43
713073,AI.2010.AARON,Aaron Kelly to win American Idol,380,0.4,May/11/2010 22:18:28
713073,AI.2010.AARON,Aaron Kelly to win American Idol,8,0.5,May/12/2010 23:46:54
713073,AI.2010.AARON,Aaron Kelly to win American Idol,50,0.5,May/13/2010 01:55:31
713073,AI.2010.AARON,Aaron Kelly to win American Idol,10,0.5,May/15/2010 05:16:26
713073,AI.2010.AARON,Aaron Kelly to win American Idol,4,0.5,May/15/2010 21:09:07
713073,AI.2010.AARON,Aaron Kelly to win American Idol,60,0.5,May/16/2010 20:04:05
713073,AI.2010.AARON,Aaron Kelly to win American Idol,8,0.5,May/19/2010 05:04:27
713073,AI.2010.AARON,Aaron Kelly to win American Idol,110,0.5,May/19/2010 12:34:39
713073,AI.2010.AARON,Aaron Kelly to win American Idol,152,0.5,May/19/2010 23:12:11
