market id,market symbol,market name,trade quantity,trade price,date/time [utc]
713083,AI.2010.KATIE,Katie Stevens to win American Idol,20,5.0,Feb/19/2010 17:56:42
713083,AI.2010.KATIE,Katie Stevens to win American Idol,1,7.9,Feb/19/2010 23:55:28
713083,AI.2010.KATIE,Katie Stevens to win American Idol,1,9.9,Feb/19/2010 23:55:46
713083,AI.2010.KATIE,Katie Stevens to win American Idol,1,14.9,Feb/19/2010 23:56:05
713083,AI.2010.KATIE,Katie Stevens to win American Idol,10,20.0,Feb/20/2010 01:19:22
713083,AI.2010.KATIE,Katie Stevens to win American Idol,1,19.9,Feb/20/2010 01:19:22
713083,AI.2010.KATIE,Katie Stevens to win American Idol,20,12.8,Feb/23/2010 22:26:50
713083,AI.2010.KATIE,Katie Stevens to win American Idol,1,13.9,Feb/23/2010 22:35:07
713083,AI.2010.KATIE,Katie Stevens to win American Idol,1,14.9,Feb/23/2010 22:35:32
713083,AI.2010.KATIE,Katie Stevens to win American Idol,8,15.0,Feb/23/2010 22:35:59
713083,AI.2010.KATIE,Katie Stevens to win American Idol,12,15.0,Feb/24/2010 02:37:23
713083,AI.2010.KATIE,Katie Stevens to win American Idol,1,14.9,Feb/24/2010 02:37:23
713083,AI.2010.KATIE,Katie Stevens to win American Idol,1,14.9,Feb/24/2010 02:37:23
713083,AI.2010.KATIE,Katie Stevens to win American Idol,1,14.9,Feb/24/2010 03:07:03
713083,AI.2010.KATIE,Katie Stevens to win American Idol,1,15.9,Feb/24/2010 03:07:03
713083,AI.2010.KATIE,Katie Stevens to win American Idol,1,16.9,Feb/24/2010 03:10:11
713083,AI.2010.KATIE,Katie Stevens to win American Idol,2,16.9,Feb/24/2010 03:10:11
713083,AI.2010.KATIE,Katie Stevens to win American Idol,2,16.9,Feb/24/2010 03:24:28
713083,AI.2010.KATIE,Katie Stevens to win American Idol,1,17.4,Feb/24/2010 03:37:38
713083,AI.2010.KATIE,Katie Stevens to win American Idol,2,16.9,Feb/24/2010 03:37:38
713083,AI.2010.KATIE,Katie Stevens to win American Idol,1,16.9,Feb/24/2010 11:31:31
713083,AI.2010.KATIE,Katie Stevens to win American Idol,2,16.9,Feb/24/2010 11:31:31
713083,AI.2010.KATIE,Katie Stevens to win American Idol,1,17.4,Feb/24/2010 12:12:35
713083,AI.2010.KATIE,Katie Stevens to win American Idol,1,18.5,Feb/24/2010 12:12:35
713083,AI.2010.KATIE,Katie Stevens to win American Idol,2,17.4,Feb/24/2010 12:12:35
713083,AI.2010.KATIE,Katie Stevens to win American Idol,1,18.4,Feb/24/2010 12:12:35
713083,AI.2010.KATIE,Katie Stevens to win American Idol,1,17.9,Feb/24/2010 12:12:35
713083,AI.2010.KATIE,Katie Stevens to win American Idol,1,18.9,Feb/24/2010 12:12:35
713083,AI.2010.KATIE,Katie Stevens to win American Idol,1,17.9,Feb/24/2010 12:12:35
713083,AI.2010.KATIE,Katie Stevens to win American Idol,1,18.9,Feb/24/2010 12:12:35
713083,AI.2010.KATIE,Katie Stevens to win American Idol,1,16.6,Feb/24/2010 22:26:11
713083,AI.2010.KATIE,Katie Stevens to win American Idol,20,16.5,Feb/24/2010 22:26:29
713083,AI.2010.KATIE,Katie Stevens to win American Idol,27,15.9,Feb/24/2010 22:26:56
713083,AI.2010.KATIE,Katie Stevens to win American Idol,5,15.9,Feb/24/2010 23:00:56
713083,AI.2010.KATIE,Katie Stevens to win American Idol,20,16.0,Feb/24/2010 23:12:25
713083,AI.2010.KATIE,Katie Stevens to win American Idol,15,16.8,Feb/24/2010 23:12:25
713083,AI.2010.KATIE,Katie Stevens to win American Idol,1,16.5,Feb/24/2010 23:31:55
713083,AI.2010.KATIE,Katie Stevens to win American Idol,1,15.9,Feb/24/2010 23:31:55
713083,AI.2010.KATIE,Katie Stevens to win American Idol,3,16.8,Feb/24/2010 23:31:55
713083,AI.2010.KATIE,Katie Stevens to win American Idol,1,16.9,Feb/25/2010 00:57:05
713083,AI.2010.KATIE,Katie Stevens to win American Idol,2,16.9,Feb/25/2010 00:57:05
713083,AI.2010.KATIE,Katie Stevens to win American Idol,2,16.8,Feb/25/2010 00:57:05
713083,AI.2010.KATIE,Katie Stevens to win American Idol,20,17.0,Feb/25/2010 00:57:05
713083,AI.2010.KATIE,Katie Stevens to win American Idol,1,16.7,Feb/25/2010 00:57:05
713083,AI.2010.KATIE,Katie Stevens to win American Idol,2,16.4,Feb/25/2010 02:54:50
713083,AI.2010.KATIE,Katie Stevens to win American Idol,15,16.0,Feb/25/2010 03:41:46
713083,AI.2010.KATIE,Katie Stevens to win American Idol,20,16.1,Feb/25/2010 10:28:46
713083,AI.2010.KATIE,Katie Stevens to win American Idol,2,16.4,Feb/25/2010 10:41:08
713083,AI.2010.KATIE,Katie Stevens to win American Idol,5,16.0,Feb/25/2010 14:34:59
713083,AI.2010.KATIE,Katie Stevens to win American Idol,20,15.0,Feb/25/2010 14:36:40
713083,AI.2010.KATIE,Katie Stevens to win American Idol,20,14.5,Feb/25/2010 14:37:01
713083,AI.2010.KATIE,Katie Stevens to win American Idol,20,14.6,Feb/25/2010 18:44:41
713083,AI.2010.KATIE,Katie Stevens to win American Idol,15,14.5,Feb/25/2010 18:45:17
713083,AI.2010.KATIE,Katie Stevens to win American Idol,3,14.5,Feb/25/2010 22:55:33
713083,AI.2010.KATIE,Katie Stevens to win American Idol,10,14.6,Feb/26/2010 00:41:35
713083,AI.2010.KATIE,Katie Stevens to win American Idol,20,14.9,Feb/26/2010 00:41:56
713083,AI.2010.KATIE,Katie Stevens to win American Idol,10,15.0,Feb/26/2010 00:42:12
713083,AI.2010.KATIE,Katie Stevens to win American Idol,2,14.5,Feb/26/2010 15:48:14
713083,AI.2010.KATIE,Katie Stevens to win American Idol,2,14.5,Feb/27/2010 18:09:45
713083,AI.2010.KATIE,Katie Stevens to win American Idol,2,14.5,Feb/28/2010 07:48:51
713083,AI.2010.KATIE,Katie Stevens to win American Idol,4,14.9,Feb/28/2010 07:57:12
713083,AI.2010.KATIE,Katie Stevens to win American Idol,1,15.0,Feb/28/2010 08:01:30
713083,AI.2010.KATIE,Katie Stevens to win American Idol,1,15.4,Feb/28/2010 15:19:24
713083,AI.2010.KATIE,Katie Stevens to win American Idol,2,15.4,Feb/28/2010 15:19:24
713083,AI.2010.KATIE,Katie Stevens to win American Idol,1,13.8,Mar/01/2010 02:57:47
713083,AI.2010.KATIE,Katie Stevens to win American Idol,1,13.8,Mar/01/2010 02:57:57
713083,AI.2010.KATIE,Katie Stevens to win American Idol,22,13.8,Mar/01/2010 02:58:22
713083,AI.2010.KATIE,Katie Stevens to win American Idol,28,13.5,Mar/01/2010 10:12:26
713083,AI.2010.KATIE,Katie Stevens to win American Idol,30,13.6,Mar/01/2010 10:12:56
713083,AI.2010.KATIE,Katie Stevens to win American Idol,15,13.6,Mar/01/2010 10:13:30
713083,AI.2010.KATIE,Katie Stevens to win American Idol,5,13.6,Mar/01/2010 10:13:59
713083,AI.2010.KATIE,Katie Stevens to win American Idol,1,13.7,Mar/01/2010 10:18:30
713083,AI.2010.KATIE,Katie Stevens to win American Idol,1,13.9,Mar/01/2010 10:18:50
713083,AI.2010.KATIE,Katie Stevens to win American Idol,3,11.0,Mar/02/2010 01:40:36
713083,AI.2010.KATIE,Katie Stevens to win American Idol,1,11.5,Mar/02/2010 01:40:36
713083,AI.2010.KATIE,Katie Stevens to win American Idol,1,11.1,Mar/02/2010 01:40:36
713083,AI.2010.KATIE,Katie Stevens to win American Idol,2,12.5,Mar/03/2010 01:36:11
713083,AI.2010.KATIE,Katie Stevens to win American Idol,2,12.9,Mar/03/2010 02:37:08
713083,AI.2010.KATIE,Katie Stevens to win American Idol,5,11.3,Mar/03/2010 22:24:08
713083,AI.2010.KATIE,Katie Stevens to win American Idol,4,11.3,Mar/03/2010 23:10:58
713083,AI.2010.KATIE,Katie Stevens to win American Idol,1,12.9,Mar/04/2010 01:36:41
713083,AI.2010.KATIE,Katie Stevens to win American Idol,2,12.9,Mar/04/2010 01:36:41
713083,AI.2010.KATIE,Katie Stevens to win American Idol,2,12.8,Mar/04/2010 01:36:41
713083,AI.2010.KATIE,Katie Stevens to win American Idol,44,11.3,Mar/04/2010 01:45:48
713083,AI.2010.KATIE,Katie Stevens to win American Idol,8,11.3,Mar/04/2010 01:47:07
713083,AI.2010.KATIE,Katie Stevens to win American Idol,1,11.3,Mar/04/2010 02:53:29
713083,AI.2010.KATIE,Katie Stevens to win American Idol,4,10.7,Mar/04/2010 02:53:29
713083,AI.2010.KATIE,Katie Stevens to win American Idol,1,10.7,Mar/04/2010 02:55:44
713083,AI.2010.KATIE,Katie Stevens to win American Idol,1,6.6,Mar/04/2010 11:39:45
713083,AI.2010.KATIE,Katie Stevens to win American Idol,2,6.1,Mar/04/2010 11:39:55
713083,AI.2010.KATIE,Katie Stevens to win American Idol,30,6.0,Mar/04/2010 11:40:08
713083,AI.2010.KATIE,Katie Stevens to win American Idol,20,5.1,Mar/04/2010 11:40:47
713083,AI.2010.KATIE,Katie Stevens to win American Idol,20,5.0,Mar/04/2010 11:40:58
713083,AI.2010.KATIE,Katie Stevens to win American Idol,1,9.3,Mar/04/2010 19:10:41
713083,AI.2010.KATIE,Katie Stevens to win American Idol,1,9.5,Mar/04/2010 19:11:04
713083,AI.2010.KATIE,Katie Stevens to win American Idol,31,9.7,Mar/04/2010 19:12:25
713083,AI.2010.KATIE,Katie Stevens to win American Idol,1,6.9,Mar/05/2010 08:37:34
713083,AI.2010.KATIE,Katie Stevens to win American Idol,2,6.9,Mar/05/2010 08:37:34
713083,AI.2010.KATIE,Katie Stevens to win American Idol,2,7.5,Mar/05/2010 15:08:59
713083,AI.2010.KATIE,Katie Stevens to win American Idol,2,7.7,Mar/05/2010 15:09:11
713083,AI.2010.KATIE,Katie Stevens to win American Idol,2,7.9,Mar/05/2010 22:07:07
713083,AI.2010.KATIE,Katie Stevens to win American Idol,2,8.4,Mar/05/2010 22:07:07
713083,AI.2010.KATIE,Katie Stevens to win American Idol,6,8.8,Mar/05/2010 22:07:07
713083,AI.2010.KATIE,Katie Stevens to win American Idol,1,7.9,Mar/06/2010 18:05:23
713083,AI.2010.KATIE,Katie Stevens to win American Idol,2,7.9,Mar/06/2010 18:05:23
713083,AI.2010.KATIE,Katie Stevens to win American Idol,2,8.0,Mar/06/2010 18:05:37
713083,AI.2010.KATIE,Katie Stevens to win American Idol,2,8.0,Mar/06/2010 18:05:37
713083,AI.2010.KATIE,Katie Stevens to win American Idol,2,8.0,Mar/06/2010 18:05:37
713083,AI.2010.KATIE,Katie Stevens to win American Idol,1,8.0,Mar/06/2010 18:05:37
713083,AI.2010.KATIE,Katie Stevens to win American Idol,3,8.0,Mar/06/2010 18:05:37
713083,AI.2010.KATIE,Katie Stevens to win American Idol,2,8.4,Mar/06/2010 18:06:15
713083,AI.2010.KATIE,Katie Stevens to win American Idol,4,8.4,Mar/06/2010 18:06:15
713083,AI.2010.KATIE,Katie Stevens to win American Idol,4,8.5,Mar/06/2010 18:06:25
713083,AI.2010.KATIE,Katie Stevens to win American Idol,2,8.5,Mar/06/2010 18:06:25
713083,AI.2010.KATIE,Katie Stevens to win American Idol,2,8.7,Mar/06/2010 18:06:42
713083,AI.2010.KATIE,Katie Stevens to win American Idol,3,8.7,Mar/06/2010 18:06:42
713083,AI.2010.KATIE,Katie Stevens to win American Idol,5,8.7,Mar/06/2010 18:06:42
713083,AI.2010.KATIE,Katie Stevens to win American Idol,1,8.8,Mar/06/2010 18:07:06
713083,AI.2010.KATIE,Katie Stevens to win American Idol,20,8.8,Mar/06/2010 18:07:06
713083,AI.2010.KATIE,Katie Stevens to win American Idol,3,8.8,Mar/06/2010 18:07:06
713083,AI.2010.KATIE,Katie Stevens to win American Idol,20,8.7,Mar/08/2010 20:23:25
713083,AI.2010.KATIE,Katie Stevens to win American Idol,1,8.7,Mar/08/2010 22:01:03
713083,AI.2010.KATIE,Katie Stevens to win American Idol,1,8.5,Mar/08/2010 22:01:14
713083,AI.2010.KATIE,Katie Stevens to win American Idol,1,8.5,Mar/08/2010 22:01:52
713083,AI.2010.KATIE,Katie Stevens to win American Idol,3,8.8,Mar/08/2010 22:01:53
713083,AI.2010.KATIE,Katie Stevens to win American Idol,3,8.8,Mar/08/2010 22:01:53
713083,AI.2010.KATIE,Katie Stevens to win American Idol,1,8.8,Mar/08/2010 22:01:53
713083,AI.2010.KATIE,Katie Stevens to win American Idol,1,8.8,Mar/08/2010 22:01:53
713083,AI.2010.KATIE,Katie Stevens to win American Idol,1,8.9,Mar/08/2010 22:02:02
713083,AI.2010.KATIE,Katie Stevens to win American Idol,1,8.4,Mar/08/2010 22:02:05
713083,AI.2010.KATIE,Katie Stevens to win American Idol,5,9.0,Mar/08/2010 22:02:13
713083,AI.2010.KATIE,Katie Stevens to win American Idol,5,9.0,Mar/08/2010 22:02:13
713083,AI.2010.KATIE,Katie Stevens to win American Idol,5,9.0,Mar/08/2010 22:02:13
713083,AI.2010.KATIE,Katie Stevens to win American Idol,2,9.0,Mar/08/2010 22:02:13
713083,AI.2010.KATIE,Katie Stevens to win American Idol,1,8.4,Mar/08/2010 22:02:13
713083,AI.2010.KATIE,Katie Stevens to win American Idol,1,8.4,Mar/08/2010 22:02:21
713083,AI.2010.KATIE,Katie Stevens to win American Idol,1,8.4,Mar/08/2010 22:02:32
713083,AI.2010.KATIE,Katie Stevens to win American Idol,1,8.4,Mar/08/2010 22:02:36
713083,AI.2010.KATIE,Katie Stevens to win American Idol,1,9.3,Mar/08/2010 22:02:38
713083,AI.2010.KATIE,Katie Stevens to win American Idol,1,9.2,Mar/08/2010 22:02:38
713083,AI.2010.KATIE,Katie Stevens to win American Idol,2,9.5,Mar/08/2010 22:02:46
713083,AI.2010.KATIE,Katie Stevens to win American Idol,5,9.5,Mar/08/2010 22:02:46
713083,AI.2010.KATIE,Katie Stevens to win American Idol,1,8.4,Mar/08/2010 22:02:47
713083,AI.2010.KATIE,Katie Stevens to win American Idol,20,9.6,Mar/08/2010 22:02:56
713083,AI.2010.KATIE,Katie Stevens to win American Idol,1,9.6,Mar/08/2010 22:03:20
713083,AI.2010.KATIE,Katie Stevens to win American Idol,1,8.4,Mar/08/2010 22:03:23
713083,AI.2010.KATIE,Katie Stevens to win American Idol,1,8.4,Mar/08/2010 22:03:42
713083,AI.2010.KATIE,Katie Stevens to win American Idol,1,8.4,Mar/08/2010 22:04:05
713083,AI.2010.KATIE,Katie Stevens to win American Idol,1,8.4,Mar/08/2010 22:04:30
713083,AI.2010.KATIE,Katie Stevens to win American Idol,1,8.4,Mar/08/2010 22:04:39
713083,AI.2010.KATIE,Katie Stevens to win American Idol,1,8.4,Mar/08/2010 22:04:53
713083,AI.2010.KATIE,Katie Stevens to win American Idol,1,8.4,Mar/08/2010 22:05:22
713083,AI.2010.KATIE,Katie Stevens to win American Idol,1,8.4,Mar/08/2010 22:05:45
713083,AI.2010.KATIE,Katie Stevens to win American Idol,1,8.4,Mar/08/2010 22:05:57
713083,AI.2010.KATIE,Katie Stevens to win American Idol,1,8.4,Mar/08/2010 22:06:12
713083,AI.2010.KATIE,Katie Stevens to win American Idol,1,8.4,Mar/08/2010 22:06:34
713083,AI.2010.KATIE,Katie Stevens to win American Idol,1,8.4,Mar/08/2010 22:06:44
713083,AI.2010.KATIE,Katie Stevens to win American Idol,1,8.4,Mar/08/2010 22:07:09
713083,AI.2010.KATIE,Katie Stevens to win American Idol,1,8.4,Mar/08/2010 22:07:19
713083,AI.2010.KATIE,Katie Stevens to win American Idol,1,8.2,Mar/08/2010 22:07:28
713083,AI.2010.KATIE,Katie Stevens to win American Idol,1,8.2,Mar/08/2010 22:08:20
713083,AI.2010.KATIE,Katie Stevens to win American Idol,1,8.2,Mar/08/2010 22:49:41
713083,AI.2010.KATIE,Katie Stevens to win American Idol,1,8.2,Mar/08/2010 22:50:24
713083,AI.2010.KATIE,Katie Stevens to win American Idol,1,8.2,Mar/08/2010 22:50:37
713083,AI.2010.KATIE,Katie Stevens to win American Idol,1,8.2,Mar/09/2010 05:16:30
713083,AI.2010.KATIE,Katie Stevens to win American Idol,1,8.2,Mar/09/2010 05:16:54
713083,AI.2010.KATIE,Katie Stevens to win American Idol,1,8.2,Mar/09/2010 05:17:10
713083,AI.2010.KATIE,Katie Stevens to win American Idol,1,8.2,Mar/09/2010 05:17:50
713083,AI.2010.KATIE,Katie Stevens to win American Idol,1,8.2,Mar/09/2010 05:18:20
713083,AI.2010.KATIE,Katie Stevens to win American Idol,1,8.1,Mar/09/2010 05:18:27
713083,AI.2010.KATIE,Katie Stevens to win American Idol,1,8.1,Mar/09/2010 05:19:03
713083,AI.2010.KATIE,Katie Stevens to win American Idol,1,8.1,Mar/09/2010 05:19:14
713083,AI.2010.KATIE,Katie Stevens to win American Idol,3,8.0,Mar/09/2010 19:38:52
713083,AI.2010.KATIE,Katie Stevens to win American Idol,10,8.0,Mar/09/2010 19:38:52
713083,AI.2010.KATIE,Katie Stevens to win American Idol,1,8.1,Mar/09/2010 19:38:52
713083,AI.2010.KATIE,Katie Stevens to win American Idol,17,8.0,Mar/10/2010 01:05:46
713083,AI.2010.KATIE,Katie Stevens to win American Idol,20,7.9,Mar/10/2010 01:05:46
713083,AI.2010.KATIE,Katie Stevens to win American Idol,20,7.5,Mar/10/2010 01:05:46
713083,AI.2010.KATIE,Katie Stevens to win American Idol,20,6.9,Mar/10/2010 01:06:39
713083,AI.2010.KATIE,Katie Stevens to win American Idol,20,7.0,Mar/10/2010 01:06:39
713083,AI.2010.KATIE,Katie Stevens to win American Idol,20,6.5,Mar/10/2010 01:07:04
713083,AI.2010.KATIE,Katie Stevens to win American Idol,20,6.0,Mar/10/2010 01:08:02
713083,AI.2010.KATIE,Katie Stevens to win American Idol,20,5.9,Mar/10/2010 01:08:11
713083,AI.2010.KATIE,Katie Stevens to win American Idol,20,5.5,Mar/10/2010 01:09:29
713083,AI.2010.KATIE,Katie Stevens to win American Idol,5,5.0,Mar/10/2010 01:48:31
713083,AI.2010.KATIE,Katie Stevens to win American Idol,31,4.1,Mar/10/2010 02:20:34
713083,AI.2010.KATIE,Katie Stevens to win American Idol,15,5.0,Mar/10/2010 02:20:34
713083,AI.2010.KATIE,Katie Stevens to win American Idol,20,4.0,Mar/10/2010 02:20:56
713083,AI.2010.KATIE,Katie Stevens to win American Idol,469,4.1,Mar/10/2010 02:20:56
713083,AI.2010.KATIE,Katie Stevens to win American Idol,8,3.0,Mar/10/2010 03:25:03
713083,AI.2010.KATIE,Katie Stevens to win American Idol,5,3.0,Mar/10/2010 03:35:46
713083,AI.2010.KATIE,Katie Stevens to win American Idol,17,3.0,Mar/10/2010 05:25:07
713083,AI.2010.KATIE,Katie Stevens to win American Idol,1,2.6,Mar/10/2010 05:25:34
713083,AI.2010.KATIE,Katie Stevens to win American Idol,1,2.5,Mar/10/2010 05:37:30
713083,AI.2010.KATIE,Katie Stevens to win American Idol,1,2.3,Mar/10/2010 05:37:41
713083,AI.2010.KATIE,Katie Stevens to win American Idol,1,2.2,Mar/10/2010 05:37:50
713083,AI.2010.KATIE,Katie Stevens to win American Idol,20,2.1,Mar/10/2010 05:38:03
713083,AI.2010.KATIE,Katie Stevens to win American Idol,10,2.0,Mar/10/2010 05:38:27
713083,AI.2010.KATIE,Katie Stevens to win American Idol,5,2.1,Mar/10/2010 15:23:27
713083,AI.2010.KATIE,Katie Stevens to win American Idol,4,2.0,Mar/10/2010 16:53:21
713083,AI.2010.KATIE,Katie Stevens to win American Idol,4,2.0,Mar/10/2010 17:22:08
713083,AI.2010.KATIE,Katie Stevens to win American Idol,4,2.0,Mar/10/2010 18:12:12
713083,AI.2010.KATIE,Katie Stevens to win American Idol,5,2.0,Mar/10/2010 18:34:56
713083,AI.2010.KATIE,Katie Stevens to win American Idol,1,2.5,Mar/10/2010 21:17:49
713083,AI.2010.KATIE,Katie Stevens to win American Idol,1,2.5,Mar/10/2010 21:44:49
713083,AI.2010.KATIE,Katie Stevens to win American Idol,1,2.5,Mar/10/2010 21:49:47
713083,AI.2010.KATIE,Katie Stevens to win American Idol,1,2.5,Mar/10/2010 21:49:58
713083,AI.2010.KATIE,Katie Stevens to win American Idol,2,2.5,Mar/10/2010 21:52:55
713083,AI.2010.KATIE,Katie Stevens to win American Idol,1,2.5,Mar/10/2010 21:53:06
713083,AI.2010.KATIE,Katie Stevens to win American Idol,1,2.0,Mar/10/2010 21:53:17
713083,AI.2010.KATIE,Katie Stevens to win American Idol,2,2.0,Mar/10/2010 21:53:28
713083,AI.2010.KATIE,Katie Stevens to win American Idol,1,2.0,Mar/10/2010 21:53:40
713083,AI.2010.KATIE,Katie Stevens to win American Idol,5,2.0,Mar/10/2010 22:25:17
713083,AI.2010.KATIE,Katie Stevens to win American Idol,5,2.0,Mar/11/2010 00:50:27
713083,AI.2010.KATIE,Katie Stevens to win American Idol,2,2.0,Mar/11/2010 01:06:34
713083,AI.2010.KATIE,Katie Stevens to win American Idol,4,2.0,Mar/11/2010 02:37:18
713083,AI.2010.KATIE,Katie Stevens to win American Idol,5,2.0,Mar/11/2010 02:40:36
713083,AI.2010.KATIE,Katie Stevens to win American Idol,48,2.0,Mar/11/2010 03:46:25
713083,AI.2010.KATIE,Katie Stevens to win American Idol,2,0.7,Mar/11/2010 05:07:51
713083,AI.2010.KATIE,Katie Stevens to win American Idol,3,1.8,Mar/11/2010 07:27:08
713083,AI.2010.KATIE,Katie Stevens to win American Idol,3,1.9,Mar/11/2010 07:27:49
713083,AI.2010.KATIE,Katie Stevens to win American Idol,2,2.4,Mar/11/2010 07:43:38
713083,AI.2010.KATIE,Katie Stevens to win American Idol,3,2.5,Mar/11/2010 07:43:46
713083,AI.2010.KATIE,Katie Stevens to win American Idol,15,2.6,Mar/11/2010 07:44:13
713083,AI.2010.KATIE,Katie Stevens to win American Idol,5,2.7,Mar/11/2010 07:44:54
713083,AI.2010.KATIE,Katie Stevens to win American Idol,175,2.7,Mar/11/2010 07:44:54
713083,AI.2010.KATIE,Katie Stevens to win American Idol,6,0.6,Mar/12/2010 01:54:18
713083,AI.2010.KATIE,Katie Stevens to win American Idol,34,0.6,Mar/12/2010 01:54:18
713083,AI.2010.KATIE,Katie Stevens to win American Idol,40,1.1,Mar/12/2010 01:56:49
713083,AI.2010.KATIE,Katie Stevens to win American Idol,1,2.9,Mar/12/2010 15:54:19
713083,AI.2010.KATIE,Katie Stevens to win American Idol,1,3.5,Mar/12/2010 15:54:41
713083,AI.2010.KATIE,Katie Stevens to win American Idol,2,3.5,Mar/12/2010 15:54:41
713083,AI.2010.KATIE,Katie Stevens to win American Idol,1,3.3,Mar/12/2010 18:22:28
713083,AI.2010.KATIE,Katie Stevens to win American Idol,1,3.5,Mar/16/2010 23:27:10
713083,AI.2010.KATIE,Katie Stevens to win American Idol,1,4.5,Mar/16/2010 23:58:07
713083,AI.2010.KATIE,Katie Stevens to win American Idol,1,4.9,Mar/17/2010 00:55:14
713083,AI.2010.KATIE,Katie Stevens to win American Idol,1,4.9,Mar/17/2010 00:55:14
713083,AI.2010.KATIE,Katie Stevens to win American Idol,4,5.0,Mar/17/2010 00:55:14
713083,AI.2010.KATIE,Katie Stevens to win American Idol,1,4.8,Mar/17/2010 00:55:14
713083,AI.2010.KATIE,Katie Stevens to win American Idol,1,4.8,Mar/17/2010 00:55:14
713083,AI.2010.KATIE,Katie Stevens to win American Idol,2,4.8,Mar/17/2010 00:55:14
713083,AI.2010.KATIE,Katie Stevens to win American Idol,200,3.5,Mar/17/2010 01:26:16
713083,AI.2010.KATIE,Katie Stevens to win American Idol,200,3.5,Mar/17/2010 01:33:45
713083,AI.2010.KATIE,Katie Stevens to win American Idol,1,3.6,Mar/17/2010 06:01:45
713083,AI.2010.KATIE,Katie Stevens to win American Idol,1,3.9,Mar/17/2010 19:10:12
713083,AI.2010.KATIE,Katie Stevens to win American Idol,1,3.9,Mar/17/2010 19:48:27
713083,AI.2010.KATIE,Katie Stevens to win American Idol,2,3.9,Mar/17/2010 19:48:39
713083,AI.2010.KATIE,Katie Stevens to win American Idol,1,3.9,Mar/17/2010 19:49:57
713083,AI.2010.KATIE,Katie Stevens to win American Idol,5,3.9,Mar/18/2010 05:00:25
713083,AI.2010.KATIE,Katie Stevens to win American Idol,11,2.1,Mar/18/2010 05:11:50
713083,AI.2010.KATIE,Katie Stevens to win American Idol,1,2.1,Mar/18/2010 05:11:50
713083,AI.2010.KATIE,Katie Stevens to win American Idol,40,2.1,Mar/18/2010 22:35:32
713083,AI.2010.KATIE,Katie Stevens to win American Idol,71,2.0,Mar/18/2010 22:36:28
713083,AI.2010.KATIE,Katie Stevens to win American Idol,1,2.6,Mar/20/2010 10:01:25
713083,AI.2010.KATIE,Katie Stevens to win American Idol,1,3.5,Mar/20/2010 16:01:32
713083,AI.2010.KATIE,Katie Stevens to win American Idol,1,3.8,Mar/20/2010 16:01:32
713083,AI.2010.KATIE,Katie Stevens to win American Idol,3,3.7,Mar/20/2010 16:01:32
713083,AI.2010.KATIE,Katie Stevens to win American Idol,8,3.8,Mar/20/2010 16:01:32
713083,AI.2010.KATIE,Katie Stevens to win American Idol,111,3.9,Mar/20/2010 16:01:32
713083,AI.2010.KATIE,Katie Stevens to win American Idol,1,3.9,Mar/20/2010 16:01:32
713083,AI.2010.KATIE,Katie Stevens to win American Idol,1,3.6,Mar/20/2010 16:01:32
713083,AI.2010.KATIE,Katie Stevens to win American Idol,1,3.7,Mar/20/2010 16:01:32
713083,AI.2010.KATIE,Katie Stevens to win American Idol,1,3.8,Mar/20/2010 16:01:32
713083,AI.2010.KATIE,Katie Stevens to win American Idol,1,2.8,Mar/21/2010 03:07:23
713083,AI.2010.KATIE,Katie Stevens to win American Idol,1,2.8,Mar/21/2010 03:07:34
713083,AI.2010.KATIE,Katie Stevens to win American Idol,2,2.8,Mar/21/2010 03:07:45
713083,AI.2010.KATIE,Katie Stevens to win American Idol,1,2.8,Mar/21/2010 03:07:57
713083,AI.2010.KATIE,Katie Stevens to win American Idol,2,2.8,Mar/21/2010 03:08:08
713083,AI.2010.KATIE,Katie Stevens to win American Idol,1,2.8,Mar/21/2010 03:08:19
713083,AI.2010.KATIE,Katie Stevens to win American Idol,2,2.8,Mar/21/2010 03:08:31
713083,AI.2010.KATIE,Katie Stevens to win American Idol,2,2.8,Mar/21/2010 03:08:42
713083,AI.2010.KATIE,Katie Stevens to win American Idol,2,2.9,Mar/21/2010 03:08:53
713083,AI.2010.KATIE,Katie Stevens to win American Idol,2,2.9,Mar/21/2010 03:09:04
713083,AI.2010.KATIE,Katie Stevens to win American Idol,1,2.9,Mar/21/2010 03:21:18
713083,AI.2010.KATIE,Katie Stevens to win American Idol,5,2.9,Mar/21/2010 03:21:29
713083,AI.2010.KATIE,Katie Stevens to win American Idol,2,2.8,Mar/21/2010 03:21:41
713083,AI.2010.KATIE,Katie Stevens to win American Idol,1,2.9,Mar/21/2010 03:21:52
713083,AI.2010.KATIE,Katie Stevens to win American Idol,1,2.9,Mar/21/2010 03:22:03
713083,AI.2010.KATIE,Katie Stevens to win American Idol,1,2.8,Mar/21/2010 05:40:06
713083,AI.2010.KATIE,Katie Stevens to win American Idol,1,2.8,Mar/21/2010 05:40:23
713083,AI.2010.KATIE,Katie Stevens to win American Idol,1,2.8,Mar/23/2010 01:17:31
713083,AI.2010.KATIE,Katie Stevens to win American Idol,1,2.8,Mar/23/2010 01:19:35
713083,AI.2010.KATIE,Katie Stevens to win American Idol,2,2.8,Mar/23/2010 01:39:43
713083,AI.2010.KATIE,Katie Stevens to win American Idol,2,2.8,Mar/23/2010 01:39:54
713083,AI.2010.KATIE,Katie Stevens to win American Idol,3,2.8,Mar/23/2010 01:40:05
713083,AI.2010.KATIE,Katie Stevens to win American Idol,3,2.8,Mar/23/2010 01:40:16
713083,AI.2010.KATIE,Katie Stevens to win American Idol,2,2.8,Mar/23/2010 01:40:28
713083,AI.2010.KATIE,Katie Stevens to win American Idol,3,2.8,Mar/23/2010 01:43:00
713083,AI.2010.KATIE,Katie Stevens to win American Idol,2,2.8,Mar/23/2010 01:43:12
713083,AI.2010.KATIE,Katie Stevens to win American Idol,3,2.8,Mar/23/2010 01:43:40
713083,AI.2010.KATIE,Katie Stevens to win American Idol,1,2.8,Mar/23/2010 01:44:05
713083,AI.2010.KATIE,Katie Stevens to win American Idol,2,2.8,Mar/23/2010 01:47:58
713083,AI.2010.KATIE,Katie Stevens to win American Idol,2,2.8,Mar/23/2010 04:43:54
713083,AI.2010.KATIE,Katie Stevens to win American Idol,1,2.8,Mar/23/2010 15:13:16
713083,AI.2010.KATIE,Katie Stevens to win American Idol,1,2.8,Mar/23/2010 15:23:24
713083,AI.2010.KATIE,Katie Stevens to win American Idol,1,2.8,Mar/23/2010 15:23:35
713083,AI.2010.KATIE,Katie Stevens to win American Idol,3,2.8,Mar/23/2010 15:23:46
713083,AI.2010.KATIE,Katie Stevens to win American Idol,1,2.8,Mar/23/2010 15:23:58
713083,AI.2010.KATIE,Katie Stevens to win American Idol,1,3.0,Mar/24/2010 01:25:57
713083,AI.2010.KATIE,Katie Stevens to win American Idol,1,2.9,Mar/24/2010 01:25:57
713083,AI.2010.KATIE,Katie Stevens to win American Idol,1,3.1,Mar/24/2010 13:27:06
713083,AI.2010.KATIE,Katie Stevens to win American Idol,1,3.2,Mar/24/2010 13:28:10
713083,AI.2010.KATIE,Katie Stevens to win American Idol,50,3.0,Mar/24/2010 16:20:01
713083,AI.2010.KATIE,Katie Stevens to win American Idol,1,2.8,Mar/24/2010 19:22:46
713083,AI.2010.KATIE,Katie Stevens to win American Idol,8,2.7,Mar/25/2010 02:42:59
713083,AI.2010.KATIE,Katie Stevens to win American Idol,1,2.8,Mar/25/2010 02:42:59
713083,AI.2010.KATIE,Katie Stevens to win American Idol,5,2.6,Mar/25/2010 21:40:21
713083,AI.2010.KATIE,Katie Stevens to win American Idol,3,2.6,Mar/25/2010 21:44:19
713083,AI.2010.KATIE,Katie Stevens to win American Idol,36,2.4,Mar/27/2010 00:18:40
713083,AI.2010.KATIE,Katie Stevens to win American Idol,30,2.5,Mar/27/2010 00:18:40
713083,AI.2010.KATIE,Katie Stevens to win American Idol,1,2.5,Mar/27/2010 15:39:37
713083,AI.2010.KATIE,Katie Stevens to win American Idol,30,3.3,Mar/27/2010 20:19:30
713083,AI.2010.KATIE,Katie Stevens to win American Idol,1,2.9,Mar/27/2010 20:19:30
713083,AI.2010.KATIE,Katie Stevens to win American Idol,4,2.6,Mar/27/2010 20:19:30
713083,AI.2010.KATIE,Katie Stevens to win American Idol,1,2.8,Mar/27/2010 20:19:30
713083,AI.2010.KATIE,Katie Stevens to win American Idol,4,2.6,Mar/27/2010 20:19:30
713083,AI.2010.KATIE,Katie Stevens to win American Idol,1,2.9,Mar/27/2010 20:19:30
713083,AI.2010.KATIE,Katie Stevens to win American Idol,20,3.2,Mar/27/2010 20:19:30
713083,AI.2010.KATIE,Katie Stevens to win American Idol,6,2.5,Mar/27/2010 20:19:30
713083,AI.2010.KATIE,Katie Stevens to win American Idol,20,3.0,Mar/27/2010 20:19:30
713083,AI.2010.KATIE,Katie Stevens to win American Idol,1,2.9,Mar/27/2010 20:19:30
713083,AI.2010.KATIE,Katie Stevens to win American Idol,1,3.1,Mar/27/2010 20:19:30
713083,AI.2010.KATIE,Katie Stevens to win American Idol,1,3.0,Mar/27/2010 20:19:30
713083,AI.2010.KATIE,Katie Stevens to win American Idol,1,2.9,Mar/27/2010 20:19:30
713083,AI.2010.KATIE,Katie Stevens to win American Idol,4,3.2,Mar/27/2010 20:19:30
713083,AI.2010.KATIE,Katie Stevens to win American Idol,3,3.2,Mar/27/2010 20:19:30
713083,AI.2010.KATIE,Katie Stevens to win American Idol,2,3.1,Mar/27/2010 20:19:30
713083,AI.2010.KATIE,Katie Stevens to win American Idol,129,2.5,Mar/29/2010 19:06:50
713083,AI.2010.KATIE,Katie Stevens to win American Idol,5,2.5,Mar/29/2010 19:06:50
713083,AI.2010.KATIE,Katie Stevens to win American Idol,1,2.5,Mar/29/2010 19:06:50
713083,AI.2010.KATIE,Katie Stevens to win American Idol,4,2.5,Mar/30/2010 02:11:03
713083,AI.2010.KATIE,Katie Stevens to win American Idol,4,2.6,Mar/30/2010 23:27:34
713083,AI.2010.KATIE,Katie Stevens to win American Idol,2,2.6,Mar/30/2010 23:27:34
713083,AI.2010.KATIE,Katie Stevens to win American Idol,4,2.6,Mar/30/2010 23:27:34
713083,AI.2010.KATIE,Katie Stevens to win American Idol,5,2.6,Mar/30/2010 23:27:34
713083,AI.2010.KATIE,Katie Stevens to win American Idol,2,2.6,Mar/30/2010 23:27:34
713083,AI.2010.KATIE,Katie Stevens to win American Idol,5,2.6,Mar/30/2010 23:27:34
713083,AI.2010.KATIE,Katie Stevens to win American Idol,2,2.7,Mar/31/2010 01:24:21
713083,AI.2010.KATIE,Katie Stevens to win American Idol,1,2.7,Mar/31/2010 01:24:21
713083,AI.2010.KATIE,Katie Stevens to win American Idol,4,2.6,Mar/31/2010 01:24:21
713083,AI.2010.KATIE,Katie Stevens to win American Idol,1,3.0,Mar/31/2010 01:27:50
713083,AI.2010.KATIE,Katie Stevens to win American Idol,2,2.9,Mar/31/2010 01:27:50
713083,AI.2010.KATIE,Katie Stevens to win American Idol,2,3.0,Mar/31/2010 01:27:50
713083,AI.2010.KATIE,Katie Stevens to win American Idol,1,3.0,Mar/31/2010 01:27:50
713083,AI.2010.KATIE,Katie Stevens to win American Idol,1,2.8,Mar/31/2010 01:27:50
713083,AI.2010.KATIE,Katie Stevens to win American Idol,2,3.0,Mar/31/2010 01:27:50
713083,AI.2010.KATIE,Katie Stevens to win American Idol,2,3.0,Mar/31/2010 01:27:50
713083,AI.2010.KATIE,Katie Stevens to win American Idol,1,2.9,Mar/31/2010 01:27:50
713083,AI.2010.KATIE,Katie Stevens to win American Idol,1,3.0,Mar/31/2010 01:27:50
713083,AI.2010.KATIE,Katie Stevens to win American Idol,1,2.9,Mar/31/2010 01:27:50
713083,AI.2010.KATIE,Katie Stevens to win American Idol,1,2.9,Mar/31/2010 01:27:50
713083,AI.2010.KATIE,Katie Stevens to win American Idol,5,3.0,Mar/31/2010 01:44:01
713083,AI.2010.KATIE,Katie Stevens to win American Idol,7,3.0,Mar/31/2010 01:46:14
713083,AI.2010.KATIE,Katie Stevens to win American Idol,5,3.0,Mar/31/2010 01:47:20
713083,AI.2010.KATIE,Katie Stevens to win American Idol,4,3.0,Mar/31/2010 01:50:19
713083,AI.2010.KATIE,Katie Stevens to win American Idol,5,3.0,Mar/31/2010 02:00:57
713083,AI.2010.KATIE,Katie Stevens to win American Idol,5,3.0,Mar/31/2010 02:13:49
713083,AI.2010.KATIE,Katie Stevens to win American Idol,2,2.6,Mar/31/2010 03:50:45
713083,AI.2010.KATIE,Katie Stevens to win American Idol,867,2.5,Mar/31/2010 03:58:51
713083,AI.2010.KATIE,Katie Stevens to win American Idol,5,1.3,Mar/31/2010 16:19:05
713083,AI.2010.KATIE,Katie Stevens to win American Idol,25,1.3,Mar/31/2010 16:23:34
713083,AI.2010.KATIE,Katie Stevens to win American Idol,40,1.4,Mar/31/2010 22:55:38
713083,AI.2010.KATIE,Katie Stevens to win American Idol,5,1.4,Mar/31/2010 23:06:44
713083,AI.2010.KATIE,Katie Stevens to win American Idol,3,1.9,Apr/01/2010 01:44:56
713083,AI.2010.KATIE,Katie Stevens to win American Idol,2,2.0,Apr/01/2010 01:44:56
713083,AI.2010.KATIE,Katie Stevens to win American Idol,5,1.6,Apr/04/2010 19:50:22
713083,AI.2010.KATIE,Katie Stevens to win American Idol,11,1.6,Apr/05/2010 23:53:20
713083,AI.2010.KATIE,Katie Stevens to win American Idol,23,1.5,Apr/06/2010 01:52:48
713083,AI.2010.KATIE,Katie Stevens to win American Idol,5,1.4,Apr/07/2010 12:23:45
713083,AI.2010.KATIE,Katie Stevens to win American Idol,1,1.5,Apr/07/2010 12:23:45
713083,AI.2010.KATIE,Katie Stevens to win American Idol,6,1.6,Apr/07/2010 12:33:08
713083,AI.2010.KATIE,Katie Stevens to win American Idol,5,1.7,Apr/07/2010 12:33:36
713083,AI.2010.KATIE,Katie Stevens to win American Idol,10,1.6,Apr/07/2010 23:13:17
713083,AI.2010.KATIE,Katie Stevens to win American Idol,2,1.7,Apr/08/2010 06:16:40
713083,AI.2010.KATIE,Katie Stevens to win American Idol,5,1.8,Apr/08/2010 20:06:08
713083,AI.2010.KATIE,Katie Stevens to win American Idol,2,2.0,Apr/09/2010 15:17:33
713083,AI.2010.KATIE,Katie Stevens to win American Idol,2,2.0,Apr/09/2010 15:17:33
713083,AI.2010.KATIE,Katie Stevens to win American Idol,8,2.0,Apr/09/2010 15:17:33
713083,AI.2010.KATIE,Katie Stevens to win American Idol,5,2.0,Apr/09/2010 15:17:33
713083,AI.2010.KATIE,Katie Stevens to win American Idol,3,2.1,Apr/09/2010 15:18:54
713083,AI.2010.KATIE,Katie Stevens to win American Idol,5,1.9,Apr/09/2010 23:34:59
713083,AI.2010.KATIE,Katie Stevens to win American Idol,5,1.9,Apr/09/2010 23:41:21
713083,AI.2010.KATIE,Katie Stevens to win American Idol,5,1.9,Apr/10/2010 00:06:59
713083,AI.2010.KATIE,Katie Stevens to win American Idol,5,2.0,Apr/10/2010 05:48:27
713083,AI.2010.KATIE,Katie Stevens to win American Idol,5,2.0,Apr/10/2010 05:48:27
713083,AI.2010.KATIE,Katie Stevens to win American Idol,4,2.0,Apr/10/2010 05:48:27
713083,AI.2010.KATIE,Katie Stevens to win American Idol,4,2.1,Apr/10/2010 05:48:54
713083,AI.2010.KATIE,Katie Stevens to win American Idol,3,2.2,Apr/10/2010 05:49:15
713083,AI.2010.KATIE,Katie Stevens to win American Idol,5,2.2,Apr/10/2010 05:49:15
713083,AI.2010.KATIE,Katie Stevens to win American Idol,1,2.2,Apr/10/2010 05:49:15
713083,AI.2010.KATIE,Katie Stevens to win American Idol,1,2.3,Apr/10/2010 05:49:38
713083,AI.2010.KATIE,Katie Stevens to win American Idol,4,2.3,Apr/10/2010 05:49:38
713083,AI.2010.KATIE,Katie Stevens to win American Idol,5,2.3,Apr/10/2010 05:49:38
713083,AI.2010.KATIE,Katie Stevens to win American Idol,3,2.3,Apr/10/2010 05:49:38
713083,AI.2010.KATIE,Katie Stevens to win American Idol,2,2.3,Apr/10/2010 05:49:38
713083,AI.2010.KATIE,Katie Stevens to win American Idol,200,2.4,Apr/10/2010 05:50:12
713083,AI.2010.KATIE,Katie Stevens to win American Idol,2,2.4,Apr/10/2010 05:50:12
713083,AI.2010.KATIE,Katie Stevens to win American Idol,4,2.4,Apr/10/2010 05:50:12
713083,AI.2010.KATIE,Katie Stevens to win American Idol,4,2.0,Apr/13/2010 17:21:47
713083,AI.2010.KATIE,Katie Stevens to win American Idol,5,1.9,Apr/14/2010 02:58:25
713083,AI.2010.KATIE,Katie Stevens to win American Idol,30,1.9,Apr/14/2010 03:19:14
713083,AI.2010.KATIE,Katie Stevens to win American Idol,4,0.6,Apr/15/2010 01:53:20
713083,AI.2010.KATIE,Katie Stevens to win American Idol,7,0.6,Apr/15/2010 01:55:59
713083,AI.2010.KATIE,Katie Stevens to win American Idol,40,0.6,Apr/15/2010 01:58:54
713083,AI.2010.KATIE,Katie Stevens to win American Idol,5,0.6,Apr/15/2010 02:02:55
713083,AI.2010.KATIE,Katie Stevens to win American Idol,367,0.2,Apr/15/2010 02:10:41
713083,AI.2010.KATIE,Katie Stevens to win American Idol,9,0.6,Apr/15/2010 02:10:41
713083,AI.2010.KATIE,Katie Stevens to win American Idol,26,0.6,Apr/15/2010 02:10:41
713083,AI.2010.KATIE,Katie Stevens to win American Idol,45,0.5,Apr/15/2010 02:10:41
713083,AI.2010.KATIE,Katie Stevens to win American Idol,26,0.5,Apr/15/2010 02:10:41
713083,AI.2010.KATIE,Katie Stevens to win American Idol,38,0.5,Apr/15/2010 02:10:41
713083,AI.2010.KATIE,Katie Stevens to win American Idol,100,0.4,Apr/15/2010 02:10:41
713083,AI.2010.KATIE,Katie Stevens to win American Idol,280,0.5,Apr/15/2010 02:10:41
713083,AI.2010.KATIE,Katie Stevens to win American Idol,38,0.5,Apr/15/2010 02:10:41
713083,AI.2010.KATIE,Katie Stevens to win American Idol,18,0.2,Apr/15/2010 02:10:43
713083,AI.2010.KATIE,Katie Stevens to win American Idol,53,0.2,Apr/15/2010 12:18:44
713083,AI.2010.KATIE,Katie Stevens to win American Idol,10,0.4,Apr/15/2010 20:11:25
713083,AI.2010.KATIE,Katie Stevens to win American Idol,14,0.4,Apr/15/2010 22:36:55
713083,AI.2010.KATIE,Katie Stevens to win American Idol,48,0.4,Apr/16/2010 18:21:54
713083,AI.2010.KATIE,Katie Stevens to win American Idol,128,0.4,May/05/2010 13:38:49
713083,AI.2010.KATIE,Katie Stevens to win American Idol,269,0.5,May/11/2010 03:14:34
713083,AI.2010.KATIE,Katie Stevens to win American Idol,5,0.5,May/15/2010 05:17:04
713083,AI.2010.KATIE,Katie Stevens to win American Idol,4,0.5,May/19/2010 12:17:05
713083,AI.2010.KATIE,Katie Stevens to win American Idol,30,0.5,May/19/2010 12:34:05
713083,AI.2010.KATIE,Katie Stevens to win American Idol,10,0.5,May/26/2010 03:29:57
713083,AI.2010.KATIE,Katie Stevens to win American Idol,34,0.5,May/26/2010 15:55:06
713083,AI.2010.KATIE,Katie Stevens to win American Idol,240,0.5,May/26/2010 15:55:27
713083,AI.2010.KATIE,Katie Stevens to win American Idol,20,0.5,May/27/2010 00:07:24
