market id,market symbol,market name,trade quantity,trade price,date/time [utc]
529718,OSAMA.CAPTURE.JUN08,Osama Bin Laden to be captured/neutralised by 30 Jun 2008,10,12.5,Oct/03/2007 12:07:38
529718,OSAMA.CAPTURE.JUN08,Osama Bin Laden to be captured/neutralised by 30 Jun 2008,10,12.5,Oct/03/2007 12:07:51
529718,OSAMA.CAPTURE.JUN08,Osama Bin Laden to be captured/neutralised by 30 Jun 2008,10,12.5,Oct/04/2007 12:47:59
529718,OSAMA.CAPTURE.JUN08,Osama Bin Laden to be captured/neutralised by 30 Jun 2008,10,12.5,Oct/04/2007 12:48:12
529718,OSAMA.CAPTURE.JUN08,Osama Bin Laden to be captured/neutralised by 30 Jun 2008,10,12.0,Oct/09/2007 15:59:50
529718,OSAMA.CAPTURE.JUN08,Osama Bin Laden to be captured/neutralised by 30 Jun 2008,10,12.0,Oct/09/2007 15:59:57
529718,OSAMA.CAPTURE.JUN08,Osama Bin Laden to be captured/neutralised by 30 Jun 2008,15,12.8,Oct/10/2007 12:38:37
529718,OSAMA.CAPTURE.JUN08,Osama Bin Laden to be captured/neutralised by 30 Jun 2008,15,12.8,Oct/10/2007 12:38:54
529718,OSAMA.CAPTURE.JUN08,Osama Bin Laden to be captured/neutralised by 30 Jun 2008,10,13.0,Oct/11/2007 18:19:07
529718,OSAMA.CAPTURE.JUN08,Osama Bin Laden to be captured/neutralised by 30 Jun 2008,10,13.0,Oct/11/2007 18:19:18
529718,OSAMA.CAPTURE.JUN08,Osama Bin Laden to be captured/neutralised by 30 Jun 2008,10,12.8,Oct/12/2007 12:27:11
529718,OSAMA.CAPTURE.JUN08,Osama Bin Laden to be captured/neutralised by 30 Jun 2008,10,12.8,Oct/12/2007 12:27:27
529718,OSAMA.CAPTURE.JUN08,Osama Bin Laden to be captured/neutralised by 30 Jun 2008,2,13.5,Oct/12/2007 22:29:52
529718,OSAMA.CAPTURE.JUN08,Osama Bin Laden to be captured/neutralised by 30 Jun 2008,10,11.5,Oct/15/2007 12:22:16
529718,OSAMA.CAPTURE.JUN08,Osama Bin Laden to be captured/neutralised by 30 Jun 2008,10,11.5,Oct/15/2007 12:22:28
529718,OSAMA.CAPTURE.JUN08,Osama Bin Laden to be captured/neutralised by 30 Jun 2008,8,11.9,Oct/16/2007 16:22:07
529718,OSAMA.CAPTURE.JUN08,Osama Bin Laden to be captured/neutralised by 30 Jun 2008,8,11.9,Oct/16/2007 16:22:20
529718,OSAMA.CAPTURE.JUN08,Osama Bin Laden to be captured/neutralised by 30 Jun 2008,10,11.0,Oct/22/2007 15:54:53
529718,OSAMA.CAPTURE.JUN08,Osama Bin Laden to be captured/neutralised by 30 Jun 2008,10,11.0,Oct/22/2007 15:55:03
529718,OSAMA.CAPTURE.JUN08,Osama Bin Laden to be captured/neutralised by 30 Jun 2008,10,12.0,Oct/25/2007 08:39:42
529718,OSAMA.CAPTURE.JUN08,Osama Bin Laden to be captured/neutralised by 30 Jun 2008,10,12.0,Oct/25/2007 08:39:52
529718,OSAMA.CAPTURE.JUN08,Osama Bin Laden to be captured/neutralised by 30 Jun 2008,20,12.0,Oct/25/2007 08:40:17
529718,OSAMA.CAPTURE.JUN08,Osama Bin Laden to be captured/neutralised by 30 Jun 2008,10,12.0,Oct/26/2007 10:29:54
529718,OSAMA.CAPTURE.JUN08,Osama Bin Laden to be captured/neutralised by 30 Jun 2008,10,12.0,Oct/26/2007 10:30:12
529718,OSAMA.CAPTURE.JUN08,Osama Bin Laden to be captured/neutralised by 30 Jun 2008,15,10.0,Oct/29/2007 19:39:12
529718,OSAMA.CAPTURE.JUN08,Osama Bin Laden to be captured/neutralised by 30 Jun 2008,5,10.9,Oct/29/2007 19:39:12
529718,OSAMA.CAPTURE.JUN08,Osama Bin Laden to be captured/neutralised by 30 Jun 2008,5,12.9,Nov/01/2007 04:47:44
529718,OSAMA.CAPTURE.JUN08,Osama Bin Laden to be captured/neutralised by 30 Jun 2008,5,13.0,Nov/01/2007 04:47:44
529718,OSAMA.CAPTURE.JUN08,Osama Bin Laden to be captured/neutralised by 30 Jun 2008,10,12.0,Nov/01/2007 13:17:53
529718,OSAMA.CAPTURE.JUN08,Osama Bin Laden to be captured/neutralised by 30 Jun 2008,10,12.0,Nov/01/2007 13:17:59
529718,OSAMA.CAPTURE.JUN08,Osama Bin Laden to be captured/neutralised by 30 Jun 2008,3,12.9,Nov/04/2007 15:41:25
529718,OSAMA.CAPTURE.JUN08,Osama Bin Laden to be captured/neutralised by 30 Jun 2008,5,13.0,Nov/04/2007 15:41:48
529718,OSAMA.CAPTURE.JUN08,Osama Bin Laden to be captured/neutralised by 30 Jun 2008,3,14.9,Nov/04/2007 15:42:25
529718,OSAMA.CAPTURE.JUN08,Osama Bin Laden to be captured/neutralised by 30 Jun 2008,5,15.0,Nov/04/2007 15:42:25
529718,OSAMA.CAPTURE.JUN08,Osama Bin Laden to be captured/neutralised by 30 Jun 2008,30,15.0,Nov/05/2007 14:51:49
529718,OSAMA.CAPTURE.JUN08,Osama Bin Laden to be captured/neutralised by 30 Jun 2008,30,15.0,Nov/05/2007 14:51:59
529718,OSAMA.CAPTURE.JUN08,Osama Bin Laden to be captured/neutralised by 30 Jun 2008,10,15.0,Nov/06/2007 18:26:59
529718,OSAMA.CAPTURE.JUN08,Osama Bin Laden to be captured/neutralised by 30 Jun 2008,10,15.0,Nov/06/2007 18:27:06
529718,OSAMA.CAPTURE.JUN08,Osama Bin Laden to be captured/neutralised by 30 Jun 2008,30,20.0,Nov/07/2007 13:24:24
529718,OSAMA.CAPTURE.JUN08,Osama Bin Laden to be captured/neutralised by 30 Jun 2008,30,20.0,Nov/07/2007 13:24:33
529718,OSAMA.CAPTURE.JUN08,Osama Bin Laden to be captured/neutralised by 30 Jun 2008,10,12.5,Nov/12/2007 14:33:12
529718,OSAMA.CAPTURE.JUN08,Osama Bin Laden to be captured/neutralised by 30 Jun 2008,10,12.5,Nov/12/2007 14:33:20
529718,OSAMA.CAPTURE.JUN08,Osama Bin Laden to be captured/neutralised by 30 Jun 2008,10,14.0,Nov/15/2007 17:42:56
529718,OSAMA.CAPTURE.JUN08,Osama Bin Laden to be captured/neutralised by 30 Jun 2008,10,14.0,Nov/15/2007 17:43:04
529718,OSAMA.CAPTURE.JUN08,Osama Bin Laden to be captured/neutralised by 30 Jun 2008,10,13.0,Nov/19/2007 13:21:36
529718,OSAMA.CAPTURE.JUN08,Osama Bin Laden to be captured/neutralised by 30 Jun 2008,10,13.0,Nov/19/2007 13:21:44
529718,OSAMA.CAPTURE.JUN08,Osama Bin Laden to be captured/neutralised by 30 Jun 2008,30,14.0,Nov/20/2007 14:43:01
529718,OSAMA.CAPTURE.JUN08,Osama Bin Laden to be captured/neutralised by 30 Jun 2008,30,14.0,Nov/20/2007 14:43:12
529718,OSAMA.CAPTURE.JUN08,Osama Bin Laden to be captured/neutralised by 30 Jun 2008,15,13.5,Nov/21/2007 14:39:13
529718,OSAMA.CAPTURE.JUN08,Osama Bin Laden to be captured/neutralised by 30 Jun 2008,15,13.5,Nov/21/2007 14:39:25
529718,OSAMA.CAPTURE.JUN08,Osama Bin Laden to be captured/neutralised by 30 Jun 2008,15,13.6,Nov/22/2007 14:28:04
529718,OSAMA.CAPTURE.JUN08,Osama Bin Laden to be captured/neutralised by 30 Jun 2008,15,13.6,Nov/22/2007 14:28:13
529718,OSAMA.CAPTURE.JUN08,Osama Bin Laden to be captured/neutralised by 30 Jun 2008,10,14.0,Nov/23/2007 13:59:51
529718,OSAMA.CAPTURE.JUN08,Osama Bin Laden to be captured/neutralised by 30 Jun 2008,10,14.0,Nov/23/2007 14:00:03
529718,OSAMA.CAPTURE.JUN08,Osama Bin Laden to be captured/neutralised by 30 Jun 2008,15,14.0,Nov/27/2007 13:47:36
529718,OSAMA.CAPTURE.JUN08,Osama Bin Laden to be captured/neutralised by 30 Jun 2008,15,14.0,Nov/27/2007 13:47:45
529718,OSAMA.CAPTURE.JUN08,Osama Bin Laden to be captured/neutralised by 30 Jun 2008,10,13.3,Nov/28/2007 13:44:24
529718,OSAMA.CAPTURE.JUN08,Osama Bin Laden to be captured/neutralised by 30 Jun 2008,10,13.3,Nov/28/2007 13:44:35
529718,OSAMA.CAPTURE.JUN08,Osama Bin Laden to be captured/neutralised by 30 Jun 2008,30,13.5,Nov/29/2007 18:43:08
529718,OSAMA.CAPTURE.JUN08,Osama Bin Laden to be captured/neutralised by 30 Jun 2008,30,13.5,Nov/29/2007 18:43:35
529718,OSAMA.CAPTURE.JUN08,Osama Bin Laden to be captured/neutralised by 30 Jun 2008,1,12.9,Nov/30/2007 03:48:50
529718,OSAMA.CAPTURE.JUN08,Osama Bin Laden to be captured/neutralised by 30 Jun 2008,15,15.0,Dec/03/2007 13:40:01
529718,OSAMA.CAPTURE.JUN08,Osama Bin Laden to be captured/neutralised by 30 Jun 2008,15,15.0,Dec/03/2007 13:40:10
529718,OSAMA.CAPTURE.JUN08,Osama Bin Laden to be captured/neutralised by 30 Jun 2008,12,14.2,Dec/04/2007 17:25:11
529718,OSAMA.CAPTURE.JUN08,Osama Bin Laden to be captured/neutralised by 30 Jun 2008,12,14.2,Dec/04/2007 17:25:26
529718,OSAMA.CAPTURE.JUN08,Osama Bin Laden to be captured/neutralised by 30 Jun 2008,15,15.0,Dec/05/2007 21:49:46
529718,OSAMA.CAPTURE.JUN08,Osama Bin Laden to be captured/neutralised by 30 Jun 2008,15,15.0,Dec/05/2007 21:49:56
529718,OSAMA.CAPTURE.JUN08,Osama Bin Laden to be captured/neutralised by 30 Jun 2008,30,15.0,Dec/10/2007 15:07:19
529718,OSAMA.CAPTURE.JUN08,Osama Bin Laden to be captured/neutralised by 30 Jun 2008,30,15.0,Dec/10/2007 15:07:31
529718,OSAMA.CAPTURE.JUN08,Osama Bin Laden to be captured/neutralised by 30 Jun 2008,5,12.3,Dec/11/2007 14:33:00
529718,OSAMA.CAPTURE.JUN08,Osama Bin Laden to be captured/neutralised by 30 Jun 2008,5,12.4,Dec/11/2007 14:33:00
529718,OSAMA.CAPTURE.JUN08,Osama Bin Laden to be captured/neutralised by 30 Jun 2008,20,12.0,Dec/11/2007 14:33:00
529718,OSAMA.CAPTURE.JUN08,Osama Bin Laden to be captured/neutralised by 30 Jun 2008,5,16.5,Dec/11/2007 14:33:53
529718,OSAMA.CAPTURE.JUN08,Osama Bin Laden to be captured/neutralised by 30 Jun 2008,20,20.0,Dec/11/2007 14:33:53
529718,OSAMA.CAPTURE.JUN08,Osama Bin Laden to be captured/neutralised by 30 Jun 2008,2,16.0,Dec/11/2007 14:33:53
529718,OSAMA.CAPTURE.JUN08,Osama Bin Laden to be captured/neutralised by 30 Jun 2008,3,18.0,Dec/11/2007 14:33:53
529718,OSAMA.CAPTURE.JUN08,Osama Bin Laden to be captured/neutralised by 30 Jun 2008,30,20.0,Dec/11/2007 14:36:34
529718,OSAMA.CAPTURE.JUN08,Osama Bin Laden to be captured/neutralised by 30 Jun 2008,30,20.0,Dec/11/2007 14:36:47
529718,OSAMA.CAPTURE.JUN08,Osama Bin Laden to be captured/neutralised by 30 Jun 2008,10,13.0,Dec/14/2007 13:35:55
529718,OSAMA.CAPTURE.JUN08,Osama Bin Laden to be captured/neutralised by 30 Jun 2008,10,13.0,Dec/14/2007 13:36:02
529718,OSAMA.CAPTURE.JUN08,Osama Bin Laden to be captured/neutralised by 30 Jun 2008,10,13.0,Dec/17/2007 13:06:40
529718,OSAMA.CAPTURE.JUN08,Osama Bin Laden to be captured/neutralised by 30 Jun 2008,10,13.0,Dec/17/2007 13:06:48
529718,OSAMA.CAPTURE.JUN08,Osama Bin Laden to be captured/neutralised by 30 Jun 2008,30,13.0,Dec/18/2007 15:10:34
529718,OSAMA.CAPTURE.JUN08,Osama Bin Laden to be captured/neutralised by 30 Jun 2008,30,13.0,Dec/18/2007 15:11:02
529718,OSAMA.CAPTURE.JUN08,Osama Bin Laden to be captured/neutralised by 30 Jun 2008,20,14.0,Dec/18/2007 18:49:24
529718,OSAMA.CAPTURE.JUN08,Osama Bin Laden to be captured/neutralised by 30 Jun 2008,5,12.4,Dec/18/2007 18:49:51
529718,OSAMA.CAPTURE.JUN08,Osama Bin Laden to be captured/neutralised by 30 Jun 2008,5,12.3,Dec/18/2007 18:50:05
529718,OSAMA.CAPTURE.JUN08,Osama Bin Laden to be captured/neutralised by 30 Jun 2008,5,12.0,Dec/18/2007 18:50:16
529718,OSAMA.CAPTURE.JUN08,Osama Bin Laden to be captured/neutralised by 30 Jun 2008,4,11.3,Dec/18/2007 18:50:35
529718,OSAMA.CAPTURE.JUN08,Osama Bin Laden to be captured/neutralised by 30 Jun 2008,1,11.3,Dec/19/2007 02:11:12
529718,OSAMA.CAPTURE.JUN08,Osama Bin Laden to be captured/neutralised by 30 Jun 2008,10,11.7,Dec/19/2007 20:12:31
529718,OSAMA.CAPTURE.JUN08,Osama Bin Laden to be captured/neutralised by 30 Jun 2008,10,11.7,Dec/19/2007 20:12:42
529718,OSAMA.CAPTURE.JUN08,Osama Bin Laden to be captured/neutralised by 30 Jun 2008,5,10.3,Dec/23/2007 16:30:21
529718,OSAMA.CAPTURE.JUN08,Osama Bin Laden to be captured/neutralised by 30 Jun 2008,5,10.0,Dec/23/2007 16:30:37
529718,OSAMA.CAPTURE.JUN08,Osama Bin Laden to be captured/neutralised by 30 Jun 2008,1,9.9,Dec/26/2007 01:46:20
529718,OSAMA.CAPTURE.JUN08,Osama Bin Laden to be captured/neutralised by 30 Jun 2008,10,10.0,Dec/27/2007 15:49:04
529718,OSAMA.CAPTURE.JUN08,Osama Bin Laden to be captured/neutralised by 30 Jun 2008,10,10.0,Dec/27/2007 15:49:13
529718,OSAMA.CAPTURE.JUN08,Osama Bin Laden to be captured/neutralised by 30 Jun 2008,10,10.0,Dec/28/2007 18:32:37
529718,OSAMA.CAPTURE.JUN08,Osama Bin Laden to be captured/neutralised by 30 Jun 2008,10,10.0,Dec/28/2007 18:32:44
529718,OSAMA.CAPTURE.JUN08,Osama Bin Laden to be captured/neutralised by 30 Jun 2008,14,12.0,Dec/29/2007 01:28:57
529718,OSAMA.CAPTURE.JUN08,Osama Bin Laden to be captured/neutralised by 30 Jun 2008,1,11.0,Dec/29/2007 01:28:57
529718,OSAMA.CAPTURE.JUN08,Osama Bin Laden to be captured/neutralised by 30 Jun 2008,20,10.0,Dec/31/2007 18:38:47
529718,OSAMA.CAPTURE.JUN08,Osama Bin Laden to be captured/neutralised by 30 Jun 2008,2,8.1,Jan/01/2008 15:54:22
529718,OSAMA.CAPTURE.JUN08,Osama Bin Laden to be captured/neutralised by 30 Jun 2008,5,8.0,Jan/01/2008 15:54:33
529718,OSAMA.CAPTURE.JUN08,Osama Bin Laden to be captured/neutralised by 30 Jun 2008,9,8.0,Jan/01/2008 15:56:09
529718,OSAMA.CAPTURE.JUN08,Osama Bin Laden to be captured/neutralised by 30 Jun 2008,10,8.5,Jan/02/2008 13:06:46
529718,OSAMA.CAPTURE.JUN08,Osama Bin Laden to be captured/neutralised by 30 Jun 2008,10,8.5,Jan/02/2008 13:06:54
529718,OSAMA.CAPTURE.JUN08,Osama Bin Laden to be captured/neutralised by 30 Jun 2008,4,10.0,Jan/02/2008 13:07:02
529718,OSAMA.CAPTURE.JUN08,Osama Bin Laden to be captured/neutralised by 30 Jun 2008,1,8.8,Jan/02/2008 13:07:02
529718,OSAMA.CAPTURE.JUN08,Osama Bin Laden to be captured/neutralised by 30 Jun 2008,5,9.8,Jan/02/2008 13:07:02
529718,OSAMA.CAPTURE.JUN08,Osama Bin Laden to be captured/neutralised by 30 Jun 2008,3,8.0,Jan/02/2008 13:09:49
529718,OSAMA.CAPTURE.JUN08,Osama Bin Laden to be captured/neutralised by 30 Jun 2008,7,7.8,Jan/02/2008 13:09:49
529718,OSAMA.CAPTURE.JUN08,Osama Bin Laden to be captured/neutralised by 30 Jun 2008,1,8.0,Jan/03/2008 01:33:00
529718,OSAMA.CAPTURE.JUN08,Osama Bin Laden to be captured/neutralised by 30 Jun 2008,10,8.5,Jan/03/2008 13:06:30
529718,OSAMA.CAPTURE.JUN08,Osama Bin Laden to be captured/neutralised by 30 Jun 2008,10,8.5,Jan/03/2008 13:06:38
529718,OSAMA.CAPTURE.JUN08,Osama Bin Laden to be captured/neutralised by 30 Jun 2008,8,7.8,Jan/06/2008 15:04:19
529718,OSAMA.CAPTURE.JUN08,Osama Bin Laden to be captured/neutralised by 30 Jun 2008,13,7.0,Jan/06/2008 15:05:41
529718,OSAMA.CAPTURE.JUN08,Osama Bin Laden to be captured/neutralised by 30 Jun 2008,5,7.1,Jan/06/2008 15:05:41
529718,OSAMA.CAPTURE.JUN08,Osama Bin Laden to be captured/neutralised by 30 Jun 2008,1,7.8,Jan/07/2008 00:53:02
529718,OSAMA.CAPTURE.JUN08,Osama Bin Laden to be captured/neutralised by 30 Jun 2008,20,7.9,Jan/07/2008 00:53:02
529718,OSAMA.CAPTURE.JUN08,Osama Bin Laden to be captured/neutralised by 30 Jun 2008,10,8.0,Jan/07/2008 00:53:02
529718,OSAMA.CAPTURE.JUN08,Osama Bin Laden to be captured/neutralised by 30 Jun 2008,10,8.0,Jan/07/2008 13:31:41
529718,OSAMA.CAPTURE.JUN08,Osama Bin Laden to be captured/neutralised by 30 Jun 2008,10,8.0,Jan/07/2008 13:31:47
529718,OSAMA.CAPTURE.JUN08,Osama Bin Laden to be captured/neutralised by 30 Jun 2008,3,8.7,Jan/07/2008 13:31:54
529718,OSAMA.CAPTURE.JUN08,Osama Bin Laden to be captured/neutralised by 30 Jun 2008,6,8.8,Jan/07/2008 13:31:54
529718,OSAMA.CAPTURE.JUN08,Osama Bin Laden to be captured/neutralised by 30 Jun 2008,1,9.9,Jan/07/2008 13:31:54
529718,OSAMA.CAPTURE.JUN08,Osama Bin Laden to be captured/neutralised by 30 Jun 2008,10,7.0,Jan/07/2008 13:32:55
529718,OSAMA.CAPTURE.JUN08,Osama Bin Laden to be captured/neutralised by 30 Jun 2008,10,8.0,Jan/08/2008 12:47:48
529718,OSAMA.CAPTURE.JUN08,Osama Bin Laden to be captured/neutralised by 30 Jun 2008,10,8.0,Jan/08/2008 12:47:55
529718,OSAMA.CAPTURE.JUN08,Osama Bin Laden to be captured/neutralised by 30 Jun 2008,15,7.9,Jan/09/2008 15:22:11
529718,OSAMA.CAPTURE.JUN08,Osama Bin Laden to be captured/neutralised by 30 Jun 2008,15,7.9,Jan/09/2008 15:23:43
529718,OSAMA.CAPTURE.JUN08,Osama Bin Laden to be captured/neutralised by 30 Jun 2008,2,7.1,Jan/09/2008 23:15:17
529718,OSAMA.CAPTURE.JUN08,Osama Bin Laden to be captured/neutralised by 30 Jun 2008,1,8.3,Jan/11/2008 13:48:43
529718,OSAMA.CAPTURE.JUN08,Osama Bin Laden to be captured/neutralised by 30 Jun 2008,4,8.4,Jan/11/2008 13:48:53
529718,OSAMA.CAPTURE.JUN08,Osama Bin Laden to be captured/neutralised by 30 Jun 2008,15,7.5,Jan/14/2008 15:45:25
529718,OSAMA.CAPTURE.JUN08,Osama Bin Laden to be captured/neutralised by 30 Jun 2008,15,7.5,Jan/14/2008 15:45:34
529718,OSAMA.CAPTURE.JUN08,Osama Bin Laden to be captured/neutralised by 30 Jun 2008,4,7.4,Jan/20/2008 21:27:37
529718,OSAMA.CAPTURE.JUN08,Osama Bin Laden to be captured/neutralised by 30 Jun 2008,10,7.5,Jan/21/2008 18:23:03
529718,OSAMA.CAPTURE.JUN08,Osama Bin Laden to be captured/neutralised by 30 Jun 2008,10,7.5,Jan/21/2008 18:23:13
529718,OSAMA.CAPTURE.JUN08,Osama Bin Laden to be captured/neutralised by 30 Jun 2008,21,7.4,Jan/21/2008 23:32:45
529718,OSAMA.CAPTURE.JUN08,Osama Bin Laden to be captured/neutralised by 30 Jun 2008,1,6.0,Jan/22/2008 04:42:50
529718,OSAMA.CAPTURE.JUN08,Osama Bin Laden to be captured/neutralised by 30 Jun 2008,10,6.5,Jan/25/2008 13:16:10
529718,OSAMA.CAPTURE.JUN08,Osama Bin Laden to be captured/neutralised by 30 Jun 2008,10,6.5,Jan/25/2008 13:16:17
529718,OSAMA.CAPTURE.JUN08,Osama Bin Laden to be captured/neutralised by 30 Jun 2008,5,7.4,Jan/26/2008 07:12:28
529718,OSAMA.CAPTURE.JUN08,Osama Bin Laden to be captured/neutralised by 30 Jun 2008,2,7.7,Jan/26/2008 07:12:28
529718,OSAMA.CAPTURE.JUN08,Osama Bin Laden to be captured/neutralised by 30 Jun 2008,25,7.6,Jan/26/2008 07:12:28
529718,OSAMA.CAPTURE.JUN08,Osama Bin Laden to be captured/neutralised by 30 Jun 2008,2,7.5,Jan/26/2008 07:12:28
529718,OSAMA.CAPTURE.JUN08,Osama Bin Laden to be captured/neutralised by 30 Jun 2008,2,7.0,Jan/26/2008 07:12:28
529718,OSAMA.CAPTURE.JUN08,Osama Bin Laden to be captured/neutralised by 30 Jun 2008,2,7.0,Jan/28/2008 19:19:17
529718,OSAMA.CAPTURE.JUN08,Osama Bin Laden to be captured/neutralised by 30 Jun 2008,28,7.0,Jan/30/2008 02:55:36
529718,OSAMA.CAPTURE.JUN08,Osama Bin Laden to be captured/neutralised by 30 Jun 2008,50,6.0,Jan/31/2008 18:30:02
529718,OSAMA.CAPTURE.JUN08,Osama Bin Laden to be captured/neutralised by 30 Jun 2008,22,7.0,Jan/31/2008 18:43:44
529718,OSAMA.CAPTURE.JUN08,Osama Bin Laden to be captured/neutralised by 30 Jun 2008,2,7.9,Jan/31/2008 18:45:02
529718,OSAMA.CAPTURE.JUN08,Osama Bin Laden to be captured/neutralised by 30 Jun 2008,2,8.0,Jan/31/2008 18:45:40
529718,OSAMA.CAPTURE.JUN08,Osama Bin Laden to be captured/neutralised by 30 Jun 2008,5,8.3,Jan/31/2008 18:47:23
529718,OSAMA.CAPTURE.JUN08,Osama Bin Laden to be captured/neutralised by 30 Jun 2008,6,8.4,Jan/31/2008 18:48:06
529718,OSAMA.CAPTURE.JUN08,Osama Bin Laden to be captured/neutralised by 30 Jun 2008,100,8.0,Feb/05/2008 07:53:39
529718,OSAMA.CAPTURE.JUN08,Osama Bin Laden to be captured/neutralised by 30 Jun 2008,2,6.9,Feb/05/2008 23:19:44
529718,OSAMA.CAPTURE.JUN08,Osama Bin Laden to be captured/neutralised by 30 Jun 2008,8,7.0,Feb/16/2008 05:59:20
529718,OSAMA.CAPTURE.JUN08,Osama Bin Laden to be captured/neutralised by 30 Jun 2008,3,6.9,Feb/16/2008 05:59:20
529718,OSAMA.CAPTURE.JUN08,Osama Bin Laden to be captured/neutralised by 30 Jun 2008,5,7.0,Feb/18/2008 13:54:23
529718,OSAMA.CAPTURE.JUN08,Osama Bin Laden to be captured/neutralised by 30 Jun 2008,4,7.0,Feb/18/2008 17:45:21
529718,OSAMA.CAPTURE.JUN08,Osama Bin Laden to be captured/neutralised by 30 Jun 2008,1,7.0,Feb/19/2008 02:07:24
529718,OSAMA.CAPTURE.JUN08,Osama Bin Laden to be captured/neutralised by 30 Jun 2008,1,6.4,Feb/19/2008 02:07:45
529718,OSAMA.CAPTURE.JUN08,Osama Bin Laden to be captured/neutralised by 30 Jun 2008,10,6.5,Feb/27/2008 12:54:29
529718,OSAMA.CAPTURE.JUN08,Osama Bin Laden to be captured/neutralised by 30 Jun 2008,10,6.5,Feb/27/2008 12:54:36
529718,OSAMA.CAPTURE.JUN08,Osama Bin Laden to be captured/neutralised by 30 Jun 2008,20,6.7,Mar/04/2008 16:38:08
529718,OSAMA.CAPTURE.JUN08,Osama Bin Laden to be captured/neutralised by 30 Jun 2008,2,7.5,Mar/04/2008 16:38:30
529718,OSAMA.CAPTURE.JUN08,Osama Bin Laden to be captured/neutralised by 30 Jun 2008,5,7.6,Mar/04/2008 16:38:30
529718,OSAMA.CAPTURE.JUN08,Osama Bin Laden to be captured/neutralised by 30 Jun 2008,1,7.0,Mar/04/2008 16:38:30
529718,OSAMA.CAPTURE.JUN08,Osama Bin Laden to be captured/neutralised by 30 Jun 2008,10,8.0,Mar/04/2008 21:21:10
529718,OSAMA.CAPTURE.JUN08,Osama Bin Laden to be captured/neutralised by 30 Jun 2008,10,8.0,Mar/04/2008 21:21:18
529718,OSAMA.CAPTURE.JUN08,Osama Bin Laden to be captured/neutralised by 30 Jun 2008,10,8.0,Mar/05/2008 13:33:43
529718,OSAMA.CAPTURE.JUN08,Osama Bin Laden to be captured/neutralised by 30 Jun 2008,10,8.0,Mar/05/2008 13:33:50
529718,OSAMA.CAPTURE.JUN08,Osama Bin Laden to be captured/neutralised by 30 Jun 2008,1,6.6,Mar/05/2008 20:04:07
529718,OSAMA.CAPTURE.JUN08,Osama Bin Laden to be captured/neutralised by 30 Jun 2008,1,6.6,Mar/07/2008 23:44:48
529718,OSAMA.CAPTURE.JUN08,Osama Bin Laden to be captured/neutralised by 30 Jun 2008,10,6.0,Mar/10/2008 17:37:48
529718,OSAMA.CAPTURE.JUN08,Osama Bin Laden to be captured/neutralised by 30 Jun 2008,10,6.0,Mar/10/2008 17:37:55
529718,OSAMA.CAPTURE.JUN08,Osama Bin Laden to be captured/neutralised by 30 Jun 2008,15,6.2,Mar/12/2008 14:06:12
529718,OSAMA.CAPTURE.JUN08,Osama Bin Laden to be captured/neutralised by 30 Jun 2008,15,6.2,Mar/12/2008 14:06:24
529718,OSAMA.CAPTURE.JUN08,Osama Bin Laden to be captured/neutralised by 30 Jun 2008,4,5.1,Mar/18/2008 02:05:14
529718,OSAMA.CAPTURE.JUN08,Osama Bin Laden to be captured/neutralised by 30 Jun 2008,10,5.7,Mar/18/2008 13:15:32
529718,OSAMA.CAPTURE.JUN08,Osama Bin Laden to be captured/neutralised by 30 Jun 2008,10,5.0,Mar/18/2008 13:16:19
529718,OSAMA.CAPTURE.JUN08,Osama Bin Laden to be captured/neutralised by 30 Jun 2008,10,5.5,Mar/19/2008 13:10:49
529718,OSAMA.CAPTURE.JUN08,Osama Bin Laden to be captured/neutralised by 30 Jun 2008,10,5.5,Mar/19/2008 13:11:00
529718,OSAMA.CAPTURE.JUN08,Osama Bin Laden to be captured/neutralised by 30 Jun 2008,10,5.5,Mar/20/2008 13:47:17
529718,OSAMA.CAPTURE.JUN08,Osama Bin Laden to be captured/neutralised by 30 Jun 2008,10,5.5,Mar/20/2008 13:47:30
529718,OSAMA.CAPTURE.JUN08,Osama Bin Laden to be captured/neutralised by 30 Jun 2008,10,5.2,Mar/24/2008 11:46:55
529718,OSAMA.CAPTURE.JUN08,Osama Bin Laden to be captured/neutralised by 30 Jun 2008,10,5.2,Mar/24/2008 11:47:09
529718,OSAMA.CAPTURE.JUN08,Osama Bin Laden to be captured/neutralised by 30 Jun 2008,1,5.0,Mar/25/2008 17:34:58
529718,OSAMA.CAPTURE.JUN08,Osama Bin Laden to be captured/neutralised by 30 Jun 2008,10,5.2,Mar/26/2008 13:27:44
529718,OSAMA.CAPTURE.JUN08,Osama Bin Laden to be captured/neutralised by 30 Jun 2008,10,5.2,Mar/26/2008 13:27:56
529718,OSAMA.CAPTURE.JUN08,Osama Bin Laden to be captured/neutralised by 30 Jun 2008,10,5.2,Mar/27/2008 12:52:48
529718,OSAMA.CAPTURE.JUN08,Osama Bin Laden to be captured/neutralised by 30 Jun 2008,10,5.2,Mar/27/2008 12:53:01
529718,OSAMA.CAPTURE.JUN08,Osama Bin Laden to be captured/neutralised by 30 Jun 2008,1,5.4,Mar/28/2008 11:12:56
529718,OSAMA.CAPTURE.JUN08,Osama Bin Laden to be captured/neutralised by 30 Jun 2008,6,5.7,Mar/28/2008 11:12:56
529718,OSAMA.CAPTURE.JUN08,Osama Bin Laden to be captured/neutralised by 30 Jun 2008,1,5.0,Mar/31/2008 12:10:20
529718,OSAMA.CAPTURE.JUN08,Osama Bin Laden to be captured/neutralised by 30 Jun 2008,8,5.0,Mar/31/2008 19:16:17
529718,OSAMA.CAPTURE.JUN08,Osama Bin Laden to be captured/neutralised by 30 Jun 2008,1,4.9,Mar/31/2008 19:16:36
529718,OSAMA.CAPTURE.JUN08,Osama Bin Laden to be captured/neutralised by 30 Jun 2008,10,5.5,Apr/01/2008 13:14:48
529718,OSAMA.CAPTURE.JUN08,Osama Bin Laden to be captured/neutralised by 30 Jun 2008,10,5.5,Apr/01/2008 13:14:55
529718,OSAMA.CAPTURE.JUN08,Osama Bin Laden to be captured/neutralised by 30 Jun 2008,2,5.0,Apr/01/2008 14:09:26
529718,OSAMA.CAPTURE.JUN08,Osama Bin Laden to be captured/neutralised by 30 Jun 2008,10,5.0,Apr/02/2008 12:50:23
529718,OSAMA.CAPTURE.JUN08,Osama Bin Laden to be captured/neutralised by 30 Jun 2008,10,5.0,Apr/02/2008 12:50:31
529718,OSAMA.CAPTURE.JUN08,Osama Bin Laden to be captured/neutralised by 30 Jun 2008,3,4.9,Apr/02/2008 13:36:03
529718,OSAMA.CAPTURE.JUN08,Osama Bin Laden to be captured/neutralised by 30 Jun 2008,9,5.7,Apr/02/2008 17:52:43
529718,OSAMA.CAPTURE.JUN08,Osama Bin Laden to be captured/neutralised by 30 Jun 2008,2,5.7,Apr/02/2008 17:52:43
529718,OSAMA.CAPTURE.JUN08,Osama Bin Laden to be captured/neutralised by 30 Jun 2008,4,6.3,Apr/02/2008 17:52:43
529718,OSAMA.CAPTURE.JUN08,Osama Bin Laden to be captured/neutralised by 30 Jun 2008,137,8.5,Apr/02/2008 17:52:43
529718,OSAMA.CAPTURE.JUN08,Osama Bin Laden to be captured/neutralised by 30 Jun 2008,10,6.0,Apr/02/2008 17:52:43
529718,OSAMA.CAPTURE.JUN08,Osama Bin Laden to be captured/neutralised by 30 Jun 2008,8,6.4,Apr/02/2008 17:52:43
529718,OSAMA.CAPTURE.JUN08,Osama Bin Laden to be captured/neutralised by 30 Jun 2008,1,15.0,Apr/02/2008 17:52:43
529718,OSAMA.CAPTURE.JUN08,Osama Bin Laden to be captured/neutralised by 30 Jun 2008,26,9.5,Apr/02/2008 20:24:40
529718,OSAMA.CAPTURE.JUN08,Osama Bin Laden to be captured/neutralised by 30 Jun 2008,10,9.0,Apr/03/2008 12:35:31
529718,OSAMA.CAPTURE.JUN08,Osama Bin Laden to be captured/neutralised by 30 Jun 2008,10,9.0,Apr/03/2008 12:35:38
529718,OSAMA.CAPTURE.JUN08,Osama Bin Laden to be captured/neutralised by 30 Jun 2008,25,7.5,Apr/03/2008 22:31:12
529718,OSAMA.CAPTURE.JUN08,Osama Bin Laden to be captured/neutralised by 30 Jun 2008,10,7.7,Apr/04/2008 12:33:30
529718,OSAMA.CAPTURE.JUN08,Osama Bin Laden to be captured/neutralised by 30 Jun 2008,10,7.7,Apr/04/2008 12:33:42
529718,OSAMA.CAPTURE.JUN08,Osama Bin Laden to be captured/neutralised by 30 Jun 2008,10,7.7,Apr/04/2008 12:35:16
529718,OSAMA.CAPTURE.JUN08,Osama Bin Laden to be captured/neutralised by 30 Jun 2008,10,7.7,Apr/04/2008 12:35:25
529718,OSAMA.CAPTURE.JUN08,Osama Bin Laden to be captured/neutralised by 30 Jun 2008,8,7.5,Apr/04/2008 12:51:43
529718,OSAMA.CAPTURE.JUN08,Osama Bin Laden to be captured/neutralised by 30 Jun 2008,5,6.1,Apr/06/2008 06:10:56
529718,OSAMA.CAPTURE.JUN08,Osama Bin Laden to be captured/neutralised by 30 Jun 2008,50,5.5,Apr/06/2008 06:11:31
529718,OSAMA.CAPTURE.JUN08,Osama Bin Laden to be captured/neutralised by 30 Jun 2008,3,5.0,Apr/07/2008 00:18:57
529718,OSAMA.CAPTURE.JUN08,Osama Bin Laden to be captured/neutralised by 30 Jun 2008,7,5.0,Apr/07/2008 12:06:14
529718,OSAMA.CAPTURE.JUN08,Osama Bin Laden to be captured/neutralised by 30 Jun 2008,3,5.1,Apr/07/2008 12:06:14
529718,OSAMA.CAPTURE.JUN08,Osama Bin Laden to be captured/neutralised by 30 Jun 2008,10,5.0,Apr/07/2008 12:06:22
529718,OSAMA.CAPTURE.JUN08,Osama Bin Laden to be captured/neutralised by 30 Jun 2008,10,7.0,Apr/07/2008 12:06:54
529718,OSAMA.CAPTURE.JUN08,Osama Bin Laden to be captured/neutralised by 30 Jun 2008,15,6.5,Apr/08/2008 19:13:18
529718,OSAMA.CAPTURE.JUN08,Osama Bin Laden to be captured/neutralised by 30 Jun 2008,15,6.5,Apr/08/2008 19:13:28
529718,OSAMA.CAPTURE.JUN08,Osama Bin Laden to be captured/neutralised by 30 Jun 2008,10,6.0,Apr/09/2008 12:43:22
529718,OSAMA.CAPTURE.JUN08,Osama Bin Laden to be captured/neutralised by 30 Jun 2008,10,6.0,Apr/09/2008 12:43:29
529718,OSAMA.CAPTURE.JUN08,Osama Bin Laden to be captured/neutralised by 30 Jun 2008,10,6.0,Apr/10/2008 12:22:02
529718,OSAMA.CAPTURE.JUN08,Osama Bin Laden to be captured/neutralised by 30 Jun 2008,10,6.0,Apr/10/2008 12:22:14
529718,OSAMA.CAPTURE.JUN08,Osama Bin Laden to be captured/neutralised by 30 Jun 2008,4,4.9,Apr/10/2008 14:00:37
529718,OSAMA.CAPTURE.JUN08,Osama Bin Laden to be captured/neutralised by 30 Jun 2008,20,5.6,Apr/14/2008 01:19:00
529718,OSAMA.CAPTURE.JUN08,Osama Bin Laden to be captured/neutralised by 30 Jun 2008,4,7.9,Apr/14/2008 01:19:00
529718,OSAMA.CAPTURE.JUN08,Osama Bin Laden to be captured/neutralised by 30 Jun 2008,30,8.0,Apr/14/2008 01:19:00
529718,OSAMA.CAPTURE.JUN08,Osama Bin Laden to be captured/neutralised by 30 Jun 2008,1,15.0,Apr/14/2008 01:19:00
529718,OSAMA.CAPTURE.JUN08,Osama Bin Laden to be captured/neutralised by 30 Jun 2008,25,9.5,Apr/14/2008 11:09:08
529718,OSAMA.CAPTURE.JUN08,Osama Bin Laden to be captured/neutralised by 30 Jun 2008,1,4.9,Apr/14/2008 11:09:31
529718,OSAMA.CAPTURE.JUN08,Osama Bin Laden to be captured/neutralised by 30 Jun 2008,1,12.0,Apr/15/2008 04:19:02
529718,OSAMA.CAPTURE.JUN08,Osama Bin Laden to be captured/neutralised by 30 Jun 2008,5,7.9,Apr/15/2008 04:19:02
529718,OSAMA.CAPTURE.JUN08,Osama Bin Laden to be captured/neutralised by 30 Jun 2008,20,11.5,Apr/15/2008 11:38:44
529718,OSAMA.CAPTURE.JUN08,Osama Bin Laden to be captured/neutralised by 30 Jun 2008,10,11.0,Apr/15/2008 11:59:58
529718,OSAMA.CAPTURE.JUN08,Osama Bin Laden to be captured/neutralised by 30 Jun 2008,15,9.0,Apr/15/2008 15:22:20
529718,OSAMA.CAPTURE.JUN08,Osama Bin Laden to be captured/neutralised by 30 Jun 2008,15,9.0,Apr/15/2008 15:22:40
529718,OSAMA.CAPTURE.JUN08,Osama Bin Laden to be captured/neutralised by 30 Jun 2008,15,7.0,Apr/16/2008 13:55:17
529718,OSAMA.CAPTURE.JUN08,Osama Bin Laden to be captured/neutralised by 30 Jun 2008,15,7.0,Apr/16/2008 13:55:30
529718,OSAMA.CAPTURE.JUN08,Osama Bin Laden to be captured/neutralised by 30 Jun 2008,10,6.0,Apr/18/2008 12:41:06
529718,OSAMA.CAPTURE.JUN08,Osama Bin Laden to be captured/neutralised by 30 Jun 2008,10,6.0,Apr/18/2008 12:41:13
529718,OSAMA.CAPTURE.JUN08,Osama Bin Laden to be captured/neutralised by 30 Jun 2008,10,11.0,Apr/18/2008 18:23:15
529718,OSAMA.CAPTURE.JUN08,Osama Bin Laden to be captured/neutralised by 30 Jun 2008,1,15.0,Apr/18/2008 18:23:15
529718,OSAMA.CAPTURE.JUN08,Osama Bin Laden to be captured/neutralised by 30 Jun 2008,5,10.0,Apr/18/2008 18:23:15
529718,OSAMA.CAPTURE.JUN08,Osama Bin Laden to be captured/neutralised by 30 Jun 2008,5,8.3,Apr/18/2008 18:23:15
529718,OSAMA.CAPTURE.JUN08,Osama Bin Laden to be captured/neutralised by 30 Jun 2008,20,12.5,Apr/18/2008 21:21:14
529718,OSAMA.CAPTURE.JUN08,Osama Bin Laden to be captured/neutralised by 30 Jun 2008,5,6.0,Apr/19/2008 18:20:56
529718,OSAMA.CAPTURE.JUN08,Osama Bin Laden to be captured/neutralised by 30 Jun 2008,1,5.0,Apr/20/2008 17:52:14
529718,OSAMA.CAPTURE.JUN08,Osama Bin Laden to be captured/neutralised by 30 Jun 2008,10,5.5,Apr/23/2008 14:00:44
529718,OSAMA.CAPTURE.JUN08,Osama Bin Laden to be captured/neutralised by 30 Jun 2008,10,5.5,Apr/23/2008 14:00:53
529718,OSAMA.CAPTURE.JUN08,Osama Bin Laden to be captured/neutralised by 30 Jun 2008,10,5.5,Apr/29/2008 12:55:34
529718,OSAMA.CAPTURE.JUN08,Osama Bin Laden to be captured/neutralised by 30 Jun 2008,10,5.5,Apr/29/2008 12:55:43
529718,OSAMA.CAPTURE.JUN08,Osama Bin Laden to be captured/neutralised by 30 Jun 2008,10,5.5,Apr/30/2008 19:30:00
529718,OSAMA.CAPTURE.JUN08,Osama Bin Laden to be captured/neutralised by 30 Jun 2008,10,5.5,Apr/30/2008 19:30:07
529718,OSAMA.CAPTURE.JUN08,Osama Bin Laden to be captured/neutralised by 30 Jun 2008,5,8.4,Apr/30/2008 20:07:24
529718,OSAMA.CAPTURE.JUN08,Osama Bin Laden to be captured/neutralised by 30 Jun 2008,22,6.0,Apr/30/2008 20:07:24
529718,OSAMA.CAPTURE.JUN08,Osama Bin Laden to be captured/neutralised by 30 Jun 2008,20,10.0,Apr/30/2008 20:07:24
529718,OSAMA.CAPTURE.JUN08,Osama Bin Laden to be captured/neutralised by 30 Jun 2008,3,12.4,Apr/30/2008 20:07:24
529718,OSAMA.CAPTURE.JUN08,Osama Bin Laden to be captured/neutralised by 30 Jun 2008,1,5.9,Apr/30/2008 20:07:24
529718,OSAMA.CAPTURE.JUN08,Osama Bin Laden to be captured/neutralised by 30 Jun 2008,25,12.0,May/01/2008 00:53:12
529718,OSAMA.CAPTURE.JUN08,Osama Bin Laden to be captured/neutralised by 30 Jun 2008,10,10.0,May/01/2008 14:08:20
529718,OSAMA.CAPTURE.JUN08,Osama Bin Laden to be captured/neutralised by 30 Jun 2008,10,10.0,May/01/2008 14:08:29
529718,OSAMA.CAPTURE.JUN08,Osama Bin Laden to be captured/neutralised by 30 Jun 2008,2,15.0,May/01/2008 22:39:18
529718,OSAMA.CAPTURE.JUN08,Osama Bin Laden to be captured/neutralised by 30 Jun 2008,2,12.5,May/01/2008 22:39:18
529718,OSAMA.CAPTURE.JUN08,Osama Bin Laden to be captured/neutralised by 30 Jun 2008,1,12.5,May/01/2008 22:39:18
529718,OSAMA.CAPTURE.JUN08,Osama Bin Laden to be captured/neutralised by 30 Jun 2008,5,12.0,May/01/2008 22:39:18
529718,OSAMA.CAPTURE.JUN08,Osama Bin Laden to be captured/neutralised by 30 Jun 2008,20,15.5,May/01/2008 22:59:23
529718,OSAMA.CAPTURE.JUN08,Osama Bin Laden to be captured/neutralised by 30 Jun 2008,10,7.0,May/02/2008 14:53:11
529718,OSAMA.CAPTURE.JUN08,Osama Bin Laden to be captured/neutralised by 30 Jun 2008,10,7.0,May/02/2008 14:53:27
529718,OSAMA.CAPTURE.JUN08,Osama Bin Laden to be captured/neutralised by 30 Jun 2008,1,5.7,May/04/2008 03:28:30
529718,OSAMA.CAPTURE.JUN08,Osama Bin Laden to be captured/neutralised by 30 Jun 2008,5,10.1,May/04/2008 12:13:40
529718,OSAMA.CAPTURE.JUN08,Osama Bin Laden to be captured/neutralised by 30 Jun 2008,20,7.0,May/04/2008 12:13:40
529718,OSAMA.CAPTURE.JUN08,Osama Bin Laden to be captured/neutralised by 30 Jun 2008,1,9.9,May/04/2008 12:13:40
529718,OSAMA.CAPTURE.JUN08,Osama Bin Laden to be captured/neutralised by 30 Jun 2008,20,10.7,May/04/2008 14:17:07
529718,OSAMA.CAPTURE.JUN08,Osama Bin Laden to be captured/neutralised by 30 Jun 2008,4,5.6,May/04/2008 16:01:18
529718,OSAMA.CAPTURE.JUN08,Osama Bin Laden to be captured/neutralised by 30 Jun 2008,1,5.6,May/06/2008 10:55:25
529718,OSAMA.CAPTURE.JUN08,Osama Bin Laden to be captured/neutralised by 30 Jun 2008,1,5.6,May/06/2008 10:55:25
529718,OSAMA.CAPTURE.JUN08,Osama Bin Laden to be captured/neutralised by 30 Jun 2008,4,5.6,May/06/2008 10:55:25
529718,OSAMA.CAPTURE.JUN08,Osama Bin Laden to be captured/neutralised by 30 Jun 2008,5,5.6,May/07/2008 08:27:51
529718,OSAMA.CAPTURE.JUN08,Osama Bin Laden to be captured/neutralised by 30 Jun 2008,2,5.6,May/10/2008 13:42:17
529718,OSAMA.CAPTURE.JUN08,Osama Bin Laden to be captured/neutralised by 30 Jun 2008,5,4.4,May/10/2008 17:35:44
529718,OSAMA.CAPTURE.JUN08,Osama Bin Laden to be captured/neutralised by 30 Jun 2008,2,4.5,May/18/2008 23:22:17
529718,OSAMA.CAPTURE.JUN08,Osama Bin Laden to be captured/neutralised by 30 Jun 2008,10,4.0,May/20/2008 12:42:40
529718,OSAMA.CAPTURE.JUN08,Osama Bin Laden to be captured/neutralised by 30 Jun 2008,10,4.0,May/20/2008 12:42:52
529718,OSAMA.CAPTURE.JUN08,Osama Bin Laden to be captured/neutralised by 30 Jun 2008,2,3.0,May/21/2008 04:42:19
529718,OSAMA.CAPTURE.JUN08,Osama Bin Laden to be captured/neutralised by 30 Jun 2008,5,2.9,May/26/2008 23:44:16
529718,OSAMA.CAPTURE.JUN08,Osama Bin Laden to be captured/neutralised by 30 Jun 2008,5,3.0,May/27/2008 02:04:27
529718,OSAMA.CAPTURE.JUN08,Osama Bin Laden to be captured/neutralised by 30 Jun 2008,3,3.0,May/27/2008 23:02:15
529718,OSAMA.CAPTURE.JUN08,Osama Bin Laden to be captured/neutralised by 30 Jun 2008,3,2.4,May/28/2008 23:39:02
529718,OSAMA.CAPTURE.JUN08,Osama Bin Laden to be captured/neutralised by 30 Jun 2008,5,2.3,May/31/2008 12:11:34
529718,OSAMA.CAPTURE.JUN08,Osama Bin Laden to be captured/neutralised by 30 Jun 2008,20,1.0,May/31/2008 12:12:58
529718,OSAMA.CAPTURE.JUN08,Osama Bin Laden to be captured/neutralised by 30 Jun 2008,2,1.1,May/31/2008 12:12:58
529718,OSAMA.CAPTURE.JUN08,Osama Bin Laden to be captured/neutralised by 30 Jun 2008,2,3.3,Jun/01/2008 10:38:44
529718,OSAMA.CAPTURE.JUN08,Osama Bin Laden to be captured/neutralised by 30 Jun 2008,5,2.9,Jun/03/2008 02:57:22
529718,OSAMA.CAPTURE.JUN08,Osama Bin Laden to be captured/neutralised by 30 Jun 2008,5,1.5,Jun/09/2008 20:54:38
529718,OSAMA.CAPTURE.JUN08,Osama Bin Laden to be captured/neutralised by 30 Jun 2008,5,1.5,Jun/12/2008 05:40:06
529718,OSAMA.CAPTURE.JUN08,Osama Bin Laden to be captured/neutralised by 30 Jun 2008,5,2.7,Jun/14/2008 09:36:30
529718,OSAMA.CAPTURE.JUN08,Osama Bin Laden to be captured/neutralised by 30 Jun 2008,20,5.0,Jun/14/2008 10:06:30
529718,OSAMA.CAPTURE.JUN08,Osama Bin Laden to be captured/neutralised by 30 Jun 2008,10,4.0,Jun/14/2008 12:02:02
529718,OSAMA.CAPTURE.JUN08,Osama Bin Laden to be captured/neutralised by 30 Jun 2008,8,4.0,Jun/14/2008 12:02:24
529718,OSAMA.CAPTURE.JUN08,Osama Bin Laden to be captured/neutralised by 30 Jun 2008,2,4.0,Jun/14/2008 12:46:36
529718,OSAMA.CAPTURE.JUN08,Osama Bin Laden to be captured/neutralised by 30 Jun 2008,20,3.5,Jun/14/2008 23:25:23
529718,OSAMA.CAPTURE.JUN08,Osama Bin Laden to be captured/neutralised by 30 Jun 2008,10,3.0,Jun/14/2008 23:25:33
529718,OSAMA.CAPTURE.JUN08,Osama Bin Laden to be captured/neutralised by 30 Jun 2008,5,2.3,Jun/16/2008 00:01:37
529718,OSAMA.CAPTURE.JUN08,Osama Bin Laden to be captured/neutralised by 30 Jun 2008,5,2.3,Jun/17/2008 22:11:30
529718,OSAMA.CAPTURE.JUN08,Osama Bin Laden to be captured/neutralised by 30 Jun 2008,5,1.9,Jun/19/2008 08:02:54
529718,OSAMA.CAPTURE.JUN08,Osama Bin Laden to be captured/neutralised by 30 Jun 2008,2,0.9,Jun/25/2008 02:18:54
529718,OSAMA.CAPTURE.JUN08,Osama Bin Laden to be captured/neutralised by 30 Jun 2008,5,0.9,Jun/25/2008 02:18:54
529718,OSAMA.CAPTURE.JUN08,Osama Bin Laden to be captured/neutralised by 30 Jun 2008,1,0.7,Jun/30/2008 20:36:30
529718,OSAMA.CAPTURE.JUN08,Osama Bin Laden to be captured/neutralised by 30 Jun 2008,3,0.6,Jun/30/2008 20:36:30
529718,OSAMA.CAPTURE.JUN08,Osama Bin Laden to be captured/neutralised by 30 Jun 2008,15,0.5,Jun/30/2008 23:58:22
