market id,market symbol,market name,trade quantity,trade price,date/time [utc]
215324,OSAMA.CAPTURE.DEC05,Osama Bin Laden to be captured/neutralised by 31 December 2005,1,20.0,Mar/01/2005 22:45:12
215324,OSAMA.CAPTURE.DEC05,Osama Bin Laden to be captured/neutralised by 31 December 2005,9,20.0,Mar/02/2005 01:43:57
215324,OSAMA.CAPTURE.DEC05,Osama Bin Laden to be captured/neutralised by 31 December 2005,1,25.0,Mar/10/2005 14:37:12
215324,OSAMA.CAPTURE.DEC05,Osama Bin Laden to be captured/neutralised by 31 December 2005,2,22.5,Mar/11/2005 23:35:48
215324,OSAMA.CAPTURE.DEC05,Osama Bin Laden to be captured/neutralised by 31 December 2005,5,22.0,Mar/12/2005 04:32:56
215324,OSAMA.CAPTURE.DEC05,Osama Bin Laden to be captured/neutralised by 31 December 2005,10,22.0,Mar/12/2005 04:32:56
215324,OSAMA.CAPTURE.DEC05,Osama Bin Laden to be captured/neutralised by 31 December 2005,100,20.0,Mar/15/2005 16:23:36
215324,OSAMA.CAPTURE.DEC05,Osama Bin Laden to be captured/neutralised by 31 December 2005,10,22.0,Mar/15/2005 16:23:36
215324,OSAMA.CAPTURE.DEC05,Osama Bin Laden to be captured/neutralised by 31 December 2005,5,23.0,Mar/15/2005 16:23:36
215324,OSAMA.CAPTURE.DEC05,Osama Bin Laden to be captured/neutralised by 31 December 2005,2,20.0,Mar/24/2005 15:05:49
215324,OSAMA.CAPTURE.DEC05,Osama Bin Laden to be captured/neutralised by 31 December 2005,1,19.1,Mar/25/2005 21:29:16
215324,OSAMA.CAPTURE.DEC05,Osama Bin Laden to be captured/neutralised by 31 December 2005,1,18.0,Mar/28/2005 21:34:06
215324,OSAMA.CAPTURE.DEC05,Osama Bin Laden to be captured/neutralised by 31 December 2005,299,18.0,Mar/29/2005 06:12:39
215324,OSAMA.CAPTURE.DEC05,Osama Bin Laden to be captured/neutralised by 31 December 2005,1,17.7,Apr/05/2005 00:39:44
215324,OSAMA.CAPTURE.DEC05,Osama Bin Laden to be captured/neutralised by 31 December 2005,2,20.0,Apr/05/2005 00:58:22
215324,OSAMA.CAPTURE.DEC05,Osama Bin Laden to be captured/neutralised by 31 December 2005,1,20.1,Apr/05/2005 00:58:45
215324,OSAMA.CAPTURE.DEC05,Osama Bin Laden to be captured/neutralised by 31 December 2005,1,23.0,Apr/05/2005 00:59:12
215324,OSAMA.CAPTURE.DEC05,Osama Bin Laden to be captured/neutralised by 31 December 2005,1,23.0,Apr/05/2005 00:59:12
215324,OSAMA.CAPTURE.DEC05,Osama Bin Laden to be captured/neutralised by 31 December 2005,1,21.1,Apr/05/2005 01:01:45
215324,OSAMA.CAPTURE.DEC05,Osama Bin Laden to be captured/neutralised by 31 December 2005,1,22.1,Apr/05/2005 01:08:32
215324,OSAMA.CAPTURE.DEC05,Osama Bin Laden to be captured/neutralised by 31 December 2005,3,20.2,Apr/09/2005 17:34:49
215324,OSAMA.CAPTURE.DEC05,Osama Bin Laden to be captured/neutralised by 31 December 2005,4,18.0,Apr/14/2005 02:20:29
215324,OSAMA.CAPTURE.DEC05,Osama Bin Laden to be captured/neutralised by 31 December 2005,4,18.5,Apr/18/2005 13:41:13
215324,OSAMA.CAPTURE.DEC05,Osama Bin Laden to be captured/neutralised by 31 December 2005,6,18.4,Apr/18/2005 13:41:13
215324,OSAMA.CAPTURE.DEC05,Osama Bin Laden to be captured/neutralised by 31 December 2005,5,18.3,Apr/18/2005 13:41:13
215324,OSAMA.CAPTURE.DEC05,Osama Bin Laden to be captured/neutralised by 31 December 2005,1,18.0,Apr/19/2005 19:06:22
215324,OSAMA.CAPTURE.DEC05,Osama Bin Laden to be captured/neutralised by 31 December 2005,4,18.1,Apr/19/2005 19:06:22
215324,OSAMA.CAPTURE.DEC05,Osama Bin Laden to be captured/neutralised by 31 December 2005,1,18.8,Apr/19/2005 19:10:50
215324,OSAMA.CAPTURE.DEC05,Osama Bin Laden to be captured/neutralised by 31 December 2005,1,17.1,Apr/19/2005 19:12:49
215324,OSAMA.CAPTURE.DEC05,Osama Bin Laden to be captured/neutralised by 31 December 2005,2,17.6,Apr/19/2005 19:12:49
215324,OSAMA.CAPTURE.DEC05,Osama Bin Laden to be captured/neutralised by 31 December 2005,2,18.0,Apr/19/2005 19:12:49
215324,OSAMA.CAPTURE.DEC05,Osama Bin Laden to be captured/neutralised by 31 December 2005,2,16.0,Apr/19/2005 19:53:09
215324,OSAMA.CAPTURE.DEC05,Osama Bin Laden to be captured/neutralised by 31 December 2005,2,17.0,Apr/19/2005 19:53:09
215324,OSAMA.CAPTURE.DEC05,Osama Bin Laden to be captured/neutralised by 31 December 2005,1,17.1,Apr/19/2005 19:53:09
215324,OSAMA.CAPTURE.DEC05,Osama Bin Laden to be captured/neutralised by 31 December 2005,3,16.0,Apr/19/2005 20:05:43
215324,OSAMA.CAPTURE.DEC05,Osama Bin Laden to be captured/neutralised by 31 December 2005,5,15.1,Apr/19/2005 22:05:42
215324,OSAMA.CAPTURE.DEC05,Osama Bin Laden to be captured/neutralised by 31 December 2005,4,19.0,Apr/21/2005 22:20:09
215324,OSAMA.CAPTURE.DEC05,Osama Bin Laden to be captured/neutralised by 31 December 2005,2,18.8,Apr/21/2005 22:20:09
215324,OSAMA.CAPTURE.DEC05,Osama Bin Laden to be captured/neutralised by 31 December 2005,4,18.7,Apr/21/2005 22:20:09
215324,OSAMA.CAPTURE.DEC05,Osama Bin Laden to be captured/neutralised by 31 December 2005,4,17.0,Apr/24/2005 15:14:17
215324,OSAMA.CAPTURE.DEC05,Osama Bin Laden to be captured/neutralised by 31 December 2005,3,16.8,Apr/24/2005 15:14:38
215324,OSAMA.CAPTURE.DEC05,Osama Bin Laden to be captured/neutralised by 31 December 2005,3,16.3,Apr/24/2005 15:17:24
215324,OSAMA.CAPTURE.DEC05,Osama Bin Laden to be captured/neutralised by 31 December 2005,5,16.1,Apr/24/2005 15:17:43
215324,OSAMA.CAPTURE.DEC05,Osama Bin Laden to be captured/neutralised by 31 December 2005,48,15.1,Apr/25/2005 15:50:25
215324,OSAMA.CAPTURE.DEC05,Osama Bin Laden to be captured/neutralised by 31 December 2005,9,15.3,Apr/25/2005 15:50:25
215324,OSAMA.CAPTURE.DEC05,Osama Bin Laden to be captured/neutralised by 31 December 2005,10,16.0,Apr/25/2005 15:50:25
215324,OSAMA.CAPTURE.DEC05,Osama Bin Laden to be captured/neutralised by 31 December 2005,10,16.1,Apr/25/2005 15:50:25
215324,OSAMA.CAPTURE.DEC05,Osama Bin Laden to be captured/neutralised by 31 December 2005,20,17.5,Apr/25/2005 15:50:25
215324,OSAMA.CAPTURE.DEC05,Osama Bin Laden to be captured/neutralised by 31 December 2005,3,15.8,Apr/25/2005 15:50:25
215324,OSAMA.CAPTURE.DEC05,Osama Bin Laden to be captured/neutralised by 31 December 2005,24,16.4,Apr/29/2005 20:49:37
215324,OSAMA.CAPTURE.DEC05,Osama Bin Laden to be captured/neutralised by 31 December 2005,1,16.2,Apr/29/2005 20:49:37
215324,OSAMA.CAPTURE.DEC05,Osama Bin Laden to be captured/neutralised by 31 December 2005,1,16.2,Apr/30/2005 01:47:27
215324,OSAMA.CAPTURE.DEC05,Osama Bin Laden to be captured/neutralised by 31 December 2005,26,16.4,Apr/30/2005 01:48:00
215324,OSAMA.CAPTURE.DEC05,Osama Bin Laden to be captured/neutralised by 31 December 2005,9,16.8,Apr/30/2005 01:48:34
215324,OSAMA.CAPTURE.DEC05,Osama Bin Laden to be captured/neutralised by 31 December 2005,1,16.8,Apr/30/2005 01:48:34
215324,OSAMA.CAPTURE.DEC05,Osama Bin Laden to be captured/neutralised by 31 December 2005,1,17.8,Apr/30/2005 01:49:09
215324,OSAMA.CAPTURE.DEC05,Osama Bin Laden to be captured/neutralised by 31 December 2005,19,17.8,Apr/30/2005 01:49:09
215324,OSAMA.CAPTURE.DEC05,Osama Bin Laden to be captured/neutralised by 31 December 2005,3,18.3,Apr/30/2005 01:49:34
215324,OSAMA.CAPTURE.DEC05,Osama Bin Laden to be captured/neutralised by 31 December 2005,10,18.5,Apr/30/2005 01:50:05
215324,OSAMA.CAPTURE.DEC05,Osama Bin Laden to be captured/neutralised by 31 December 2005,6,19.0,Apr/30/2005 01:50:34
215324,OSAMA.CAPTURE.DEC05,Osama Bin Laden to be captured/neutralised by 31 December 2005,22,20.2,Apr/30/2005 01:50:53
215324,OSAMA.CAPTURE.DEC05,Osama Bin Laden to be captured/neutralised by 31 December 2005,8,25.0,Apr/30/2005 01:53:10
215324,OSAMA.CAPTURE.DEC05,Osama Bin Laden to be captured/neutralised by 31 December 2005,1,16.3,May/01/2005 23:33:14
215324,OSAMA.CAPTURE.DEC05,Osama Bin Laden to be captured/neutralised by 31 December 2005,4,16.4,May/02/2005 20:04:18
215324,OSAMA.CAPTURE.DEC05,Osama Bin Laden to be captured/neutralised by 31 December 2005,6,16.2,May/02/2005 20:04:51
215324,OSAMA.CAPTURE.DEC05,Osama Bin Laden to be captured/neutralised by 31 December 2005,1,16.3,May/03/2005 00:41:08
215324,OSAMA.CAPTURE.DEC05,Osama Bin Laden to be captured/neutralised by 31 December 2005,1,16.3,May/03/2005 00:41:58
215324,OSAMA.CAPTURE.DEC05,Osama Bin Laden to be captured/neutralised by 31 December 2005,1,18.7,May/04/2005 17:33:27
215324,OSAMA.CAPTURE.DEC05,Osama Bin Laden to be captured/neutralised by 31 December 2005,5,18.6,May/04/2005 23:50:57
215324,OSAMA.CAPTURE.DEC05,Osama Bin Laden to be captured/neutralised by 31 December 2005,9,18.8,May/05/2005 02:52:37
215324,OSAMA.CAPTURE.DEC05,Osama Bin Laden to be captured/neutralised by 31 December 2005,10,18.7,May/05/2005 02:52:37
215324,OSAMA.CAPTURE.DEC05,Osama Bin Laden to be captured/neutralised by 31 December 2005,5,18.6,May/05/2005 02:52:37
215324,OSAMA.CAPTURE.DEC05,Osama Bin Laden to be captured/neutralised by 31 December 2005,172,18.8,May/05/2005 10:43:07
215324,OSAMA.CAPTURE.DEC05,Osama Bin Laden to be captured/neutralised by 31 December 2005,4,16.5,May/05/2005 12:57:49
215324,OSAMA.CAPTURE.DEC05,Osama Bin Laden to be captured/neutralised by 31 December 2005,19,18.8,May/05/2005 14:43:02
215324,OSAMA.CAPTURE.DEC05,Osama Bin Laden to be captured/neutralised by 31 December 2005,6,18.7,May/05/2005 14:43:02
215324,OSAMA.CAPTURE.DEC05,Osama Bin Laden to be captured/neutralised by 31 December 2005,2,18.5,May/05/2005 14:43:02
215324,OSAMA.CAPTURE.DEC05,Osama Bin Laden to be captured/neutralised by 31 December 2005,5,24.8,May/05/2005 14:44:28
215324,OSAMA.CAPTURE.DEC05,Osama Bin Laden to be captured/neutralised by 31 December 2005,92,25.0,May/05/2005 14:44:51
215324,OSAMA.CAPTURE.DEC05,Osama Bin Laden to be captured/neutralised by 31 December 2005,4,28.0,May/05/2005 15:42:56
215324,OSAMA.CAPTURE.DEC05,Osama Bin Laden to be captured/neutralised by 31 December 2005,3,28.5,May/05/2005 16:14:52
215324,OSAMA.CAPTURE.DEC05,Osama Bin Laden to be captured/neutralised by 31 December 2005,4,28.9,May/05/2005 16:15:11
215324,OSAMA.CAPTURE.DEC05,Osama Bin Laden to be captured/neutralised by 31 December 2005,12,29.0,May/05/2005 16:15:33
215324,OSAMA.CAPTURE.DEC05,Osama Bin Laden to be captured/neutralised by 31 December 2005,3,28.0,May/05/2005 19:18:20
215324,OSAMA.CAPTURE.DEC05,Osama Bin Laden to be captured/neutralised by 31 December 2005,1,27.9,May/05/2005 19:18:20
215324,OSAMA.CAPTURE.DEC05,Osama Bin Laden to be captured/neutralised by 31 December 2005,1,27.8,May/06/2005 04:51:40
215324,OSAMA.CAPTURE.DEC05,Osama Bin Laden to be captured/neutralised by 31 December 2005,20,27.0,May/06/2005 04:51:40
215324,OSAMA.CAPTURE.DEC05,Osama Bin Laden to be captured/neutralised by 31 December 2005,20,26.5,May/06/2005 04:51:40
215324,OSAMA.CAPTURE.DEC05,Osama Bin Laden to be captured/neutralised by 31 December 2005,4,26.4,May/06/2005 04:51:40
215324,OSAMA.CAPTURE.DEC05,Osama Bin Laden to be captured/neutralised by 31 December 2005,3,27.9,May/06/2005 04:53:13
215324,OSAMA.CAPTURE.DEC05,Osama Bin Laden to be captured/neutralised by 31 December 2005,80,28.0,May/06/2005 04:55:51
215324,OSAMA.CAPTURE.DEC05,Osama Bin Laden to be captured/neutralised by 31 December 2005,3,27.9,May/06/2005 04:55:51
215324,OSAMA.CAPTURE.DEC05,Osama Bin Laden to be captured/neutralised by 31 December 2005,17,28.0,May/06/2005 18:06:13
215324,OSAMA.CAPTURE.DEC05,Osama Bin Laden to be captured/neutralised by 31 December 2005,2,25.0,May/06/2005 18:06:13
215324,OSAMA.CAPTURE.DEC05,Osama Bin Laden to be captured/neutralised by 31 December 2005,10,25.0,May/06/2005 18:06:13
215324,OSAMA.CAPTURE.DEC05,Osama Bin Laden to be captured/neutralised by 31 December 2005,1,24.9,May/06/2005 18:06:13
215324,OSAMA.CAPTURE.DEC05,Osama Bin Laden to be captured/neutralised by 31 December 2005,30,28.5,May/06/2005 18:32:17
215324,OSAMA.CAPTURE.DEC05,Osama Bin Laden to be captured/neutralised by 31 December 2005,3,28.9,May/06/2005 18:33:01
215324,OSAMA.CAPTURE.DEC05,Osama Bin Laden to be captured/neutralised by 31 December 2005,32,29.0,May/06/2005 18:34:35
215324,OSAMA.CAPTURE.DEC05,Osama Bin Laden to be captured/neutralised by 31 December 2005,33,29.1,May/06/2005 18:37:17
215324,OSAMA.CAPTURE.DEC05,Osama Bin Laden to be captured/neutralised by 31 December 2005,22,29.4,May/06/2005 18:41:14
215324,OSAMA.CAPTURE.DEC05,Osama Bin Laden to be captured/neutralised by 31 December 2005,5,29.5,May/06/2005 18:41:46
215324,OSAMA.CAPTURE.DEC05,Osama Bin Laden to be captured/neutralised by 31 December 2005,3,25.0,May/06/2005 19:51:24
215324,OSAMA.CAPTURE.DEC05,Osama Bin Laden to be captured/neutralised by 31 December 2005,3,25.1,May/06/2005 20:11:15
215324,OSAMA.CAPTURE.DEC05,Osama Bin Laden to be captured/neutralised by 31 December 2005,1,25.0,May/06/2005 20:16:16
215324,OSAMA.CAPTURE.DEC05,Osama Bin Laden to be captured/neutralised by 31 December 2005,2,25.1,May/06/2005 20:16:16
215324,OSAMA.CAPTURE.DEC05,Osama Bin Laden to be captured/neutralised by 31 December 2005,3,25.0,May/06/2005 20:21:19
215324,OSAMA.CAPTURE.DEC05,Osama Bin Laden to be captured/neutralised by 31 December 2005,3,25.0,May/06/2005 20:26:27
215324,OSAMA.CAPTURE.DEC05,Osama Bin Laden to be captured/neutralised by 31 December 2005,1,25.1,May/06/2005 20:43:58
215324,OSAMA.CAPTURE.DEC05,Osama Bin Laden to be captured/neutralised by 31 December 2005,3,25.1,May/06/2005 20:46:34
215324,OSAMA.CAPTURE.DEC05,Osama Bin Laden to be captured/neutralised by 31 December 2005,1,25.1,May/06/2005 20:56:24
215324,OSAMA.CAPTURE.DEC05,Osama Bin Laden to be captured/neutralised by 31 December 2005,10,25.0,May/06/2005 21:03:41
215324,OSAMA.CAPTURE.DEC05,Osama Bin Laden to be captured/neutralised by 31 December 2005,3,25.0,May/06/2005 21:06:08
215324,OSAMA.CAPTURE.DEC05,Osama Bin Laden to be captured/neutralised by 31 December 2005,3,25.0,May/06/2005 21:11:10
215324,OSAMA.CAPTURE.DEC05,Osama Bin Laden to be captured/neutralised by 31 December 2005,1,25.0,May/06/2005 21:18:52
215324,OSAMA.CAPTURE.DEC05,Osama Bin Laden to be captured/neutralised by 31 December 2005,3,25.0,May/06/2005 21:41:17
215324,OSAMA.CAPTURE.DEC05,Osama Bin Laden to be captured/neutralised by 31 December 2005,5,25.1,May/07/2005 03:46:25
215324,OSAMA.CAPTURE.DEC05,Osama Bin Laden to be captured/neutralised by 31 December 2005,3,21.0,May/07/2005 10:37:07
215324,OSAMA.CAPTURE.DEC05,Osama Bin Laden to be captured/neutralised by 31 December 2005,3,21.0,May/07/2005 10:42:10
215324,OSAMA.CAPTURE.DEC05,Osama Bin Laden to be captured/neutralised by 31 December 2005,3,21.0,May/07/2005 10:47:11
215324,OSAMA.CAPTURE.DEC05,Osama Bin Laden to be captured/neutralised by 31 December 2005,1,21.0,May/08/2005 12:16:17
215324,OSAMA.CAPTURE.DEC05,Osama Bin Laden to be captured/neutralised by 31 December 2005,2,21.1,May/08/2005 12:16:17
215324,OSAMA.CAPTURE.DEC05,Osama Bin Laden to be captured/neutralised by 31 December 2005,3,21.0,May/08/2005 12:21:18
215324,OSAMA.CAPTURE.DEC05,Osama Bin Laden to be captured/neutralised by 31 December 2005,1,21.1,May/09/2005 15:57:08
215324,OSAMA.CAPTURE.DEC05,Osama Bin Laden to be captured/neutralised by 31 December 2005,1,21.1,May/09/2005 15:57:08
215324,OSAMA.CAPTURE.DEC05,Osama Bin Laden to be captured/neutralised by 31 December 2005,1,24.0,May/10/2005 11:19:43
215324,OSAMA.CAPTURE.DEC05,Osama Bin Laden to be captured/neutralised by 31 December 2005,1,21.1,May/10/2005 11:19:43
215324,OSAMA.CAPTURE.DEC05,Osama Bin Laden to be captured/neutralised by 31 December 2005,1,21.2,May/10/2005 11:19:43
215324,OSAMA.CAPTURE.DEC05,Osama Bin Laden to be captured/neutralised by 31 December 2005,3,21.1,May/10/2005 20:18:26
215324,OSAMA.CAPTURE.DEC05,Osama Bin Laden to be captured/neutralised by 31 December 2005,1,21.2,May/10/2005 22:48:32
215324,OSAMA.CAPTURE.DEC05,Osama Bin Laden to be captured/neutralised by 31 December 2005,19,25.0,May/12/2005 14:58:01
215324,OSAMA.CAPTURE.DEC05,Osama Bin Laden to be captured/neutralised by 31 December 2005,1,24.8,May/12/2005 14:58:01
215324,OSAMA.CAPTURE.DEC05,Osama Bin Laden to be captured/neutralised by 31 December 2005,5,25.0,May/12/2005 14:59:08
215324,OSAMA.CAPTURE.DEC05,Osama Bin Laden to be captured/neutralised by 31 December 2005,9,25.0,May/12/2005 20:26:12
215324,OSAMA.CAPTURE.DEC05,Osama Bin Laden to be captured/neutralised by 31 December 2005,100,25.0,May/12/2005 20:26:12
215324,OSAMA.CAPTURE.DEC05,Osama Bin Laden to be captured/neutralised by 31 December 2005,1,24.9,May/12/2005 20:26:12
215324,OSAMA.CAPTURE.DEC05,Osama Bin Laden to be captured/neutralised by 31 December 2005,4,22.0,May/13/2005 04:41:51
215324,OSAMA.CAPTURE.DEC05,Osama Bin Laden to be captured/neutralised by 31 December 2005,3,25.0,May/13/2005 22:03:56
215324,OSAMA.CAPTURE.DEC05,Osama Bin Laden to be captured/neutralised by 31 December 2005,1,21.2,May/16/2005 19:11:11
215324,OSAMA.CAPTURE.DEC05,Osama Bin Laden to be captured/neutralised by 31 December 2005,1,21.2,May/16/2005 19:11:11
215324,OSAMA.CAPTURE.DEC05,Osama Bin Laden to be captured/neutralised by 31 December 2005,1,21.1,May/19/2005 21:45:03
215324,OSAMA.CAPTURE.DEC05,Osama Bin Laden to be captured/neutralised by 31 December 2005,1,21.1,May/25/2005 02:03:10
215324,OSAMA.CAPTURE.DEC05,Osama Bin Laden to be captured/neutralised by 31 December 2005,1,21.1,May/25/2005 18:13:06
215324,OSAMA.CAPTURE.DEC05,Osama Bin Laden to be captured/neutralised by 31 December 2005,287,21.0,May/26/2005 08:56:16
215324,OSAMA.CAPTURE.DEC05,Osama Bin Laden to be captured/neutralised by 31 December 2005,100,20.0,May/26/2005 08:56:16
215324,OSAMA.CAPTURE.DEC05,Osama Bin Laden to be captured/neutralised by 31 December 2005,6,21.1,May/26/2005 08:56:16
215324,OSAMA.CAPTURE.DEC05,Osama Bin Laden to be captured/neutralised by 31 December 2005,10,25.0,May/26/2005 23:39:27
215324,OSAMA.CAPTURE.DEC05,Osama Bin Laden to be captured/neutralised by 31 December 2005,2,24.9,May/26/2005 23:39:27
215324,OSAMA.CAPTURE.DEC05,Osama Bin Laden to be captured/neutralised by 31 December 2005,5,25.9,May/27/2005 13:05:22
215324,OSAMA.CAPTURE.DEC05,Osama Bin Laden to be captured/neutralised by 31 December 2005,1,25.9,May/27/2005 13:05:22
215324,OSAMA.CAPTURE.DEC05,Osama Bin Laden to be captured/neutralised by 31 December 2005,20,26.0,May/27/2005 13:05:42
215324,OSAMA.CAPTURE.DEC05,Osama Bin Laden to be captured/neutralised by 31 December 2005,3,26.9,May/27/2005 13:06:04
215324,OSAMA.CAPTURE.DEC05,Osama Bin Laden to be captured/neutralised by 31 December 2005,100,30.0,May/27/2005 13:06:19
215324,OSAMA.CAPTURE.DEC05,Osama Bin Laden to be captured/neutralised by 31 December 2005,50,25.0,May/27/2005 14:19:43
215324,OSAMA.CAPTURE.DEC05,Osama Bin Laden to be captured/neutralised by 31 December 2005,40,25.0,May/27/2005 14:19:43
215324,OSAMA.CAPTURE.DEC05,Osama Bin Laden to be captured/neutralised by 31 December 2005,5,23.0,May/27/2005 21:12:27
215324,OSAMA.CAPTURE.DEC05,Osama Bin Laden to be captured/neutralised by 31 December 2005,15,23.0,May/27/2005 21:12:27
215324,OSAMA.CAPTURE.DEC05,Osama Bin Laden to be captured/neutralised by 31 December 2005,3,23.1,May/27/2005 21:12:27
215324,OSAMA.CAPTURE.DEC05,Osama Bin Laden to be captured/neutralised by 31 December 2005,2,19.0,May/31/2005 00:33:23
215324,OSAMA.CAPTURE.DEC05,Osama Bin Laden to be captured/neutralised by 31 December 2005,20,18.6,May/31/2005 19:51:45
215324,OSAMA.CAPTURE.DEC05,Osama Bin Laden to be captured/neutralised by 31 December 2005,20,18.7,May/31/2005 19:51:45
215324,OSAMA.CAPTURE.DEC05,Osama Bin Laden to be captured/neutralised by 31 December 2005,2,18.8,May/31/2005 19:51:45
215324,OSAMA.CAPTURE.DEC05,Osama Bin Laden to be captured/neutralised by 31 December 2005,4,18.9,May/31/2005 19:51:45
215324,OSAMA.CAPTURE.DEC05,Osama Bin Laden to be captured/neutralised by 31 December 2005,6,18.9,May/31/2005 19:51:45
215324,OSAMA.CAPTURE.DEC05,Osama Bin Laden to be captured/neutralised by 31 December 2005,8,19.0,May/31/2005 19:51:45
215324,OSAMA.CAPTURE.DEC05,Osama Bin Laden to be captured/neutralised by 31 December 2005,1,15.5,Jun/02/2005 21:41:30
215324,OSAMA.CAPTURE.DEC05,Osama Bin Laden to be captured/neutralised by 31 December 2005,2,22.9,Jun/04/2005 20:34:36
215324,OSAMA.CAPTURE.DEC05,Osama Bin Laden to be captured/neutralised by 31 December 2005,2,22.0,Jun/06/2005 13:54:22
215324,OSAMA.CAPTURE.DEC05,Osama Bin Laden to be captured/neutralised by 31 December 2005,5,20.0,Jun/06/2005 13:54:22
215324,OSAMA.CAPTURE.DEC05,Osama Bin Laden to be captured/neutralised by 31 December 2005,3,20.0,Jun/06/2005 13:54:22
215324,OSAMA.CAPTURE.DEC05,Osama Bin Laden to be captured/neutralised by 31 December 2005,1,17.0,Jun/06/2005 22:08:56
215324,OSAMA.CAPTURE.DEC05,Osama Bin Laden to be captured/neutralised by 31 December 2005,24,17.0,Jun/07/2005 01:14:36
215324,OSAMA.CAPTURE.DEC05,Osama Bin Laden to be captured/neutralised by 31 December 2005,2,17.0,Jun/07/2005 18:12:36
215324,OSAMA.CAPTURE.DEC05,Osama Bin Laden to be captured/neutralised by 31 December 2005,1,17.0,Jun/07/2005 18:12:36
215324,OSAMA.CAPTURE.DEC05,Osama Bin Laden to be captured/neutralised by 31 December 2005,32,16.1,Jun/08/2005 14:17:13
215324,OSAMA.CAPTURE.DEC05,Osama Bin Laden to be captured/neutralised by 31 December 2005,10,16.0,Jun/08/2005 20:03:30
215324,OSAMA.CAPTURE.DEC05,Osama Bin Laden to be captured/neutralised by 31 December 2005,26,15.1,Jun/11/2005 00:48:56
215324,OSAMA.CAPTURE.DEC05,Osama Bin Laden to be captured/neutralised by 31 December 2005,90,15.2,Jun/11/2005 00:48:56
215324,OSAMA.CAPTURE.DEC05,Osama Bin Laden to be captured/neutralised by 31 December 2005,10,15.3,Jun/11/2005 00:48:56
215324,OSAMA.CAPTURE.DEC05,Osama Bin Laden to be captured/neutralised by 31 December 2005,6,15.4,Jun/11/2005 00:48:56
215324,OSAMA.CAPTURE.DEC05,Osama Bin Laden to be captured/neutralised by 31 December 2005,4,15.6,Jun/11/2005 00:48:56
215324,OSAMA.CAPTURE.DEC05,Osama Bin Laden to be captured/neutralised by 31 December 2005,64,15.4,Jun/11/2005 00:48:56
215324,OSAMA.CAPTURE.DEC05,Osama Bin Laden to be captured/neutralised by 31 December 2005,121,15.1,Jun/11/2005 00:49:05
215324,OSAMA.CAPTURE.DEC05,Osama Bin Laden to be captured/neutralised by 31 December 2005,100,15.0,Jun/11/2005 00:49:05
215324,OSAMA.CAPTURE.DEC05,Osama Bin Laden to be captured/neutralised by 31 December 2005,4,15.0,Jun/11/2005 00:49:05
215324,OSAMA.CAPTURE.DEC05,Osama Bin Laden to be captured/neutralised by 31 December 2005,1,15.0,Jun/11/2005 13:16:09
215324,OSAMA.CAPTURE.DEC05,Osama Bin Laden to be captured/neutralised by 31 December 2005,1,18.0,Jun/11/2005 13:18:03
215324,OSAMA.CAPTURE.DEC05,Osama Bin Laden to be captured/neutralised by 31 December 2005,1,15.0,Jun/11/2005 13:19:56
215324,OSAMA.CAPTURE.DEC05,Osama Bin Laden to be captured/neutralised by 31 December 2005,1,15.0,Jun/11/2005 13:21:45
215324,OSAMA.CAPTURE.DEC05,Osama Bin Laden to be captured/neutralised by 31 December 2005,1,18.0,Jun/11/2005 13:23:37
215324,OSAMA.CAPTURE.DEC05,Osama Bin Laden to be captured/neutralised by 31 December 2005,1,15.0,Jun/11/2005 13:25:29
215324,OSAMA.CAPTURE.DEC05,Osama Bin Laden to be captured/neutralised by 31 December 2005,1,18.0,Jun/11/2005 13:27:21
215324,OSAMA.CAPTURE.DEC05,Osama Bin Laden to be captured/neutralised by 31 December 2005,1,15.0,Jun/11/2005 13:29:14
215324,OSAMA.CAPTURE.DEC05,Osama Bin Laden to be captured/neutralised by 31 December 2005,1,18.0,Jun/11/2005 13:31:07
215324,OSAMA.CAPTURE.DEC05,Osama Bin Laden to be captured/neutralised by 31 December 2005,1,15.0,Jun/11/2005 13:33:00
215324,OSAMA.CAPTURE.DEC05,Osama Bin Laden to be captured/neutralised by 31 December 2005,1,18.0,Jun/11/2005 13:34:53
215324,OSAMA.CAPTURE.DEC05,Osama Bin Laden to be captured/neutralised by 31 December 2005,1,15.0,Jun/11/2005 13:36:46
215324,OSAMA.CAPTURE.DEC05,Osama Bin Laden to be captured/neutralised by 31 December 2005,1,15.0,Jun/11/2005 13:39:14
215324,OSAMA.CAPTURE.DEC05,Osama Bin Laden to be captured/neutralised by 31 December 2005,1,18.0,Jun/11/2005 13:42:25
215324,OSAMA.CAPTURE.DEC05,Osama Bin Laden to be captured/neutralised by 31 December 2005,1,15.0,Jun/11/2005 13:44:17
215324,OSAMA.CAPTURE.DEC05,Osama Bin Laden to be captured/neutralised by 31 December 2005,1,18.0,Jun/11/2005 13:46:09
215324,OSAMA.CAPTURE.DEC05,Osama Bin Laden to be captured/neutralised by 31 December 2005,1,15.0,Jun/11/2005 13:48:01
215324,OSAMA.CAPTURE.DEC05,Osama Bin Laden to be captured/neutralised by 31 December 2005,1,18.0,Jun/11/2005 13:49:52
215324,OSAMA.CAPTURE.DEC05,Osama Bin Laden to be captured/neutralised by 31 December 2005,1,15.0,Jun/11/2005 13:51:44
215324,OSAMA.CAPTURE.DEC05,Osama Bin Laden to be captured/neutralised by 31 December 2005,1,18.0,Jun/11/2005 13:53:36
215324,OSAMA.CAPTURE.DEC05,Osama Bin Laden to be captured/neutralised by 31 December 2005,1,15.0,Jun/11/2005 13:55:29
215324,OSAMA.CAPTURE.DEC05,Osama Bin Laden to be captured/neutralised by 31 December 2005,1,18.0,Jun/11/2005 13:57:23
215324,OSAMA.CAPTURE.DEC05,Osama Bin Laden to be captured/neutralised by 31 December 2005,1,15.0,Jun/11/2005 13:59:15
215324,OSAMA.CAPTURE.DEC05,Osama Bin Laden to be captured/neutralised by 31 December 2005,1,18.0,Jun/11/2005 14:01:07
215324,OSAMA.CAPTURE.DEC05,Osama Bin Laden to be captured/neutralised by 31 December 2005,1,15.0,Jun/11/2005 14:03:19
215324,OSAMA.CAPTURE.DEC05,Osama Bin Laden to be captured/neutralised by 31 December 2005,1,18.0,Jun/11/2005 14:05:11
215324,OSAMA.CAPTURE.DEC05,Osama Bin Laden to be captured/neutralised by 31 December 2005,1,15.0,Jun/11/2005 14:07:06
215324,OSAMA.CAPTURE.DEC05,Osama Bin Laden to be captured/neutralised by 31 December 2005,1,18.0,Jun/11/2005 14:08:58
215324,OSAMA.CAPTURE.DEC05,Osama Bin Laden to be captured/neutralised by 31 December 2005,1,15.0,Jun/11/2005 14:10:51
215324,OSAMA.CAPTURE.DEC05,Osama Bin Laden to be captured/neutralised by 31 December 2005,1,18.0,Jun/11/2005 14:12:43
215324,OSAMA.CAPTURE.DEC05,Osama Bin Laden to be captured/neutralised by 31 December 2005,1,15.0,Jun/11/2005 14:14:35
215324,OSAMA.CAPTURE.DEC05,Osama Bin Laden to be captured/neutralised by 31 December 2005,1,18.0,Jun/11/2005 14:16:27
215324,OSAMA.CAPTURE.DEC05,Osama Bin Laden to be captured/neutralised by 31 December 2005,1,15.0,Jun/11/2005 14:18:21
215324,OSAMA.CAPTURE.DEC05,Osama Bin Laden to be captured/neutralised by 31 December 2005,1,18.0,Jun/11/2005 14:20:13
215324,OSAMA.CAPTURE.DEC05,Osama Bin Laden to be captured/neutralised by 31 December 2005,1,15.0,Jun/11/2005 14:22:08
215324,OSAMA.CAPTURE.DEC05,Osama Bin Laden to be captured/neutralised by 31 December 2005,1,18.0,Jun/11/2005 14:24:01
215324,OSAMA.CAPTURE.DEC05,Osama Bin Laden to be captured/neutralised by 31 December 2005,1,15.0,Jun/11/2005 14:25:54
215324,OSAMA.CAPTURE.DEC05,Osama Bin Laden to be captured/neutralised by 31 December 2005,1,18.0,Jun/11/2005 14:27:47
215324,OSAMA.CAPTURE.DEC05,Osama Bin Laden to be captured/neutralised by 31 December 2005,1,15.0,Jun/11/2005 14:29:39
215324,OSAMA.CAPTURE.DEC05,Osama Bin Laden to be captured/neutralised by 31 December 2005,1,18.0,Jun/11/2005 14:31:27
215324,OSAMA.CAPTURE.DEC05,Osama Bin Laden to be captured/neutralised by 31 December 2005,1,15.0,Jun/11/2005 14:36:43
215324,OSAMA.CAPTURE.DEC05,Osama Bin Laden to be captured/neutralised by 31 December 2005,1,18.0,Jun/11/2005 14:38:35
215324,OSAMA.CAPTURE.DEC05,Osama Bin Laden to be captured/neutralised by 31 December 2005,1,15.0,Jun/11/2005 14:40:29
215324,OSAMA.CAPTURE.DEC05,Osama Bin Laden to be captured/neutralised by 31 December 2005,1,15.0,Jun/11/2005 14:44:31
215324,OSAMA.CAPTURE.DEC05,Osama Bin Laden to be captured/neutralised by 31 December 2005,1,18.0,Jun/11/2005 14:46:23
215324,OSAMA.CAPTURE.DEC05,Osama Bin Laden to be captured/neutralised by 31 December 2005,1,15.0,Jun/11/2005 14:48:15
215324,OSAMA.CAPTURE.DEC05,Osama Bin Laden to be captured/neutralised by 31 December 2005,1,18.0,Jun/11/2005 14:50:10
215324,OSAMA.CAPTURE.DEC05,Osama Bin Laden to be captured/neutralised by 31 December 2005,1,15.0,Jun/11/2005 14:52:03
215324,OSAMA.CAPTURE.DEC05,Osama Bin Laden to be captured/neutralised by 31 December 2005,1,18.0,Jun/11/2005 14:53:54
215324,OSAMA.CAPTURE.DEC05,Osama Bin Laden to be captured/neutralised by 31 December 2005,1,15.0,Jun/11/2005 14:55:47
215324,OSAMA.CAPTURE.DEC05,Osama Bin Laden to be captured/neutralised by 31 December 2005,1,15.0,Jun/11/2005 14:57:38
215324,OSAMA.CAPTURE.DEC05,Osama Bin Laden to be captured/neutralised by 31 December 2005,1,18.0,Jun/11/2005 14:59:32
215324,OSAMA.CAPTURE.DEC05,Osama Bin Laden to be captured/neutralised by 31 December 2005,1,15.0,Jun/11/2005 15:01:24
215324,OSAMA.CAPTURE.DEC05,Osama Bin Laden to be captured/neutralised by 31 December 2005,1,18.0,Jun/11/2005 15:03:16
215324,OSAMA.CAPTURE.DEC05,Osama Bin Laden to be captured/neutralised by 31 December 2005,1,15.0,Jun/11/2005 15:05:09
215324,OSAMA.CAPTURE.DEC05,Osama Bin Laden to be captured/neutralised by 31 December 2005,1,18.0,Jun/11/2005 15:07:01
215324,OSAMA.CAPTURE.DEC05,Osama Bin Laden to be captured/neutralised by 31 December 2005,1,15.0,Jun/11/2005 15:08:53
215324,OSAMA.CAPTURE.DEC05,Osama Bin Laden to be captured/neutralised by 31 December 2005,1,18.0,Jun/11/2005 15:10:46
215324,OSAMA.CAPTURE.DEC05,Osama Bin Laden to be captured/neutralised by 31 December 2005,1,15.0,Jun/11/2005 15:13:45
215324,OSAMA.CAPTURE.DEC05,Osama Bin Laden to be captured/neutralised by 31 December 2005,1,18.0,Jun/11/2005 15:15:39
215324,OSAMA.CAPTURE.DEC05,Osama Bin Laden to be captured/neutralised by 31 December 2005,1,15.0,Jun/11/2005 15:17:41
215324,OSAMA.CAPTURE.DEC05,Osama Bin Laden to be captured/neutralised by 31 December 2005,1,18.0,Jun/11/2005 15:19:34
215324,OSAMA.CAPTURE.DEC05,Osama Bin Laden to be captured/neutralised by 31 December 2005,1,15.0,Jun/11/2005 15:21:27
215324,OSAMA.CAPTURE.DEC05,Osama Bin Laden to be captured/neutralised by 31 December 2005,1,18.0,Jun/11/2005 15:23:19
215324,OSAMA.CAPTURE.DEC05,Osama Bin Laden to be captured/neutralised by 31 December 2005,1,15.0,Jun/11/2005 15:25:11
215324,OSAMA.CAPTURE.DEC05,Osama Bin Laden to be captured/neutralised by 31 December 2005,1,18.0,Jun/11/2005 15:27:03
215324,OSAMA.CAPTURE.DEC05,Osama Bin Laden to be captured/neutralised by 31 December 2005,1,15.0,Jun/11/2005 15:28:56
215324,OSAMA.CAPTURE.DEC05,Osama Bin Laden to be captured/neutralised by 31 December 2005,1,18.0,Jun/11/2005 15:30:49
215324,OSAMA.CAPTURE.DEC05,Osama Bin Laden to be captured/neutralised by 31 December 2005,1,15.0,Jun/11/2005 15:32:42
215324,OSAMA.CAPTURE.DEC05,Osama Bin Laden to be captured/neutralised by 31 December 2005,1,18.0,Jun/11/2005 15:34:34
215324,OSAMA.CAPTURE.DEC05,Osama Bin Laden to be captured/neutralised by 31 December 2005,1,15.0,Jun/11/2005 15:36:27
215324,OSAMA.CAPTURE.DEC05,Osama Bin Laden to be captured/neutralised by 31 December 2005,1,16.0,Jun/12/2005 08:54:46
215324,OSAMA.CAPTURE.DEC05,Osama Bin Laden to be captured/neutralised by 31 December 2005,1,15.0,Jun/12/2005 08:57:41
215324,OSAMA.CAPTURE.DEC05,Osama Bin Laden to be captured/neutralised by 31 December 2005,1,15.0,Jun/12/2005 09:00:08
215324,OSAMA.CAPTURE.DEC05,Osama Bin Laden to be captured/neutralised by 31 December 2005,1,15.5,Jun/12/2005 09:02:10
215324,OSAMA.CAPTURE.DEC05,Osama Bin Laden to be captured/neutralised by 31 December 2005,1,15.5,Jun/12/2005 09:04:33
215324,OSAMA.CAPTURE.DEC05,Osama Bin Laden to be captured/neutralised by 31 December 2005,1,15.5,Jun/12/2005 09:07:34
215324,OSAMA.CAPTURE.DEC05,Osama Bin Laden to be captured/neutralised by 31 December 2005,1,15.5,Jun/12/2005 09:09:27
215324,OSAMA.CAPTURE.DEC05,Osama Bin Laden to be captured/neutralised by 31 December 2005,1,15.5,Jun/12/2005 09:11:35
215324,OSAMA.CAPTURE.DEC05,Osama Bin Laden to be captured/neutralised by 31 December 2005,1,15.5,Jun/12/2005 09:13:26
215324,OSAMA.CAPTURE.DEC05,Osama Bin Laden to be captured/neutralised by 31 December 2005,1,15.5,Jun/12/2005 09:15:44
215324,OSAMA.CAPTURE.DEC05,Osama Bin Laden to be captured/neutralised by 31 December 2005,2,14.0,Jun/12/2005 09:33:00
215324,OSAMA.CAPTURE.DEC05,Osama Bin Laden to be captured/neutralised by 31 December 2005,1,14.1,Jun/12/2005 09:33:00
215324,OSAMA.CAPTURE.DEC05,Osama Bin Laden to be captured/neutralised by 31 December 2005,1,17.0,Jun/12/2005 17:43:42
215324,OSAMA.CAPTURE.DEC05,Osama Bin Laden to be captured/neutralised by 31 December 2005,1,17.0,Jun/12/2005 17:45:38
215324,OSAMA.CAPTURE.DEC05,Osama Bin Laden to be captured/neutralised by 31 December 2005,1,17.0,Jun/12/2005 17:47:42
215324,OSAMA.CAPTURE.DEC05,Osama Bin Laden to be captured/neutralised by 31 December 2005,1,17.0,Jun/12/2005 17:50:01
215324,OSAMA.CAPTURE.DEC05,Osama Bin Laden to be captured/neutralised by 31 December 2005,1,17.0,Jun/12/2005 17:53:19
215324,OSAMA.CAPTURE.DEC05,Osama Bin Laden to be captured/neutralised by 31 December 2005,1,17.0,Jun/12/2005 17:55:55
215324,OSAMA.CAPTURE.DEC05,Osama Bin Laden to be captured/neutralised by 31 December 2005,1,17.0,Jun/12/2005 17:59:54
215324,OSAMA.CAPTURE.DEC05,Osama Bin Laden to be captured/neutralised by 31 December 2005,1,17.0,Jun/12/2005 18:02:17
215324,OSAMA.CAPTURE.DEC05,Osama Bin Laden to be captured/neutralised by 31 December 2005,1,17.0,Jun/12/2005 18:03:57
215324,OSAMA.CAPTURE.DEC05,Osama Bin Laden to be captured/neutralised by 31 December 2005,1,17.0,Jun/12/2005 18:05:41
215324,OSAMA.CAPTURE.DEC05,Osama Bin Laden to be captured/neutralised by 31 December 2005,1,17.0,Jun/12/2005 18:08:38
215324,OSAMA.CAPTURE.DEC05,Osama Bin Laden to be captured/neutralised by 31 December 2005,1,19.0,Jun/13/2005 02:34:55
215324,OSAMA.CAPTURE.DEC05,Osama Bin Laden to be captured/neutralised by 31 December 2005,4,19.0,Jun/13/2005 18:15:57
215324,OSAMA.CAPTURE.DEC05,Osama Bin Laden to be captured/neutralised by 31 December 2005,3,19.0,Jun/13/2005 18:15:57
215324,OSAMA.CAPTURE.DEC05,Osama Bin Laden to be captured/neutralised by 31 December 2005,3,18.9,Jun/13/2005 18:15:57
215324,OSAMA.CAPTURE.DEC05,Osama Bin Laden to be captured/neutralised by 31 December 2005,5,18.0,Jun/19/2005 01:08:53
215324,OSAMA.CAPTURE.DEC05,Osama Bin Laden to be captured/neutralised by 31 December 2005,2,18.0,Jun/19/2005 01:08:53
215324,OSAMA.CAPTURE.DEC05,Osama Bin Laden to be captured/neutralised by 31 December 2005,5,15.0,Jun/21/2005 14:42:10
215324,OSAMA.CAPTURE.DEC05,Osama Bin Laden to be captured/neutralised by 31 December 2005,20,15.1,Jun/21/2005 14:42:10
215324,OSAMA.CAPTURE.DEC05,Osama Bin Laden to be captured/neutralised by 31 December 2005,5,15.2,Jun/21/2005 14:42:10
215324,OSAMA.CAPTURE.DEC05,Osama Bin Laden to be captured/neutralised by 31 December 2005,1,15.2,Jun/21/2005 14:42:10
215324,OSAMA.CAPTURE.DEC05,Osama Bin Laden to be captured/neutralised by 31 December 2005,1,14.8,Jun/23/2005 21:36:17
215324,OSAMA.CAPTURE.DEC05,Osama Bin Laden to be captured/neutralised by 31 December 2005,10,15.5,Jun/23/2005 22:43:54
215324,OSAMA.CAPTURE.DEC05,Osama Bin Laden to be captured/neutralised by 31 December 2005,2,15.4,Jun/23/2005 22:43:54
215324,OSAMA.CAPTURE.DEC05,Osama Bin Laden to be captured/neutralised by 31 December 2005,4,15.4,Jun/24/2005 12:07:15
215324,OSAMA.CAPTURE.DEC05,Osama Bin Laden to be captured/neutralised by 31 December 2005,5,15.5,Jun/24/2005 12:07:47
215324,OSAMA.CAPTURE.DEC05,Osama Bin Laden to be captured/neutralised by 31 December 2005,7,18.0,Jun/24/2005 21:46:47
215324,OSAMA.CAPTURE.DEC05,Osama Bin Laden to be captured/neutralised by 31 December 2005,3,17.9,Jun/24/2005 21:46:47
215324,OSAMA.CAPTURE.DEC05,Osama Bin Laden to be captured/neutralised by 31 December 2005,1,14.5,Jun/28/2005 01:09:40
215324,OSAMA.CAPTURE.DEC05,Osama Bin Laden to be captured/neutralised by 31 December 2005,10,14.5,Jun/28/2005 01:09:40
215324,OSAMA.CAPTURE.DEC05,Osama Bin Laden to be captured/neutralised by 31 December 2005,18,14.0,Jun/28/2005 01:09:40
215324,OSAMA.CAPTURE.DEC05,Osama Bin Laden to be captured/neutralised by 31 December 2005,3,18.0,Jun/29/2005 02:21:08
215324,OSAMA.CAPTURE.DEC05,Osama Bin Laden to be captured/neutralised by 31 December 2005,20,18.0,Jun/29/2005 02:21:08
215324,OSAMA.CAPTURE.DEC05,Osama Bin Laden to be captured/neutralised by 31 December 2005,13,17.9,Jun/29/2005 02:21:08
215324,OSAMA.CAPTURE.DEC05,Osama Bin Laden to be captured/neutralised by 31 December 2005,10,17.5,Jul/01/2005 02:27:47
215324,OSAMA.CAPTURE.DEC05,Osama Bin Laden to be captured/neutralised by 31 December 2005,1,17.0,Jul/01/2005 02:27:47
215324,OSAMA.CAPTURE.DEC05,Osama Bin Laden to be captured/neutralised by 31 December 2005,3,17.5,Jul/01/2005 02:27:47
215324,OSAMA.CAPTURE.DEC05,Osama Bin Laden to be captured/neutralised by 31 December 2005,1,17.0,Jul/01/2005 02:27:47
215324,OSAMA.CAPTURE.DEC05,Osama Bin Laden to be captured/neutralised by 31 December 2005,3,17.5,Jul/01/2005 04:01:52
215324,OSAMA.CAPTURE.DEC05,Osama Bin Laden to be captured/neutralised by 31 December 2005,3,17.5,Jul/01/2005 04:02:56
215324,OSAMA.CAPTURE.DEC05,Osama Bin Laden to be captured/neutralised by 31 December 2005,2,13.6,Jul/01/2005 19:25:38
215324,OSAMA.CAPTURE.DEC05,Osama Bin Laden to be captured/neutralised by 31 December 2005,5,13.5,Jul/01/2005 19:27:11
215324,OSAMA.CAPTURE.DEC05,Osama Bin Laden to be captured/neutralised by 31 December 2005,25,13.5,Jul/01/2005 19:27:11
215324,OSAMA.CAPTURE.DEC05,Osama Bin Laden to be captured/neutralised by 31 December 2005,15,13.5,Jul/01/2005 19:27:11
215324,OSAMA.CAPTURE.DEC05,Osama Bin Laden to be captured/neutralised by 31 December 2005,1,13.2,Jul/01/2005 19:34:00
215324,OSAMA.CAPTURE.DEC05,Osama Bin Laden to be captured/neutralised by 31 December 2005,2,13.1,Jul/01/2005 20:37:59
215324,OSAMA.CAPTURE.DEC05,Osama Bin Laden to be captured/neutralised by 31 December 2005,8,13.1,Jul/01/2005 20:37:59
215324,OSAMA.CAPTURE.DEC05,Osama Bin Laden to be captured/neutralised by 31 December 2005,6,17.8,Jul/06/2005 13:28:43
215324,OSAMA.CAPTURE.DEC05,Osama Bin Laden to be captured/neutralised by 31 December 2005,20,17.9,Jul/06/2005 13:29:12
215324,OSAMA.CAPTURE.DEC05,Osama Bin Laden to be captured/neutralised by 31 December 2005,10,14.5,Jul/07/2005 16:02:05
215324,OSAMA.CAPTURE.DEC05,Osama Bin Laden to be captured/neutralised by 31 December 2005,1,16.5,Jul/09/2005 12:09:50
215324,OSAMA.CAPTURE.DEC05,Osama Bin Laden to be captured/neutralised by 31 December 2005,1,16.5,Jul/09/2005 12:09:50
215324,OSAMA.CAPTURE.DEC05,Osama Bin Laden to be captured/neutralised by 31 December 2005,3,16.4,Jul/12/2005 04:30:36
215324,OSAMA.CAPTURE.DEC05,Osama Bin Laden to be captured/neutralised by 31 December 2005,3,16.5,Jul/12/2005 04:37:07
215324,OSAMA.CAPTURE.DEC05,Osama Bin Laden to be captured/neutralised by 31 December 2005,18,17.9,Jul/12/2005 04:47:31
215324,OSAMA.CAPTURE.DEC05,Osama Bin Laden to be captured/neutralised by 31 December 2005,10,17.7,Jul/12/2005 04:47:31
215324,OSAMA.CAPTURE.DEC05,Osama Bin Laden to be captured/neutralised by 31 December 2005,22,17.8,Jul/12/2005 04:47:31
215324,OSAMA.CAPTURE.DEC05,Osama Bin Laden to be captured/neutralised by 31 December 2005,7,16.5,Jul/12/2005 04:47:31
215324,OSAMA.CAPTURE.DEC05,Osama Bin Laden to be captured/neutralised by 31 December 2005,2,15.0,Jul/12/2005 15:03:44
215324,OSAMA.CAPTURE.DEC05,Osama Bin Laden to be captured/neutralised by 31 December 2005,1,15.0,Jul/12/2005 15:03:44
215324,OSAMA.CAPTURE.DEC05,Osama Bin Laden to be captured/neutralised by 31 December 2005,20,16.4,Jul/12/2005 18:39:24
215324,OSAMA.CAPTURE.DEC05,Osama Bin Laden to be captured/neutralised by 31 December 2005,1,16.3,Jul/12/2005 18:39:24
215324,OSAMA.CAPTURE.DEC05,Osama Bin Laden to be captured/neutralised by 31 December 2005,12,16.5,Jul/12/2005 18:39:24
215324,OSAMA.CAPTURE.DEC05,Osama Bin Laden to be captured/neutralised by 31 December 2005,3,13.2,Jul/12/2005 19:09:25
215324,OSAMA.CAPTURE.DEC05,Osama Bin Laden to be captured/neutralised by 31 December 2005,3,13.2,Jul/12/2005 19:10:27
215324,OSAMA.CAPTURE.DEC05,Osama Bin Laden to be captured/neutralised by 31 December 2005,3,13.2,Jul/12/2005 19:11:31
215324,OSAMA.CAPTURE.DEC05,Osama Bin Laden to be captured/neutralised by 31 December 2005,2,13.1,Jul/12/2005 19:12:35
215324,OSAMA.CAPTURE.DEC05,Osama Bin Laden to be captured/neutralised by 31 December 2005,1,13.2,Jul/12/2005 19:12:35
215324,OSAMA.CAPTURE.DEC05,Osama Bin Laden to be captured/neutralised by 31 December 2005,3,13.1,Jul/12/2005 19:13:39
215324,OSAMA.CAPTURE.DEC05,Osama Bin Laden to be captured/neutralised by 31 December 2005,3,13.1,Jul/12/2005 19:14:42
215324,OSAMA.CAPTURE.DEC05,Osama Bin Laden to be captured/neutralised by 31 December 2005,3,13.1,Jul/12/2005 19:15:46
215324,OSAMA.CAPTURE.DEC05,Osama Bin Laden to be captured/neutralised by 31 December 2005,3,13.1,Jul/12/2005 19:16:49
215324,OSAMA.CAPTURE.DEC05,Osama Bin Laden to be captured/neutralised by 31 December 2005,2,13.1,Jul/12/2005 20:12:18
215324,OSAMA.CAPTURE.DEC05,Osama Bin Laden to be captured/neutralised by 31 December 2005,15,13.1,Jul/12/2005 20:12:18
215324,OSAMA.CAPTURE.DEC05,Osama Bin Laden to be captured/neutralised by 31 December 2005,23,13.1,Jul/12/2005 20:12:18
215324,OSAMA.CAPTURE.DEC05,Osama Bin Laden to be captured/neutralised by 31 December 2005,3,13.1,Jul/12/2005 20:19:58
215324,OSAMA.CAPTURE.DEC05,Osama Bin Laden to be captured/neutralised by 31 December 2005,3,13.1,Jul/12/2005 23:26:56
215324,OSAMA.CAPTURE.DEC05,Osama Bin Laden to be captured/neutralised by 31 December 2005,2,13.6,Jul/13/2005 08:00:04
215324,OSAMA.CAPTURE.DEC05,Osama Bin Laden to be captured/neutralised by 31 December 2005,100,16.4,Jul/13/2005 15:33:40
215324,OSAMA.CAPTURE.DEC05,Osama Bin Laden to be captured/neutralised by 31 December 2005,43,16.4,Jul/13/2005 15:33:40
215324,OSAMA.CAPTURE.DEC05,Osama Bin Laden to be captured/neutralised by 31 December 2005,118,16.5,Jul/13/2005 15:34:06
215324,OSAMA.CAPTURE.DEC05,Osama Bin Laden to be captured/neutralised by 31 December 2005,21,17.8,Jul/13/2005 15:34:27
215324,OSAMA.CAPTURE.DEC05,Osama Bin Laden to be captured/neutralised by 31 December 2005,100,20.0,Jul/13/2005 15:34:49
215324,OSAMA.CAPTURE.DEC05,Osama Bin Laden to be captured/neutralised by 31 December 2005,3,15.2,Jul/13/2005 19:23:50
215324,OSAMA.CAPTURE.DEC05,Osama Bin Laden to be captured/neutralised by 31 December 2005,3,15.2,Jul/13/2005 19:51:55
215324,OSAMA.CAPTURE.DEC05,Osama Bin Laden to be captured/neutralised by 31 December 2005,3,15.1,Jul/13/2005 19:52:57
215324,OSAMA.CAPTURE.DEC05,Osama Bin Laden to be captured/neutralised by 31 December 2005,3,15.1,Jul/13/2005 19:55:02
215324,OSAMA.CAPTURE.DEC05,Osama Bin Laden to be captured/neutralised by 31 December 2005,3,15.2,Jul/13/2005 20:08:45
215324,OSAMA.CAPTURE.DEC05,Osama Bin Laden to be captured/neutralised by 31 December 2005,3,15.2,Jul/13/2005 20:27:14
215324,OSAMA.CAPTURE.DEC05,Osama Bin Laden to be captured/neutralised by 31 December 2005,3,15.2,Jul/13/2005 21:08:07
215324,OSAMA.CAPTURE.DEC05,Osama Bin Laden to be captured/neutralised by 31 December 2005,9,15.7,Jul/14/2005 00:26:58
215324,OSAMA.CAPTURE.DEC05,Osama Bin Laden to be captured/neutralised by 31 December 2005,3,15.7,Jul/14/2005 00:26:58
215324,OSAMA.CAPTURE.DEC05,Osama Bin Laden to be captured/neutralised by 31 December 2005,2,15.7,Jul/14/2005 02:07:43
215324,OSAMA.CAPTURE.DEC05,Osama Bin Laden to be captured/neutralised by 31 December 2005,1,15.8,Jul/14/2005 02:07:43
215324,OSAMA.CAPTURE.DEC05,Osama Bin Laden to be captured/neutralised by 31 December 2005,100,15.0,Jul/14/2005 05:30:26
215324,OSAMA.CAPTURE.DEC05,Osama Bin Laden to be captured/neutralised by 31 December 2005,2,15.5,Jul/14/2005 05:30:26
215324,OSAMA.CAPTURE.DEC05,Osama Bin Laden to be captured/neutralised by 31 December 2005,11,15.7,Jul/14/2005 05:30:26
215324,OSAMA.CAPTURE.DEC05,Osama Bin Laden to be captured/neutralised by 31 December 2005,20,15.1,Jul/14/2005 05:30:26
215324,OSAMA.CAPTURE.DEC05,Osama Bin Laden to be captured/neutralised by 31 December 2005,3,18.8,Jul/14/2005 05:30:26
215324,OSAMA.CAPTURE.DEC05,Osama Bin Laden to be captured/neutralised by 31 December 2005,1,18.8,Jul/14/2005 05:30:26
215324,OSAMA.CAPTURE.DEC05,Osama Bin Laden to be captured/neutralised by 31 December 2005,3,15.0,Jul/14/2005 05:31:15
215324,OSAMA.CAPTURE.DEC05,Osama Bin Laden to be captured/neutralised by 31 December 2005,3,15.0,Jul/14/2005 05:32:17
215324,OSAMA.CAPTURE.DEC05,Osama Bin Laden to be captured/neutralised by 31 December 2005,3,15.0,Jul/14/2005 05:33:19
215324,OSAMA.CAPTURE.DEC05,Osama Bin Laden to be captured/neutralised by 31 December 2005,3,15.0,Jul/14/2005 05:34:21
215324,OSAMA.CAPTURE.DEC05,Osama Bin Laden to be captured/neutralised by 31 December 2005,1,15.0,Jul/14/2005 05:35:22
215324,OSAMA.CAPTURE.DEC05,Osama Bin Laden to be captured/neutralised by 31 December 2005,7,16.8,Jul/14/2005 16:44:19
215324,OSAMA.CAPTURE.DEC05,Osama Bin Laden to be captured/neutralised by 31 December 2005,7,16.9,Jul/14/2005 16:45:55
215324,OSAMA.CAPTURE.DEC05,Osama Bin Laden to be captured/neutralised by 31 December 2005,13,16.9,Jul/14/2005 17:08:53
215324,OSAMA.CAPTURE.DEC05,Osama Bin Laden to be captured/neutralised by 31 December 2005,200,17.0,Jul/14/2005 17:09:10
215324,OSAMA.CAPTURE.DEC05,Osama Bin Laden to be captured/neutralised by 31 December 2005,3,18.4,Jul/14/2005 17:09:55
215324,OSAMA.CAPTURE.DEC05,Osama Bin Laden to be captured/neutralised by 31 December 2005,1,18.4,Jul/14/2005 17:09:55
215324,OSAMA.CAPTURE.DEC05,Osama Bin Laden to be captured/neutralised by 31 December 2005,18,20.0,Jul/14/2005 17:10:12
215324,OSAMA.CAPTURE.DEC05,Osama Bin Laden to be captured/neutralised by 31 December 2005,2,16.8,Jul/14/2005 20:04:00
215324,OSAMA.CAPTURE.DEC05,Osama Bin Laden to be captured/neutralised by 31 December 2005,1,16.8,Jul/14/2005 20:04:00
215324,OSAMA.CAPTURE.DEC05,Osama Bin Laden to be captured/neutralised by 31 December 2005,10,16.0,Jul/14/2005 20:04:00
215324,OSAMA.CAPTURE.DEC05,Osama Bin Laden to be captured/neutralised by 31 December 2005,3,16.0,Jul/14/2005 20:04:00
215324,OSAMA.CAPTURE.DEC05,Osama Bin Laden to be captured/neutralised by 31 December 2005,4,15.4,Jul/15/2005 15:55:24
215324,OSAMA.CAPTURE.DEC05,Osama Bin Laden to be captured/neutralised by 31 December 2005,3,15.4,Jul/15/2005 15:55:24
215324,OSAMA.CAPTURE.DEC05,Osama Bin Laden to be captured/neutralised by 31 December 2005,2,14.8,Jul/15/2005 15:57:27
215324,OSAMA.CAPTURE.DEC05,Osama Bin Laden to be captured/neutralised by 31 December 2005,100,15.0,Jul/16/2005 23:13:38
215324,OSAMA.CAPTURE.DEC05,Osama Bin Laden to be captured/neutralised by 31 December 2005,14,15.1,Jul/16/2005 23:13:38
215324,OSAMA.CAPTURE.DEC05,Osama Bin Laden to be captured/neutralised by 31 December 2005,1,16.2,Jul/18/2005 10:22:28
215324,OSAMA.CAPTURE.DEC05,Osama Bin Laden to be captured/neutralised by 31 December 2005,1,14.3,Jul/18/2005 18:21:17
215324,OSAMA.CAPTURE.DEC05,Osama Bin Laden to be captured/neutralised by 31 December 2005,5,14.3,Jul/18/2005 22:19:31
215324,OSAMA.CAPTURE.DEC05,Osama Bin Laden to be captured/neutralised by 31 December 2005,4,14.2,Jul/20/2005 18:13:36
215324,OSAMA.CAPTURE.DEC05,Osama Bin Laden to be captured/neutralised by 31 December 2005,5,14.3,Jul/20/2005 18:13:36
215324,OSAMA.CAPTURE.DEC05,Osama Bin Laden to be captured/neutralised by 31 December 2005,8,14.2,Jul/20/2005 18:13:36
215324,OSAMA.CAPTURE.DEC05,Osama Bin Laden to be captured/neutralised by 31 December 2005,6,13.6,Jul/22/2005 03:08:32
215324,OSAMA.CAPTURE.DEC05,Osama Bin Laden to be captured/neutralised by 31 December 2005,10,12.9,Jul/22/2005 03:14:04
215324,OSAMA.CAPTURE.DEC05,Osama Bin Laden to be captured/neutralised by 31 December 2005,30,13.5,Jul/22/2005 03:14:04
215324,OSAMA.CAPTURE.DEC05,Osama Bin Laden to be captured/neutralised by 31 December 2005,80,13.0,Jul/22/2005 03:14:04
215324,OSAMA.CAPTURE.DEC05,Osama Bin Laden to be captured/neutralised by 31 December 2005,3,13.5,Jul/22/2005 03:14:04
215324,OSAMA.CAPTURE.DEC05,Osama Bin Laden to be captured/neutralised by 31 December 2005,1,12.9,Jul/22/2005 13:50:44
215324,OSAMA.CAPTURE.DEC05,Osama Bin Laden to be captured/neutralised by 31 December 2005,3,12.7,Jul/23/2005 04:45:28
215324,OSAMA.CAPTURE.DEC05,Osama Bin Laden to be captured/neutralised by 31 December 2005,10,12.1,Jul/25/2005 23:44:35
215324,OSAMA.CAPTURE.DEC05,Osama Bin Laden to be captured/neutralised by 31 December 2005,1,12.2,Jul/25/2005 23:44:35
215324,OSAMA.CAPTURE.DEC05,Osama Bin Laden to be captured/neutralised by 31 December 2005,1,12.2,Jul/25/2005 23:44:35
215324,OSAMA.CAPTURE.DEC05,Osama Bin Laden to be captured/neutralised by 31 December 2005,3,12.0,Jul/25/2005 23:44:35
215324,OSAMA.CAPTURE.DEC05,Osama Bin Laden to be captured/neutralised by 31 December 2005,1,13.4,Jul/27/2005 09:34:01
215324,OSAMA.CAPTURE.DEC05,Osama Bin Laden to be captured/neutralised by 31 December 2005,3,11.4,Jul/27/2005 20:34:16
215324,OSAMA.CAPTURE.DEC05,Osama Bin Laden to be captured/neutralised by 31 December 2005,4,13.4,Jul/28/2005 01:25:24
215324,OSAMA.CAPTURE.DEC05,Osama Bin Laden to be captured/neutralised by 31 December 2005,1,13.3,Jul/28/2005 01:25:24
215324,OSAMA.CAPTURE.DEC05,Osama Bin Laden to be captured/neutralised by 31 December 2005,25,13.5,Jul/28/2005 02:44:54
215324,OSAMA.CAPTURE.DEC05,Osama Bin Laden to be captured/neutralised by 31 December 2005,1,14.7,Jul/28/2005 08:40:59
215324,OSAMA.CAPTURE.DEC05,Osama Bin Laden to be captured/neutralised by 31 December 2005,3,12.0,Jul/28/2005 21:19:02
215324,OSAMA.CAPTURE.DEC05,Osama Bin Laden to be captured/neutralised by 31 December 2005,1,12.0,Jul/28/2005 21:19:02
215324,OSAMA.CAPTURE.DEC05,Osama Bin Laden to be captured/neutralised by 31 December 2005,3,13.8,Jul/29/2005 00:28:03
215324,OSAMA.CAPTURE.DEC05,Osama Bin Laden to be captured/neutralised by 31 December 2005,1,13.8,Jul/29/2005 00:28:03
215324,OSAMA.CAPTURE.DEC05,Osama Bin Laden to be captured/neutralised by 31 December 2005,1,14.0,Jul/29/2005 00:49:55
215324,OSAMA.CAPTURE.DEC05,Osama Bin Laden to be captured/neutralised by 31 December 2005,1,14.6,Jul/29/2005 09:06:33
215324,OSAMA.CAPTURE.DEC05,Osama Bin Laden to be captured/neutralised by 31 December 2005,1,14.7,Jul/29/2005 09:09:18
215324,OSAMA.CAPTURE.DEC05,Osama Bin Laden to be captured/neutralised by 31 December 2005,1,14.5,Jul/29/2005 17:46:44
215324,OSAMA.CAPTURE.DEC05,Osama Bin Laden to be captured/neutralised by 31 December 2005,1,14.5,Jul/29/2005 17:46:44
215324,OSAMA.CAPTURE.DEC05,Osama Bin Laden to be captured/neutralised by 31 December 2005,1,12.0,Jul/29/2005 19:23:06
215324,OSAMA.CAPTURE.DEC05,Osama Bin Laden to be captured/neutralised by 31 December 2005,1,14.8,Jul/29/2005 22:09:28
215324,OSAMA.CAPTURE.DEC05,Osama Bin Laden to be captured/neutralised by 31 December 2005,3,15.0,Jul/29/2005 22:09:28
215324,OSAMA.CAPTURE.DEC05,Osama Bin Laden to be captured/neutralised by 31 December 2005,2,14.7,Jul/29/2005 22:09:28
215324,OSAMA.CAPTURE.DEC05,Osama Bin Laden to be captured/neutralised by 31 December 2005,1,14.5,Jul/29/2005 22:09:28
215324,OSAMA.CAPTURE.DEC05,Osama Bin Laden to be captured/neutralised by 31 December 2005,3,14.5,Jul/29/2005 22:09:28
215324,OSAMA.CAPTURE.DEC05,Osama Bin Laden to be captured/neutralised by 31 December 2005,3,12.1,Jul/30/2005 00:34:32
215324,OSAMA.CAPTURE.DEC05,Osama Bin Laden to be captured/neutralised by 31 December 2005,1,14.5,Jul/30/2005 02:12:16
215324,OSAMA.CAPTURE.DEC05,Osama Bin Laden to be captured/neutralised by 31 December 2005,3,14.5,Jul/30/2005 02:12:16
215324,OSAMA.CAPTURE.DEC05,Osama Bin Laden to be captured/neutralised by 31 December 2005,6,14.0,Aug/01/2005 14:49:23
215324,OSAMA.CAPTURE.DEC05,Osama Bin Laden to be captured/neutralised by 31 December 2005,4,14.1,Aug/01/2005 14:49:23
215324,OSAMA.CAPTURE.DEC05,Osama Bin Laden to be captured/neutralised by 31 December 2005,1,14.8,Aug/01/2005 22:15:05
215324,OSAMA.CAPTURE.DEC05,Osama Bin Laden to be captured/neutralised by 31 December 2005,1,14.8,Aug/01/2005 22:15:05
215324,OSAMA.CAPTURE.DEC05,Osama Bin Laden to be captured/neutralised by 31 December 2005,3,14.9,Aug/02/2005 01:48:14
215324,OSAMA.CAPTURE.DEC05,Osama Bin Laden to be captured/neutralised by 31 December 2005,10,14.8,Aug/02/2005 04:48:23
215324,OSAMA.CAPTURE.DEC05,Osama Bin Laden to be captured/neutralised by 31 December 2005,5,14.8,Aug/02/2005 10:47:17
215324,OSAMA.CAPTURE.DEC05,Osama Bin Laden to be captured/neutralised by 31 December 2005,5,14.8,Aug/02/2005 11:49:57
215324,OSAMA.CAPTURE.DEC05,Osama Bin Laden to be captured/neutralised by 31 December 2005,4,14.8,Aug/02/2005 12:57:08
215324,OSAMA.CAPTURE.DEC05,Osama Bin Laden to be captured/neutralised by 31 December 2005,1,13.2,Aug/02/2005 23:42:12
215324,OSAMA.CAPTURE.DEC05,Osama Bin Laden to be captured/neutralised by 31 December 2005,1,13.2,Aug/02/2005 23:45:04
215324,OSAMA.CAPTURE.DEC05,Osama Bin Laden to be captured/neutralised by 31 December 2005,3,14.7,Aug/03/2005 01:30:41
215324,OSAMA.CAPTURE.DEC05,Osama Bin Laden to be captured/neutralised by 31 December 2005,1,14.7,Aug/03/2005 01:30:41
215324,OSAMA.CAPTURE.DEC05,Osama Bin Laden to be captured/neutralised by 31 December 2005,2,12.8,Aug/03/2005 20:12:23
215324,OSAMA.CAPTURE.DEC05,Osama Bin Laden to be captured/neutralised by 31 December 2005,18,14.8,Aug/04/2005 17:36:06
215324,OSAMA.CAPTURE.DEC05,Osama Bin Laden to be captured/neutralised by 31 December 2005,8,14.8,Aug/04/2005 17:36:06
215324,OSAMA.CAPTURE.DEC05,Osama Bin Laden to be captured/neutralised by 31 December 2005,1,14.6,Aug/04/2005 17:36:06
215324,OSAMA.CAPTURE.DEC05,Osama Bin Laden to be captured/neutralised by 31 December 2005,8,14.6,Aug/04/2005 17:36:06
215324,OSAMA.CAPTURE.DEC05,Osama Bin Laden to be captured/neutralised by 31 December 2005,3,14.7,Aug/04/2005 17:36:06
215324,OSAMA.CAPTURE.DEC05,Osama Bin Laden to be captured/neutralised by 31 December 2005,1,14.0,Aug/04/2005 17:36:06
215324,OSAMA.CAPTURE.DEC05,Osama Bin Laden to be captured/neutralised by 31 December 2005,1,14.0,Aug/04/2005 17:36:06
215324,OSAMA.CAPTURE.DEC05,Osama Bin Laden to be captured/neutralised by 31 December 2005,61,15.0,Aug/04/2005 17:36:06
215324,OSAMA.CAPTURE.DEC05,Osama Bin Laden to be captured/neutralised by 31 December 2005,14,14.9,Aug/04/2005 17:36:06
215324,OSAMA.CAPTURE.DEC05,Osama Bin Laden to be captured/neutralised by 31 December 2005,10,14.9,Aug/04/2005 17:36:06
215324,OSAMA.CAPTURE.DEC05,Osama Bin Laden to be captured/neutralised by 31 December 2005,6,15.0,Aug/05/2005 11:55:59
215324,OSAMA.CAPTURE.DEC05,Osama Bin Laden to be captured/neutralised by 31 December 2005,2,14.9,Aug/05/2005 11:55:59
215324,OSAMA.CAPTURE.DEC05,Osama Bin Laden to be captured/neutralised by 31 December 2005,1,14.8,Aug/05/2005 11:55:59
215324,OSAMA.CAPTURE.DEC05,Osama Bin Laden to be captured/neutralised by 31 December 2005,1,14.8,Aug/05/2005 11:55:59
215324,OSAMA.CAPTURE.DEC05,Osama Bin Laden to be captured/neutralised by 31 December 2005,1,14.8,Aug/05/2005 20:08:27
215324,OSAMA.CAPTURE.DEC05,Osama Bin Laden to be captured/neutralised by 31 December 2005,3,12.2,Aug/05/2005 23:41:07
215324,OSAMA.CAPTURE.DEC05,Osama Bin Laden to be captured/neutralised by 31 December 2005,1,12.2,Aug/05/2005 23:41:07
215324,OSAMA.CAPTURE.DEC05,Osama Bin Laden to be captured/neutralised by 31 December 2005,2,12.6,Aug/07/2005 16:36:51
215324,OSAMA.CAPTURE.DEC05,Osama Bin Laden to be captured/neutralised by 31 December 2005,3,13.5,Aug/07/2005 21:41:05
215324,OSAMA.CAPTURE.DEC05,Osama Bin Laden to be captured/neutralised by 31 December 2005,1,13.5,Aug/07/2005 21:41:05
215324,OSAMA.CAPTURE.DEC05,Osama Bin Laden to be captured/neutralised by 31 December 2005,8,12.5,Aug/07/2005 21:41:05
215324,OSAMA.CAPTURE.DEC05,Osama Bin Laden to be captured/neutralised by 31 December 2005,1,12.5,Aug/07/2005 22:38:34
215324,OSAMA.CAPTURE.DEC05,Osama Bin Laden to be captured/neutralised by 31 December 2005,1,12.5,Aug/08/2005 01:04:39
215324,OSAMA.CAPTURE.DEC05,Osama Bin Laden to be captured/neutralised by 31 December 2005,1,12.5,Aug/08/2005 01:04:39
215324,OSAMA.CAPTURE.DEC05,Osama Bin Laden to be captured/neutralised by 31 December 2005,1,13.2,Aug/08/2005 05:32:51
215324,OSAMA.CAPTURE.DEC05,Osama Bin Laden to be captured/neutralised by 31 December 2005,1,13.2,Aug/08/2005 05:32:51
215324,OSAMA.CAPTURE.DEC05,Osama Bin Laden to be captured/neutralised by 31 December 2005,1,12.1,Aug/08/2005 20:29:40
215324,OSAMA.CAPTURE.DEC05,Osama Bin Laden to be captured/neutralised by 31 December 2005,5,14.3,Aug/09/2005 17:05:50
215324,OSAMA.CAPTURE.DEC05,Osama Bin Laden to be captured/neutralised by 31 December 2005,1,13.3,Aug/09/2005 17:05:50
215324,OSAMA.CAPTURE.DEC05,Osama Bin Laden to be captured/neutralised by 31 December 2005,16,13.4,Aug/09/2005 17:05:50
215324,OSAMA.CAPTURE.DEC05,Osama Bin Laden to be captured/neutralised by 31 December 2005,1,12.3,Aug/09/2005 17:05:50
215324,OSAMA.CAPTURE.DEC05,Osama Bin Laden to be captured/neutralised by 31 December 2005,20,15.0,Aug/09/2005 17:05:50
215324,OSAMA.CAPTURE.DEC05,Osama Bin Laden to be captured/neutralised by 31 December 2005,47,15.5,Aug/09/2005 17:05:50
215324,OSAMA.CAPTURE.DEC05,Osama Bin Laden to be captured/neutralised by 31 December 2005,10,15.1,Aug/09/2005 17:05:50
215324,OSAMA.CAPTURE.DEC05,Osama Bin Laden to be captured/neutralised by 31 December 2005,2,14.9,Aug/09/2005 17:05:50
215324,OSAMA.CAPTURE.DEC05,Osama Bin Laden to be captured/neutralised by 31 December 2005,1,14.4,Aug/09/2005 17:05:50
215324,OSAMA.CAPTURE.DEC05,Osama Bin Laden to be captured/neutralised by 31 December 2005,17,14.5,Aug/09/2005 17:05:50
215324,OSAMA.CAPTURE.DEC05,Osama Bin Laden to be captured/neutralised by 31 December 2005,30,14.5,Aug/09/2005 17:05:50
215324,OSAMA.CAPTURE.DEC05,Osama Bin Laden to be captured/neutralised by 31 December 2005,1,12.2,Aug/09/2005 19:27:51
215324,OSAMA.CAPTURE.DEC05,Osama Bin Laden to be captured/neutralised by 31 December 2005,3,14.2,Aug/09/2005 20:08:16
215324,OSAMA.CAPTURE.DEC05,Osama Bin Laden to be captured/neutralised by 31 December 2005,1,14.2,Aug/09/2005 20:08:16
215324,OSAMA.CAPTURE.DEC05,Osama Bin Laden to be captured/neutralised by 31 December 2005,1,13.9,Aug/09/2005 22:32:21
215324,OSAMA.CAPTURE.DEC05,Osama Bin Laden to be captured/neutralised by 31 December 2005,3,13.9,Aug/09/2005 22:32:21
215324,OSAMA.CAPTURE.DEC05,Osama Bin Laden to be captured/neutralised by 31 December 2005,1,14.0,Aug/10/2005 03:15:27
215324,OSAMA.CAPTURE.DEC05,Osama Bin Laden to be captured/neutralised by 31 December 2005,9,14.0,Aug/10/2005 14:01:21
215324,OSAMA.CAPTURE.DEC05,Osama Bin Laden to be captured/neutralised by 31 December 2005,1,14.2,Aug/10/2005 14:01:42
215324,OSAMA.CAPTURE.DEC05,Osama Bin Laden to be captured/neutralised by 31 December 2005,1,15.2,Aug/10/2005 14:02:02
215324,OSAMA.CAPTURE.DEC05,Osama Bin Laden to be captured/neutralised by 31 December 2005,2,15.3,Aug/10/2005 14:02:21
215324,OSAMA.CAPTURE.DEC05,Osama Bin Laden to be captured/neutralised by 31 December 2005,17,15.4,Aug/10/2005 14:02:40
215324,OSAMA.CAPTURE.DEC05,Osama Bin Laden to be captured/neutralised by 31 December 2005,3,15.4,Aug/10/2005 14:13:17
215324,OSAMA.CAPTURE.DEC05,Osama Bin Laden to be captured/neutralised by 31 December 2005,2,15.4,Aug/10/2005 14:29:47
215324,OSAMA.CAPTURE.DEC05,Osama Bin Laden to be captured/neutralised by 31 December 2005,2,15.0,Aug/10/2005 14:34:16
215324,OSAMA.CAPTURE.DEC05,Osama Bin Laden to be captured/neutralised by 31 December 2005,3,15.0,Aug/10/2005 15:42:07
215324,OSAMA.CAPTURE.DEC05,Osama Bin Laden to be captured/neutralised by 31 December 2005,95,15.0,Aug/10/2005 17:38:37
215324,OSAMA.CAPTURE.DEC05,Osama Bin Laden to be captured/neutralised by 31 December 2005,4,15.0,Aug/10/2005 17:38:37
215324,OSAMA.CAPTURE.DEC05,Osama Bin Laden to be captured/neutralised by 31 December 2005,1,12.2,Aug/10/2005 18:06:29
215324,OSAMA.CAPTURE.DEC05,Osama Bin Laden to be captured/neutralised by 31 December 2005,1,12.1,Aug/10/2005 19:50:53
215324,OSAMA.CAPTURE.DEC05,Osama Bin Laden to be captured/neutralised by 31 December 2005,1,12.2,Aug/11/2005 22:55:17
215324,OSAMA.CAPTURE.DEC05,Osama Bin Laden to be captured/neutralised by 31 December 2005,1,12.2,Aug/11/2005 22:55:17
215324,OSAMA.CAPTURE.DEC05,Osama Bin Laden to be captured/neutralised by 31 December 2005,5,12.0,Aug/11/2005 22:55:17
215324,OSAMA.CAPTURE.DEC05,Osama Bin Laden to be captured/neutralised by 31 December 2005,19,12.1,Aug/11/2005 22:55:17
215324,OSAMA.CAPTURE.DEC05,Osama Bin Laden to be captured/neutralised by 31 December 2005,3,12.1,Aug/11/2005 22:55:17
215324,OSAMA.CAPTURE.DEC05,Osama Bin Laden to be captured/neutralised by 31 December 2005,1,12.0,Aug/13/2005 19:47:39
215324,OSAMA.CAPTURE.DEC05,Osama Bin Laden to be captured/neutralised by 31 December 2005,1,14.4,Aug/13/2005 19:48:12
215324,OSAMA.CAPTURE.DEC05,Osama Bin Laden to be captured/neutralised by 31 December 2005,3,14.5,Aug/13/2005 19:48:12
215324,OSAMA.CAPTURE.DEC05,Osama Bin Laden to be captured/neutralised by 31 December 2005,1,14.4,Aug/13/2005 19:48:12
215324,OSAMA.CAPTURE.DEC05,Osama Bin Laden to be captured/neutralised by 31 December 2005,4,15.0,Aug/13/2005 19:49:03
215324,OSAMA.CAPTURE.DEC05,Osama Bin Laden to be captured/neutralised by 31 December 2005,1,14.7,Aug/14/2005 00:36:52
215324,OSAMA.CAPTURE.DEC05,Osama Bin Laden to be captured/neutralised by 31 December 2005,1,14.7,Aug/14/2005 00:36:52
215324,OSAMA.CAPTURE.DEC05,Osama Bin Laden to be captured/neutralised by 31 December 2005,2,15.6,Aug/14/2005 00:36:52
215324,OSAMA.CAPTURE.DEC05,Osama Bin Laden to be captured/neutralised by 31 December 2005,12,15.4,Aug/14/2005 00:36:52
215324,OSAMA.CAPTURE.DEC05,Osama Bin Laden to be captured/neutralised by 31 December 2005,7,15.4,Aug/14/2005 00:36:52
215324,OSAMA.CAPTURE.DEC05,Osama Bin Laden to be captured/neutralised by 31 December 2005,10,15.4,Aug/14/2005 00:36:52
215324,OSAMA.CAPTURE.DEC05,Osama Bin Laden to be captured/neutralised by 31 December 2005,5,15.2,Aug/14/2005 00:36:52
215324,OSAMA.CAPTURE.DEC05,Osama Bin Laden to be captured/neutralised by 31 December 2005,8,15.3,Aug/14/2005 00:36:52
215324,OSAMA.CAPTURE.DEC05,Osama Bin Laden to be captured/neutralised by 31 December 2005,35,15.0,Aug/14/2005 00:36:52
215324,OSAMA.CAPTURE.DEC05,Osama Bin Laden to be captured/neutralised by 31 December 2005,9,14.8,Aug/14/2005 00:36:52
215324,OSAMA.CAPTURE.DEC05,Osama Bin Laden to be captured/neutralised by 31 December 2005,3,15.1,Aug/14/2005 00:36:52
215324,OSAMA.CAPTURE.DEC05,Osama Bin Laden to be captured/neutralised by 31 December 2005,1,12.1,Aug/14/2005 00:37:06
215324,OSAMA.CAPTURE.DEC05,Osama Bin Laden to be captured/neutralised by 31 December 2005,1,13.2,Aug/14/2005 01:17:03
215324,OSAMA.CAPTURE.DEC05,Osama Bin Laden to be captured/neutralised by 31 December 2005,1,13.2,Aug/14/2005 01:17:03
215324,OSAMA.CAPTURE.DEC05,Osama Bin Laden to be captured/neutralised by 31 December 2005,1,12.7,Aug/14/2005 18:25:31
215324,OSAMA.CAPTURE.DEC05,Osama Bin Laden to be captured/neutralised by 31 December 2005,1,15.4,Aug/15/2005 14:38:15
215324,OSAMA.CAPTURE.DEC05,Osama Bin Laden to be captured/neutralised by 31 December 2005,1,15.3,Aug/15/2005 19:33:17
215324,OSAMA.CAPTURE.DEC05,Osama Bin Laden to be captured/neutralised by 31 December 2005,2,15.2,Aug/16/2005 15:22:49
215324,OSAMA.CAPTURE.DEC05,Osama Bin Laden to be captured/neutralised by 31 December 2005,1,15.1,Aug/16/2005 15:22:49
215324,OSAMA.CAPTURE.DEC05,Osama Bin Laden to be captured/neutralised by 31 December 2005,1,15.1,Aug/16/2005 15:22:49
215324,OSAMA.CAPTURE.DEC05,Osama Bin Laden to be captured/neutralised by 31 December 2005,1,12.7,Aug/16/2005 19:44:21
215324,OSAMA.CAPTURE.DEC05,Osama Bin Laden to be captured/neutralised by 31 December 2005,1,12.7,Aug/16/2005 19:44:21
215324,OSAMA.CAPTURE.DEC05,Osama Bin Laden to be captured/neutralised by 31 December 2005,1,14.0,Aug/17/2005 10:37:28
215324,OSAMA.CAPTURE.DEC05,Osama Bin Laden to be captured/neutralised by 31 December 2005,1,14.0,Aug/17/2005 10:37:28
215324,OSAMA.CAPTURE.DEC05,Osama Bin Laden to be captured/neutralised by 31 December 2005,8,15.0,Aug/17/2005 11:54:23
215324,OSAMA.CAPTURE.DEC05,Osama Bin Laden to be captured/neutralised by 31 December 2005,5,15.3,Aug/17/2005 14:05:19
215324,OSAMA.CAPTURE.DEC05,Osama Bin Laden to be captured/neutralised by 31 December 2005,10,15.4,Aug/17/2005 14:05:34
215324,OSAMA.CAPTURE.DEC05,Osama Bin Laden to be captured/neutralised by 31 December 2005,12,15.5,Aug/17/2005 14:05:56
215324,OSAMA.CAPTURE.DEC05,Osama Bin Laden to be captured/neutralised by 31 December 2005,1,15.9,Aug/17/2005 14:06:15
215324,OSAMA.CAPTURE.DEC05,Osama Bin Laden to be captured/neutralised by 31 December 2005,7,16.0,Aug/17/2005 14:06:29
215324,OSAMA.CAPTURE.DEC05,Osama Bin Laden to be captured/neutralised by 31 December 2005,100,20.0,Aug/17/2005 14:06:43
215324,OSAMA.CAPTURE.DEC05,Osama Bin Laden to be captured/neutralised by 31 December 2005,1,14.2,Aug/17/2005 22:05:07
215324,OSAMA.CAPTURE.DEC05,Osama Bin Laden to be captured/neutralised by 31 December 2005,1,14.2,Aug/17/2005 22:05:07
215324,OSAMA.CAPTURE.DEC05,Osama Bin Laden to be captured/neutralised by 31 December 2005,98,14.5,Aug/18/2005 01:19:58
215324,OSAMA.CAPTURE.DEC05,Osama Bin Laden to be captured/neutralised by 31 December 2005,1,14.6,Aug/18/2005 01:19:58
215324,OSAMA.CAPTURE.DEC05,Osama Bin Laden to be captured/neutralised by 31 December 2005,1,14.6,Aug/18/2005 01:19:58
215324,OSAMA.CAPTURE.DEC05,Osama Bin Laden to be captured/neutralised by 31 December 2005,3,12.6,Aug/18/2005 01:20:14
215324,OSAMA.CAPTURE.DEC05,Osama Bin Laden to be captured/neutralised by 31 December 2005,12,12.0,Aug/18/2005 01:20:14
215324,OSAMA.CAPTURE.DEC05,Osama Bin Laden to be captured/neutralised by 31 December 2005,1,13.1,Aug/18/2005 01:20:14
215324,OSAMA.CAPTURE.DEC05,Osama Bin Laden to be captured/neutralised by 31 December 2005,3,13.0,Aug/18/2005 01:20:14
215324,OSAMA.CAPTURE.DEC05,Osama Bin Laden to be captured/neutralised by 31 December 2005,1,15.0,Aug/18/2005 12:39:47
215324,OSAMA.CAPTURE.DEC05,Osama Bin Laden to be captured/neutralised by 31 December 2005,10,15.0,Aug/18/2005 12:39:47
215324,OSAMA.CAPTURE.DEC05,Osama Bin Laden to be captured/neutralised by 31 December 2005,5,14.9,Aug/18/2005 12:39:47
215324,OSAMA.CAPTURE.DEC05,Osama Bin Laden to be captured/neutralised by 31 December 2005,84,15.0,Aug/18/2005 13:19:01
215324,OSAMA.CAPTURE.DEC05,Osama Bin Laden to be captured/neutralised by 31 December 2005,1,17.0,Aug/18/2005 14:34:08
215324,OSAMA.CAPTURE.DEC05,Osama Bin Laden to be captured/neutralised by 31 December 2005,5,17.0,Aug/18/2005 14:34:08
215324,OSAMA.CAPTURE.DEC05,Osama Bin Laden to be captured/neutralised by 31 December 2005,3,17.0,Aug/18/2005 14:34:08
215324,OSAMA.CAPTURE.DEC05,Osama Bin Laden to be captured/neutralised by 31 December 2005,10,13.1,Aug/18/2005 15:23:22
215324,OSAMA.CAPTURE.DEC05,Osama Bin Laden to be captured/neutralised by 31 December 2005,3,13.0,Aug/18/2005 17:14:22
215324,OSAMA.CAPTURE.DEC05,Osama Bin Laden to be captured/neutralised by 31 December 2005,1,13.1,Aug/18/2005 17:14:22
215324,OSAMA.CAPTURE.DEC05,Osama Bin Laden to be captured/neutralised by 31 December 2005,1,13.1,Aug/18/2005 17:14:22
215324,OSAMA.CAPTURE.DEC05,Osama Bin Laden to be captured/neutralised by 31 December 2005,17,13.0,Aug/19/2005 10:26:06
215324,OSAMA.CAPTURE.DEC05,Osama Bin Laden to be captured/neutralised by 31 December 2005,5,12.5,Aug/20/2005 14:22:27
215324,OSAMA.CAPTURE.DEC05,Osama Bin Laden to be captured/neutralised by 31 December 2005,3,12.5,Aug/20/2005 22:24:08
215324,OSAMA.CAPTURE.DEC05,Osama Bin Laden to be captured/neutralised by 31 December 2005,2,12.5,Aug/20/2005 22:24:08
215324,OSAMA.CAPTURE.DEC05,Osama Bin Laden to be captured/neutralised by 31 December 2005,4,12.5,Aug/20/2005 22:24:54
215324,OSAMA.CAPTURE.DEC05,Osama Bin Laden to be captured/neutralised by 31 December 2005,3,12.6,Aug/22/2005 08:27:38
215324,OSAMA.CAPTURE.DEC05,Osama Bin Laden to be captured/neutralised by 31 December 2005,6,12.5,Aug/22/2005 08:29:07
215324,OSAMA.CAPTURE.DEC05,Osama Bin Laden to be captured/neutralised by 31 December 2005,1,14.0,Aug/22/2005 17:56:41
215324,OSAMA.CAPTURE.DEC05,Osama Bin Laden to be captured/neutralised by 31 December 2005,26,15.0,Aug/22/2005 17:57:04
215324,OSAMA.CAPTURE.DEC05,Osama Bin Laden to be captured/neutralised by 31 December 2005,6,15.0,Aug/22/2005 17:57:04
215324,OSAMA.CAPTURE.DEC05,Osama Bin Laden to be captured/neutralised by 31 December 2005,3,15.5,Aug/22/2005 18:04:42
215324,OSAMA.CAPTURE.DEC05,Osama Bin Laden to be captured/neutralised by 31 December 2005,1,15.5,Aug/22/2005 18:04:42
215324,OSAMA.CAPTURE.DEC05,Osama Bin Laden to be captured/neutralised by 31 December 2005,3,16.2,Aug/22/2005 18:20:12
215324,OSAMA.CAPTURE.DEC05,Osama Bin Laden to be captured/neutralised by 31 December 2005,1,16.2,Aug/22/2005 18:20:12
215324,OSAMA.CAPTURE.DEC05,Osama Bin Laden to be captured/neutralised by 31 December 2005,1,20.9,Aug/22/2005 18:21:12
215324,OSAMA.CAPTURE.DEC05,Osama Bin Laden to be captured/neutralised by 31 December 2005,5,21.0,Aug/22/2005 18:21:26
215324,OSAMA.CAPTURE.DEC05,Osama Bin Laden to be captured/neutralised by 31 December 2005,10,23.0,Aug/22/2005 18:21:41
215324,OSAMA.CAPTURE.DEC05,Osama Bin Laden to be captured/neutralised by 31 December 2005,50,13.0,Aug/22/2005 19:41:34
215324,OSAMA.CAPTURE.DEC05,Osama Bin Laden to be captured/neutralised by 31 December 2005,46,13.4,Aug/22/2005 19:41:34
215324,OSAMA.CAPTURE.DEC05,Osama Bin Laden to be captured/neutralised by 31 December 2005,25,13.8,Aug/22/2005 19:41:34
215324,OSAMA.CAPTURE.DEC05,Osama Bin Laden to be captured/neutralised by 31 December 2005,2,13.9,Aug/22/2005 19:41:34
215324,OSAMA.CAPTURE.DEC05,Osama Bin Laden to be captured/neutralised by 31 December 2005,3,13.8,Aug/22/2005 19:41:34
215324,OSAMA.CAPTURE.DEC05,Osama Bin Laden to be captured/neutralised by 31 December 2005,9,19.9,Aug/22/2005 20:24:23
215324,OSAMA.CAPTURE.DEC05,Osama Bin Laden to be captured/neutralised by 31 December 2005,200,20.0,Aug/22/2005 20:27:06
215324,OSAMA.CAPTURE.DEC05,Osama Bin Laden to be captured/neutralised by 31 December 2005,2,15.0,Aug/22/2005 21:17:55
215324,OSAMA.CAPTURE.DEC05,Osama Bin Laden to be captured/neutralised by 31 December 2005,98,15.0,Aug/22/2005 22:24:03
215324,OSAMA.CAPTURE.DEC05,Osama Bin Laden to be captured/neutralised by 31 December 2005,2,13.3,Aug/23/2005 04:53:42
215324,OSAMA.CAPTURE.DEC05,Osama Bin Laden to be captured/neutralised by 31 December 2005,1,13.3,Aug/23/2005 04:53:42
215324,OSAMA.CAPTURE.DEC05,Osama Bin Laden to be captured/neutralised by 31 December 2005,1,15.6,Aug/23/2005 15:14:43
215324,OSAMA.CAPTURE.DEC05,Osama Bin Laden to be captured/neutralised by 31 December 2005,4,15.5,Aug/23/2005 15:22:32
215324,OSAMA.CAPTURE.DEC05,Osama Bin Laden to be captured/neutralised by 31 December 2005,1,17.9,Aug/23/2005 15:28:59
215324,OSAMA.CAPTURE.DEC05,Osama Bin Laden to be captured/neutralised by 31 December 2005,1,17.9,Aug/23/2005 15:29:18
215324,OSAMA.CAPTURE.DEC05,Osama Bin Laden to be captured/neutralised by 31 December 2005,3,18.0,Aug/23/2005 15:29:18
215324,OSAMA.CAPTURE.DEC05,Osama Bin Laden to be captured/neutralised by 31 December 2005,1,15.0,Aug/23/2005 15:46:35
215324,OSAMA.CAPTURE.DEC05,Osama Bin Laden to be captured/neutralised by 31 December 2005,1,15.0,Aug/23/2005 15:46:35
215324,OSAMA.CAPTURE.DEC05,Osama Bin Laden to be captured/neutralised by 31 December 2005,2,14.0,Aug/23/2005 15:46:40
215324,OSAMA.CAPTURE.DEC05,Osama Bin Laden to be captured/neutralised by 31 December 2005,1,17.8,Aug/24/2005 16:59:43
215324,OSAMA.CAPTURE.DEC05,Osama Bin Laden to be captured/neutralised by 31 December 2005,5,17.5,Aug/24/2005 16:59:43
215324,OSAMA.CAPTURE.DEC05,Osama Bin Laden to be captured/neutralised by 31 December 2005,1,17.5,Aug/24/2005 16:59:43
215324,OSAMA.CAPTURE.DEC05,Osama Bin Laden to be captured/neutralised by 31 December 2005,7,18.0,Aug/24/2005 16:59:43
215324,OSAMA.CAPTURE.DEC05,Osama Bin Laden to be captured/neutralised by 31 December 2005,1,17.9,Aug/24/2005 16:59:43
215324,OSAMA.CAPTURE.DEC05,Osama Bin Laden to be captured/neutralised by 31 December 2005,2,14.2,Aug/24/2005 23:34:49
215324,OSAMA.CAPTURE.DEC05,Osama Bin Laden to be captured/neutralised by 31 December 2005,1,14.2,Aug/24/2005 23:34:49
215324,OSAMA.CAPTURE.DEC05,Osama Bin Laden to be captured/neutralised by 31 December 2005,1,14.0,Aug/24/2005 23:35:33
215324,OSAMA.CAPTURE.DEC05,Osama Bin Laden to be captured/neutralised by 31 December 2005,3,14.3,Aug/25/2005 01:00:23
215324,OSAMA.CAPTURE.DEC05,Osama Bin Laden to be captured/neutralised by 31 December 2005,2,14.3,Aug/25/2005 13:52:31
215324,OSAMA.CAPTURE.DEC05,Osama Bin Laden to be captured/neutralised by 31 December 2005,1,14.3,Aug/25/2005 13:52:31
215324,OSAMA.CAPTURE.DEC05,Osama Bin Laden to be captured/neutralised by 31 December 2005,1,14.2,Aug/25/2005 15:24:37
215324,OSAMA.CAPTURE.DEC05,Osama Bin Laden to be captured/neutralised by 31 December 2005,9,14.2,Aug/25/2005 20:25:08
215324,OSAMA.CAPTURE.DEC05,Osama Bin Laden to be captured/neutralised by 31 December 2005,9,14.0,Aug/26/2005 03:15:12
215324,OSAMA.CAPTURE.DEC05,Osama Bin Laden to be captured/neutralised by 31 December 2005,1,14.1,Aug/26/2005 03:15:12
215324,OSAMA.CAPTURE.DEC05,Osama Bin Laden to be captured/neutralised by 31 December 2005,5,13.4,Aug/26/2005 03:20:22
215324,OSAMA.CAPTURE.DEC05,Osama Bin Laden to be captured/neutralised by 31 December 2005,1,13.5,Aug/26/2005 17:13:39
215324,OSAMA.CAPTURE.DEC05,Osama Bin Laden to be captured/neutralised by 31 December 2005,5,13.4,Aug/26/2005 19:10:37
215324,OSAMA.CAPTURE.DEC05,Osama Bin Laden to be captured/neutralised by 31 December 2005,1,13.0,Aug/26/2005 22:27:26
215324,OSAMA.CAPTURE.DEC05,Osama Bin Laden to be captured/neutralised by 31 December 2005,1,13.1,Aug/26/2005 22:27:26
215324,OSAMA.CAPTURE.DEC05,Osama Bin Laden to be captured/neutralised by 31 December 2005,1,13.0,Aug/26/2005 22:27:26
215324,OSAMA.CAPTURE.DEC05,Osama Bin Laden to be captured/neutralised by 31 December 2005,1,14.6,Aug/27/2005 01:35:32
215324,OSAMA.CAPTURE.DEC05,Osama Bin Laden to be captured/neutralised by 31 December 2005,1,14.7,Aug/27/2005 01:35:52
215324,OSAMA.CAPTURE.DEC05,Osama Bin Laden to be captured/neutralised by 31 December 2005,1,14.7,Aug/27/2005 01:35:52
215324,OSAMA.CAPTURE.DEC05,Osama Bin Laden to be captured/neutralised by 31 December 2005,20,14.7,Aug/27/2005 01:35:52
215324,OSAMA.CAPTURE.DEC05,Osama Bin Laden to be captured/neutralised by 31 December 2005,1,14.7,Aug/27/2005 01:35:52
215324,OSAMA.CAPTURE.DEC05,Osama Bin Laden to be captured/neutralised by 31 December 2005,1,14.8,Aug/27/2005 01:36:13
215324,OSAMA.CAPTURE.DEC05,Osama Bin Laden to be captured/neutralised by 31 December 2005,17,14.8,Aug/27/2005 01:36:13
215324,OSAMA.CAPTURE.DEC05,Osama Bin Laden to be captured/neutralised by 31 December 2005,5,14.9,Aug/27/2005 01:36:33
215324,OSAMA.CAPTURE.DEC05,Osama Bin Laden to be captured/neutralised by 31 December 2005,100,15.0,Aug/27/2005 01:36:58
215324,OSAMA.CAPTURE.DEC05,Osama Bin Laden to be captured/neutralised by 31 December 2005,3,13.0,Aug/27/2005 02:46:42
215324,OSAMA.CAPTURE.DEC05,Osama Bin Laden to be captured/neutralised by 31 December 2005,1,12.7,Aug/28/2005 00:25:50
215324,OSAMA.CAPTURE.DEC05,Osama Bin Laden to be captured/neutralised by 31 December 2005,1,12.8,Aug/28/2005 04:35:32
215324,OSAMA.CAPTURE.DEC05,Osama Bin Laden to be captured/neutralised by 31 December 2005,10,12.7,Aug/28/2005 04:39:24
215324,OSAMA.CAPTURE.DEC05,Osama Bin Laden to be captured/neutralised by 31 December 2005,3,12.3,Aug/28/2005 04:55:25
215324,OSAMA.CAPTURE.DEC05,Osama Bin Laden to be captured/neutralised by 31 December 2005,1,11.8,Aug/29/2005 01:55:58
215324,OSAMA.CAPTURE.DEC05,Osama Bin Laden to be captured/neutralised by 31 December 2005,5,11.0,Aug/30/2005 01:50:52
215324,OSAMA.CAPTURE.DEC05,Osama Bin Laden to be captured/neutralised by 31 December 2005,2,11.0,Aug/30/2005 01:50:52
215324,OSAMA.CAPTURE.DEC05,Osama Bin Laden to be captured/neutralised by 31 December 2005,1,11.9,Aug/30/2005 14:42:08
215324,OSAMA.CAPTURE.DEC05,Osama Bin Laden to be captured/neutralised by 31 December 2005,2,11.5,Aug/30/2005 14:42:08
215324,OSAMA.CAPTURE.DEC05,Osama Bin Laden to be captured/neutralised by 31 December 2005,1,11.5,Aug/30/2005 14:42:08
215324,OSAMA.CAPTURE.DEC05,Osama Bin Laden to be captured/neutralised by 31 December 2005,1,13.7,Aug/31/2005 07:59:14
215324,OSAMA.CAPTURE.DEC05,Osama Bin Laden to be captured/neutralised by 31 December 2005,3,13.8,Aug/31/2005 07:59:14
215324,OSAMA.CAPTURE.DEC05,Osama Bin Laden to be captured/neutralised by 31 December 2005,1,13.6,Aug/31/2005 07:59:14
215324,OSAMA.CAPTURE.DEC05,Osama Bin Laden to be captured/neutralised by 31 December 2005,1,13.6,Aug/31/2005 07:59:14
215324,OSAMA.CAPTURE.DEC05,Osama Bin Laden to be captured/neutralised by 31 December 2005,2,10.6,Aug/31/2005 20:39:01
215324,OSAMA.CAPTURE.DEC05,Osama Bin Laden to be captured/neutralised by 31 December 2005,1,10.6,Aug/31/2005 20:39:01
215324,OSAMA.CAPTURE.DEC05,Osama Bin Laden to be captured/neutralised by 31 December 2005,2,11.9,Sep/01/2005 13:41:27
215324,OSAMA.CAPTURE.DEC05,Osama Bin Laden to be captured/neutralised by 31 December 2005,60,12.0,Sep/01/2005 13:41:27
215324,OSAMA.CAPTURE.DEC05,Osama Bin Laden to be captured/neutralised by 31 December 2005,1,11.9,Sep/01/2005 13:41:27
215324,OSAMA.CAPTURE.DEC05,Osama Bin Laden to be captured/neutralised by 31 December 2005,2,10.7,Sep/01/2005 15:18:44
215324,OSAMA.CAPTURE.DEC05,Osama Bin Laden to be captured/neutralised by 31 December 2005,50,13.0,Sep/01/2005 18:13:59
215324,OSAMA.CAPTURE.DEC05,Osama Bin Laden to be captured/neutralised by 31 December 2005,1,11.8,Sep/02/2005 01:24:17
215324,OSAMA.CAPTURE.DEC05,Osama Bin Laden to be captured/neutralised by 31 December 2005,1,11.8,Sep/02/2005 01:24:17
215324,OSAMA.CAPTURE.DEC05,Osama Bin Laden to be captured/neutralised by 31 December 2005,5,13.7,Sep/02/2005 07:24:35
215324,OSAMA.CAPTURE.DEC05,Osama Bin Laden to be captured/neutralised by 31 December 2005,1,13.6,Sep/02/2005 07:24:35
215324,OSAMA.CAPTURE.DEC05,Osama Bin Laden to be captured/neutralised by 31 December 2005,1,13.5,Sep/02/2005 07:24:35
215324,OSAMA.CAPTURE.DEC05,Osama Bin Laden to be captured/neutralised by 31 December 2005,1,13.4,Sep/02/2005 07:24:35
215324,OSAMA.CAPTURE.DEC05,Osama Bin Laden to be captured/neutralised by 31 December 2005,1,13.4,Sep/02/2005 07:24:35
215324,OSAMA.CAPTURE.DEC05,Osama Bin Laden to be captured/neutralised by 31 December 2005,4,13.7,Sep/02/2005 07:25:41
215324,OSAMA.CAPTURE.DEC05,Osama Bin Laden to be captured/neutralised by 31 December 2005,1,11.8,Sep/02/2005 12:30:31
215324,OSAMA.CAPTURE.DEC05,Osama Bin Laden to be captured/neutralised by 31 December 2005,40,11.0,Sep/02/2005 19:00:46
215324,OSAMA.CAPTURE.DEC05,Osama Bin Laden to be captured/neutralised by 31 December 2005,1,12.9,Sep/03/2005 20:25:04
215324,OSAMA.CAPTURE.DEC05,Osama Bin Laden to be captured/neutralised by 31 December 2005,2,13.7,Sep/03/2005 20:25:04
215324,OSAMA.CAPTURE.DEC05,Osama Bin Laden to be captured/neutralised by 31 December 2005,10,13.2,Sep/03/2005 20:25:04
215324,OSAMA.CAPTURE.DEC05,Osama Bin Laden to be captured/neutralised by 31 December 2005,2,13.1,Sep/03/2005 20:25:04
215324,OSAMA.CAPTURE.DEC05,Osama Bin Laden to be captured/neutralised by 31 December 2005,9,13.0,Sep/03/2005 20:25:04
215324,OSAMA.CAPTURE.DEC05,Osama Bin Laden to be captured/neutralised by 31 December 2005,1,12.9,Sep/03/2005 20:25:04
215324,OSAMA.CAPTURE.DEC05,Osama Bin Laden to be captured/neutralised by 31 December 2005,8,12.5,Sep/04/2005 00:45:53
215324,OSAMA.CAPTURE.DEC05,Osama Bin Laden to be captured/neutralised by 31 December 2005,8,12.3,Sep/04/2005 00:48:44
215324,OSAMA.CAPTURE.DEC05,Osama Bin Laden to be captured/neutralised by 31 December 2005,10,12.3,Sep/04/2005 00:49:16
215324,OSAMA.CAPTURE.DEC05,Osama Bin Laden to be captured/neutralised by 31 December 2005,1,13.5,Sep/04/2005 13:40:25
215324,OSAMA.CAPTURE.DEC05,Osama Bin Laden to be captured/neutralised by 31 December 2005,2,11.3,Sep/04/2005 14:04:00
215324,OSAMA.CAPTURE.DEC05,Osama Bin Laden to be captured/neutralised by 31 December 2005,1,11.3,Sep/04/2005 14:04:00
215324,OSAMA.CAPTURE.DEC05,Osama Bin Laden to be captured/neutralised by 31 December 2005,1,13.5,Sep/04/2005 19:26:03
215324,OSAMA.CAPTURE.DEC05,Osama Bin Laden to be captured/neutralised by 31 December 2005,1,13.6,Sep/04/2005 19:29:57
215324,OSAMA.CAPTURE.DEC05,Osama Bin Laden to be captured/neutralised by 31 December 2005,20,12.0,Sep/04/2005 20:58:37
215324,OSAMA.CAPTURE.DEC05,Osama Bin Laden to be captured/neutralised by 31 December 2005,9,12.1,Sep/04/2005 20:58:37
215324,OSAMA.CAPTURE.DEC05,Osama Bin Laden to be captured/neutralised by 31 December 2005,5,13.0,Sep/04/2005 22:18:45
215324,OSAMA.CAPTURE.DEC05,Osama Bin Laden to be captured/neutralised by 31 December 2005,2,10.9,Sep/05/2005 01:24:44
215324,OSAMA.CAPTURE.DEC05,Osama Bin Laden to be captured/neutralised by 31 December 2005,1,10.9,Sep/05/2005 01:24:44
215324,OSAMA.CAPTURE.DEC05,Osama Bin Laden to be captured/neutralised by 31 December 2005,1,10.8,Sep/05/2005 01:25:12
215324,OSAMA.CAPTURE.DEC05,Osama Bin Laden to be captured/neutralised by 31 December 2005,2,10.7,Sep/05/2005 01:25:29
215324,OSAMA.CAPTURE.DEC05,Osama Bin Laden to be captured/neutralised by 31 December 2005,7,10.6,Sep/05/2005 01:25:29
215324,OSAMA.CAPTURE.DEC05,Osama Bin Laden to be captured/neutralised by 31 December 2005,2,10.6,Sep/05/2005 01:25:46
215324,OSAMA.CAPTURE.DEC05,Osama Bin Laden to be captured/neutralised by 31 December 2005,25,11.0,Sep/05/2005 14:38:02
215324,OSAMA.CAPTURE.DEC05,Osama Bin Laden to be captured/neutralised by 31 December 2005,4,11.0,Sep/05/2005 21:01:03
215324,OSAMA.CAPTURE.DEC05,Osama Bin Laden to be captured/neutralised by 31 December 2005,8,11.1,Sep/05/2005 21:02:37
215324,OSAMA.CAPTURE.DEC05,Osama Bin Laden to be captured/neutralised by 31 December 2005,150,11.0,Sep/05/2005 21:02:52
215324,OSAMA.CAPTURE.DEC05,Osama Bin Laden to be captured/neutralised by 31 December 2005,36,11.0,Sep/05/2005 21:03:22
215324,OSAMA.CAPTURE.DEC05,Osama Bin Laden to be captured/neutralised by 31 December 2005,1,11.4,Sep/06/2005 04:04:17
215324,OSAMA.CAPTURE.DEC05,Osama Bin Laden to be captured/neutralised by 31 December 2005,1,11.4,Sep/06/2005 04:04:17
215324,OSAMA.CAPTURE.DEC05,Osama Bin Laden to be captured/neutralised by 31 December 2005,25,11.0,Sep/06/2005 07:26:29
215324,OSAMA.CAPTURE.DEC05,Osama Bin Laden to be captured/neutralised by 31 December 2005,23,11.0,Sep/06/2005 08:51:33
215324,OSAMA.CAPTURE.DEC05,Osama Bin Laden to be captured/neutralised by 31 December 2005,17,11.0,Sep/07/2005 05:23:32
215324,OSAMA.CAPTURE.DEC05,Osama Bin Laden to be captured/neutralised by 31 December 2005,10,11.0,Sep/07/2005 15:58:28
215324,OSAMA.CAPTURE.DEC05,Osama Bin Laden to be captured/neutralised by 31 December 2005,10,11.0,Sep/07/2005 16:47:39
215324,OSAMA.CAPTURE.DEC05,Osama Bin Laden to be captured/neutralised by 31 December 2005,400,11.0,Sep/07/2005 16:47:39
215324,OSAMA.CAPTURE.DEC05,Osama Bin Laden to be captured/neutralised by 31 December 2005,4,11.1,Sep/07/2005 16:51:16
215324,OSAMA.CAPTURE.DEC05,Osama Bin Laden to be captured/neutralised by 31 December 2005,1,11.1,Sep/07/2005 17:26:28
215324,OSAMA.CAPTURE.DEC05,Osama Bin Laden to be captured/neutralised by 31 December 2005,15,11.1,Sep/07/2005 18:49:38
215324,OSAMA.CAPTURE.DEC05,Osama Bin Laden to be captured/neutralised by 31 December 2005,500,11.1,Sep/07/2005 18:49:38
215324,OSAMA.CAPTURE.DEC05,Osama Bin Laden to be captured/neutralised by 31 December 2005,388,11.1,Sep/07/2005 18:49:38
215324,OSAMA.CAPTURE.DEC05,Osama Bin Laden to be captured/neutralised by 31 December 2005,2,10.5,Sep/07/2005 21:14:14
215324,OSAMA.CAPTURE.DEC05,Osama Bin Laden to be captured/neutralised by 31 December 2005,3,10.5,Sep/07/2005 21:14:14
215324,OSAMA.CAPTURE.DEC05,Osama Bin Laden to be captured/neutralised by 31 December 2005,1,10.9,Sep/07/2005 23:31:07
215324,OSAMA.CAPTURE.DEC05,Osama Bin Laden to be captured/neutralised by 31 December 2005,1,10.9,Sep/08/2005 02:28:01
215324,OSAMA.CAPTURE.DEC05,Osama Bin Laden to be captured/neutralised by 31 December 2005,3,10.9,Sep/08/2005 02:28:01
215324,OSAMA.CAPTURE.DEC05,Osama Bin Laden to be captured/neutralised by 31 December 2005,1,10.9,Sep/08/2005 02:32:27
215324,OSAMA.CAPTURE.DEC05,Osama Bin Laden to be captured/neutralised by 31 December 2005,1,10.5,Sep/08/2005 16:25:20
215324,OSAMA.CAPTURE.DEC05,Osama Bin Laden to be captured/neutralised by 31 December 2005,1,10.6,Sep/08/2005 16:25:20
215324,OSAMA.CAPTURE.DEC05,Osama Bin Laden to be captured/neutralised by 31 December 2005,25,11.1,Sep/08/2005 16:53:39
215324,OSAMA.CAPTURE.DEC05,Osama Bin Laden to be captured/neutralised by 31 December 2005,10,11.0,Sep/08/2005 16:53:39
215324,OSAMA.CAPTURE.DEC05,Osama Bin Laden to be captured/neutralised by 31 December 2005,1,10.9,Sep/08/2005 16:53:39
215324,OSAMA.CAPTURE.DEC05,Osama Bin Laden to be captured/neutralised by 31 December 2005,84,11.2,Sep/08/2005 16:53:39
215324,OSAMA.CAPTURE.DEC05,Osama Bin Laden to be captured/neutralised by 31 December 2005,1,10.9,Sep/09/2005 03:50:01
215324,OSAMA.CAPTURE.DEC05,Osama Bin Laden to be captured/neutralised by 31 December 2005,3,11.0,Sep/09/2005 03:50:01
215324,OSAMA.CAPTURE.DEC05,Osama Bin Laden to be captured/neutralised by 31 December 2005,3,10.7,Sep/10/2005 02:50:56
215324,OSAMA.CAPTURE.DEC05,Osama Bin Laden to be captured/neutralised by 31 December 2005,1,10.8,Sep/10/2005 02:51:51
215324,OSAMA.CAPTURE.DEC05,Osama Bin Laden to be captured/neutralised by 31 December 2005,1,10.9,Sep/10/2005 02:52:18
215324,OSAMA.CAPTURE.DEC05,Osama Bin Laden to be captured/neutralised by 31 December 2005,7,10.6,Sep/10/2005 12:26:40
215324,OSAMA.CAPTURE.DEC05,Osama Bin Laden to be captured/neutralised by 31 December 2005,4,10.5,Sep/10/2005 12:28:52
215324,OSAMA.CAPTURE.DEC05,Osama Bin Laden to be captured/neutralised by 31 December 2005,11,10.5,Sep/10/2005 12:34:24
215324,OSAMA.CAPTURE.DEC05,Osama Bin Laden to be captured/neutralised by 31 December 2005,3,10.9,Sep/11/2005 03:16:28
215324,OSAMA.CAPTURE.DEC05,Osama Bin Laden to be captured/neutralised by 31 December 2005,1,10.9,Sep/11/2005 03:16:28
215324,OSAMA.CAPTURE.DEC05,Osama Bin Laden to be captured/neutralised by 31 December 2005,1,10.8,Sep/11/2005 03:16:28
215324,OSAMA.CAPTURE.DEC05,Osama Bin Laden to be captured/neutralised by 31 December 2005,10,10.7,Sep/12/2005 01:52:47
215324,OSAMA.CAPTURE.DEC05,Osama Bin Laden to be captured/neutralised by 31 December 2005,2,10.9,Sep/12/2005 14:52:30
215324,OSAMA.CAPTURE.DEC05,Osama Bin Laden to be captured/neutralised by 31 December 2005,1,10.9,Sep/13/2005 13:38:44
215324,OSAMA.CAPTURE.DEC05,Osama Bin Laden to be captured/neutralised by 31 December 2005,4,10.9,Sep/13/2005 19:35:30
215324,OSAMA.CAPTURE.DEC05,Osama Bin Laden to be captured/neutralised by 31 December 2005,2,10.9,Sep/14/2005 12:55:01
215324,OSAMA.CAPTURE.DEC05,Osama Bin Laden to be captured/neutralised by 31 December 2005,2,10.8,Sep/14/2005 15:26:38
215324,OSAMA.CAPTURE.DEC05,Osama Bin Laden to be captured/neutralised by 31 December 2005,21,10.8,Sep/14/2005 16:44:43
215324,OSAMA.CAPTURE.DEC05,Osama Bin Laden to be captured/neutralised by 31 December 2005,20,10.9,Sep/14/2005 16:55:39
215324,OSAMA.CAPTURE.DEC05,Osama Bin Laden to be captured/neutralised by 31 December 2005,13,10.9,Sep/14/2005 16:56:04
215324,OSAMA.CAPTURE.DEC05,Osama Bin Laden to be captured/neutralised by 31 December 2005,23,10.8,Sep/15/2005 04:45:37
215324,OSAMA.CAPTURE.DEC05,Osama Bin Laden to be captured/neutralised by 31 December 2005,27,10.1,Sep/15/2005 09:21:21
215324,OSAMA.CAPTURE.DEC05,Osama Bin Laden to be captured/neutralised by 31 December 2005,100,10.0,Sep/15/2005 09:21:47
215324,OSAMA.CAPTURE.DEC05,Osama Bin Laden to be captured/neutralised by 31 December 2005,1,10.0,Sep/15/2005 11:05:25
215324,OSAMA.CAPTURE.DEC05,Osama Bin Laden to be captured/neutralised by 31 December 2005,49,10.0,Sep/15/2005 13:41:31
215324,OSAMA.CAPTURE.DEC05,Osama Bin Laden to be captured/neutralised by 31 December 2005,16,10.8,Sep/15/2005 13:41:52
215324,OSAMA.CAPTURE.DEC05,Osama Bin Laden to be captured/neutralised by 31 December 2005,9,10.7,Sep/15/2005 13:41:52
215324,OSAMA.CAPTURE.DEC05,Osama Bin Laden to be captured/neutralised by 31 December 2005,1,9.8,Sep/15/2005 17:51:42
215324,OSAMA.CAPTURE.DEC05,Osama Bin Laden to be captured/neutralised by 31 December 2005,1,9.8,Sep/15/2005 17:51:42
215324,OSAMA.CAPTURE.DEC05,Osama Bin Laden to be captured/neutralised by 31 December 2005,2,9.8,Sep/15/2005 18:43:41
215324,OSAMA.CAPTURE.DEC05,Osama Bin Laden to be captured/neutralised by 31 December 2005,1,9.7,Sep/15/2005 18:43:46
215324,OSAMA.CAPTURE.DEC05,Osama Bin Laden to be captured/neutralised by 31 December 2005,9,9.7,Sep/15/2005 18:43:46
215324,OSAMA.CAPTURE.DEC05,Osama Bin Laden to be captured/neutralised by 31 December 2005,2,9.7,Sep/15/2005 18:44:48
215324,OSAMA.CAPTURE.DEC05,Osama Bin Laden to be captured/neutralised by 31 December 2005,2,9.8,Sep/15/2005 19:54:56
215324,OSAMA.CAPTURE.DEC05,Osama Bin Laden to be captured/neutralised by 31 December 2005,1,9.8,Sep/17/2005 12:13:03
215324,OSAMA.CAPTURE.DEC05,Osama Bin Laden to be captured/neutralised by 31 December 2005,5,9.7,Sep/17/2005 19:20:09
215324,OSAMA.CAPTURE.DEC05,Osama Bin Laden to be captured/neutralised by 31 December 2005,1,10.7,Sep/18/2005 21:37:00
215324,OSAMA.CAPTURE.DEC05,Osama Bin Laden to be captured/neutralised by 31 December 2005,1,10.6,Sep/18/2005 21:37:00
215324,OSAMA.CAPTURE.DEC05,Osama Bin Laden to be captured/neutralised by 31 December 2005,1,10.5,Sep/18/2005 21:37:00
215324,OSAMA.CAPTURE.DEC05,Osama Bin Laden to be captured/neutralised by 31 December 2005,18,10.0,Sep/18/2005 21:37:00
215324,OSAMA.CAPTURE.DEC05,Osama Bin Laden to be captured/neutralised by 31 December 2005,1,9.9,Sep/18/2005 21:37:00
215324,OSAMA.CAPTURE.DEC05,Osama Bin Laden to be captured/neutralised by 31 December 2005,1,11.8,Sep/18/2005 21:39:20
215324,OSAMA.CAPTURE.DEC05,Osama Bin Laden to be captured/neutralised by 31 December 2005,7,12.0,Sep/18/2005 21:39:20
215324,OSAMA.CAPTURE.DEC05,Osama Bin Laden to be captured/neutralised by 31 December 2005,1,10.9,Sep/20/2005 20:11:21
215324,OSAMA.CAPTURE.DEC05,Osama Bin Laden to be captured/neutralised by 31 December 2005,7,10.9,Sep/20/2005 20:11:21
215324,OSAMA.CAPTURE.DEC05,Osama Bin Laden to be captured/neutralised by 31 December 2005,1,10.8,Sep/20/2005 20:11:21
215324,OSAMA.CAPTURE.DEC05,Osama Bin Laden to be captured/neutralised by 31 December 2005,1,10.1,Sep/20/2005 20:11:21
215324,OSAMA.CAPTURE.DEC05,Osama Bin Laden to be captured/neutralised by 31 December 2005,1,9.9,Sep/21/2005 02:01:13
215324,OSAMA.CAPTURE.DEC05,Osama Bin Laden to be captured/neutralised by 31 December 2005,9,9.8,Sep/21/2005 02:03:54
215324,OSAMA.CAPTURE.DEC05,Osama Bin Laden to be captured/neutralised by 31 December 2005,1,9.9,Sep/21/2005 02:03:54
215324,OSAMA.CAPTURE.DEC05,Osama Bin Laden to be captured/neutralised by 31 December 2005,1,9.8,Sep/21/2005 02:06:03
215324,OSAMA.CAPTURE.DEC05,Osama Bin Laden to be captured/neutralised by 31 December 2005,4,9.7,Sep/21/2005 02:07:36
215324,OSAMA.CAPTURE.DEC05,Osama Bin Laden to be captured/neutralised by 31 December 2005,20,9.7,Sep/21/2005 02:07:36
215324,OSAMA.CAPTURE.DEC05,Osama Bin Laden to be captured/neutralised by 31 December 2005,25,9.0,Sep/21/2005 02:09:10
215324,OSAMA.CAPTURE.DEC05,Osama Bin Laden to be captured/neutralised by 31 December 2005,1,9.0,Sep/21/2005 02:09:10
215324,OSAMA.CAPTURE.DEC05,Osama Bin Laden to be captured/neutralised by 31 December 2005,1,8.2,Sep/22/2005 02:11:08
215324,OSAMA.CAPTURE.DEC05,Osama Bin Laden to be captured/neutralised by 31 December 2005,1,8.2,Sep/22/2005 02:11:08
215324,OSAMA.CAPTURE.DEC05,Osama Bin Laden to be captured/neutralised by 31 December 2005,1,8.2,Sep/22/2005 03:18:06
215324,OSAMA.CAPTURE.DEC05,Osama Bin Laden to be captured/neutralised by 31 December 2005,1,8.3,Sep/22/2005 23:28:29
215324,OSAMA.CAPTURE.DEC05,Osama Bin Laden to be captured/neutralised by 31 December 2005,1,8.3,Sep/22/2005 23:28:29
215324,OSAMA.CAPTURE.DEC05,Osama Bin Laden to be captured/neutralised by 31 December 2005,1,10.4,Sep/23/2005 12:48:03
215324,OSAMA.CAPTURE.DEC05,Osama Bin Laden to be captured/neutralised by 31 December 2005,1,10.4,Sep/23/2005 12:48:03
215324,OSAMA.CAPTURE.DEC05,Osama Bin Laden to be captured/neutralised by 31 December 2005,1,10.5,Sep/23/2005 12:48:52
215324,OSAMA.CAPTURE.DEC05,Osama Bin Laden to be captured/neutralised by 31 December 2005,26,10.9,Sep/23/2005 12:49:21
215324,OSAMA.CAPTURE.DEC05,Osama Bin Laden to be captured/neutralised by 31 December 2005,14,11.0,Sep/23/2005 12:49:52
215324,OSAMA.CAPTURE.DEC05,Osama Bin Laden to be captured/neutralised by 31 December 2005,157,11.4,Sep/23/2005 12:50:16
215324,OSAMA.CAPTURE.DEC05,Osama Bin Laden to be captured/neutralised by 31 December 2005,7,11.4,Sep/23/2005 12:51:37
215324,OSAMA.CAPTURE.DEC05,Osama Bin Laden to be captured/neutralised by 31 December 2005,17,11.5,Sep/23/2005 12:52:02
215324,OSAMA.CAPTURE.DEC05,Osama Bin Laden to be captured/neutralised by 31 December 2005,10,17.9,Sep/23/2005 12:52:35
215324,OSAMA.CAPTURE.DEC05,Osama Bin Laden to be captured/neutralised by 31 December 2005,100,20.0,Sep/23/2005 12:59:43
215324,OSAMA.CAPTURE.DEC05,Osama Bin Laden to be captured/neutralised by 31 December 2005,4,10.0,Sep/23/2005 14:44:27
215324,OSAMA.CAPTURE.DEC05,Osama Bin Laden to be captured/neutralised by 31 December 2005,1,13.5,Sep/23/2005 17:02:08
215324,OSAMA.CAPTURE.DEC05,Osama Bin Laden to be captured/neutralised by 31 December 2005,1,13.5,Sep/23/2005 19:59:09
215324,OSAMA.CAPTURE.DEC05,Osama Bin Laden to be captured/neutralised by 31 December 2005,1,13.5,Sep/23/2005 19:59:09
215324,OSAMA.CAPTURE.DEC05,Osama Bin Laden to be captured/neutralised by 31 December 2005,2,14.0,Sep/23/2005 19:59:09
215324,OSAMA.CAPTURE.DEC05,Osama Bin Laden to be captured/neutralised by 31 December 2005,7,13.5,Sep/23/2005 22:14:06
215324,OSAMA.CAPTURE.DEC05,Osama Bin Laden to be captured/neutralised by 31 December 2005,3,13.4,Sep/23/2005 22:14:06
215324,OSAMA.CAPTURE.DEC05,Osama Bin Laden to be captured/neutralised by 31 December 2005,3,13.5,Sep/23/2005 22:58:31
215324,OSAMA.CAPTURE.DEC05,Osama Bin Laden to be captured/neutralised by 31 December 2005,8,14.0,Sep/23/2005 22:58:43
215324,OSAMA.CAPTURE.DEC05,Osama Bin Laden to be captured/neutralised by 31 December 2005,1,14.9,Sep/23/2005 22:59:05
215324,OSAMA.CAPTURE.DEC05,Osama Bin Laden to be captured/neutralised by 31 December 2005,1,14.5,Sep/23/2005 22:59:05
215324,OSAMA.CAPTURE.DEC05,Osama Bin Laden to be captured/neutralised by 31 December 2005,41,10.0,Sep/24/2005 04:30:34
215324,OSAMA.CAPTURE.DEC05,Osama Bin Laden to be captured/neutralised by 31 December 2005,5,10.3,Sep/24/2005 04:30:34
215324,OSAMA.CAPTURE.DEC05,Osama Bin Laden to be captured/neutralised by 31 December 2005,1,11.0,Sep/24/2005 04:30:34
215324,OSAMA.CAPTURE.DEC05,Osama Bin Laden to be captured/neutralised by 31 December 2005,1,12.0,Sep/24/2005 04:30:34
215324,OSAMA.CAPTURE.DEC05,Osama Bin Laden to be captured/neutralised by 31 December 2005,1,13.0,Sep/24/2005 04:30:34
215324,OSAMA.CAPTURE.DEC05,Osama Bin Laden to be captured/neutralised by 31 December 2005,1,13.0,Sep/24/2005 04:30:34
215324,OSAMA.CAPTURE.DEC05,Osama Bin Laden to be captured/neutralised by 31 December 2005,6,10.1,Sep/24/2005 19:41:13
215324,OSAMA.CAPTURE.DEC05,Osama Bin Laden to be captured/neutralised by 31 December 2005,6,10.1,Sep/24/2005 19:49:07
215324,OSAMA.CAPTURE.DEC05,Osama Bin Laden to be captured/neutralised by 31 December 2005,6,10.1,Sep/24/2005 22:21:36
215324,OSAMA.CAPTURE.DEC05,Osama Bin Laden to be captured/neutralised by 31 December 2005,2,10.1,Sep/25/2005 12:43:57
215324,OSAMA.CAPTURE.DEC05,Osama Bin Laden to be captured/neutralised by 31 December 2005,1,10.5,Sep/26/2005 16:03:47
215324,OSAMA.CAPTURE.DEC05,Osama Bin Laden to be captured/neutralised by 31 December 2005,1,10.0,Sep/26/2005 21:33:36
215324,OSAMA.CAPTURE.DEC05,Osama Bin Laden to be captured/neutralised by 31 December 2005,1,10.1,Sep/27/2005 02:32:03
215324,OSAMA.CAPTURE.DEC05,Osama Bin Laden to be captured/neutralised by 31 December 2005,10,10.0,Sep/27/2005 04:30:34
215324,OSAMA.CAPTURE.DEC05,Osama Bin Laden to be captured/neutralised by 31 December 2005,1,10.0,Sep/27/2005 04:30:47
215324,OSAMA.CAPTURE.DEC05,Osama Bin Laden to be captured/neutralised by 31 December 2005,1,8.5,Sep/27/2005 23:21:00
215324,OSAMA.CAPTURE.DEC05,Osama Bin Laden to be captured/neutralised by 31 December 2005,8,10.0,Sep/28/2005 00:18:23
215324,OSAMA.CAPTURE.DEC05,Osama Bin Laden to be captured/neutralised by 31 December 2005,1,9.9,Sep/28/2005 00:18:23
215324,OSAMA.CAPTURE.DEC05,Osama Bin Laden to be captured/neutralised by 31 December 2005,1,9.9,Sep/28/2005 00:18:23
215324,OSAMA.CAPTURE.DEC05,Osama Bin Laden to be captured/neutralised by 31 December 2005,3,8.8,Sep/28/2005 14:11:51
215324,OSAMA.CAPTURE.DEC05,Osama Bin Laden to be captured/neutralised by 31 December 2005,1,8.8,Sep/28/2005 20:15:00
215324,OSAMA.CAPTURE.DEC05,Osama Bin Laden to be captured/neutralised by 31 December 2005,3,9.6,Sep/29/2005 17:01:08
215324,OSAMA.CAPTURE.DEC05,Osama Bin Laden to be captured/neutralised by 31 December 2005,1,9.5,Sep/29/2005 17:01:08
215324,OSAMA.CAPTURE.DEC05,Osama Bin Laden to be captured/neutralised by 31 December 2005,1,9.5,Sep/29/2005 17:01:08
215324,OSAMA.CAPTURE.DEC05,Osama Bin Laden to be captured/neutralised by 31 December 2005,1,8.6,Sep/29/2005 17:43:06
215324,OSAMA.CAPTURE.DEC05,Osama Bin Laden to be captured/neutralised by 31 December 2005,1,8.6,Sep/29/2005 17:43:30
215324,OSAMA.CAPTURE.DEC05,Osama Bin Laden to be captured/neutralised by 31 December 2005,2,8.6,Sep/29/2005 17:45:01
215324,OSAMA.CAPTURE.DEC05,Osama Bin Laden to be captured/neutralised by 31 December 2005,1,8.6,Sep/29/2005 20:00:57
215324,OSAMA.CAPTURE.DEC05,Osama Bin Laden to be captured/neutralised by 31 December 2005,2,9.6,Sep/30/2005 15:38:31
215324,OSAMA.CAPTURE.DEC05,Osama Bin Laden to be captured/neutralised by 31 December 2005,1,9.2,Oct/01/2005 13:52:42
215324,OSAMA.CAPTURE.DEC05,Osama Bin Laden to be captured/neutralised by 31 December 2005,1,9.1,Oct/01/2005 19:03:19
215324,OSAMA.CAPTURE.DEC05,Osama Bin Laden to be captured/neutralised by 31 December 2005,5,8.7,Oct/01/2005 20:55:28
215324,OSAMA.CAPTURE.DEC05,Osama Bin Laden to be captured/neutralised by 31 December 2005,4,8.7,Oct/01/2005 20:56:42
215324,OSAMA.CAPTURE.DEC05,Osama Bin Laden to be captured/neutralised by 31 December 2005,1,8.7,Oct/01/2005 20:59:22
215324,OSAMA.CAPTURE.DEC05,Osama Bin Laden to be captured/neutralised by 31 December 2005,1,8.7,Oct/01/2005 20:59:22
215324,OSAMA.CAPTURE.DEC05,Osama Bin Laden to be captured/neutralised by 31 December 2005,1,8.7,Oct/02/2005 01:35:43
215324,OSAMA.CAPTURE.DEC05,Osama Bin Laden to be captured/neutralised by 31 December 2005,99,8.7,Oct/02/2005 01:49:09
215324,OSAMA.CAPTURE.DEC05,Osama Bin Laden to be captured/neutralised by 31 December 2005,10,8.6,Oct/02/2005 05:42:28
215324,OSAMA.CAPTURE.DEC05,Osama Bin Laden to be captured/neutralised by 31 December 2005,2,8.5,Oct/02/2005 06:10:44
215324,OSAMA.CAPTURE.DEC05,Osama Bin Laden to be captured/neutralised by 31 December 2005,1,8.5,Oct/02/2005 06:15:05
215324,OSAMA.CAPTURE.DEC05,Osama Bin Laden to be captured/neutralised by 31 December 2005,1,8.6,Oct/02/2005 15:31:15
215324,OSAMA.CAPTURE.DEC05,Osama Bin Laden to be captured/neutralised by 31 December 2005,1,8.5,Oct/02/2005 16:40:56
215324,OSAMA.CAPTURE.DEC05,Osama Bin Laden to be captured/neutralised by 31 December 2005,1,8.5,Oct/02/2005 19:21:08
215324,OSAMA.CAPTURE.DEC05,Osama Bin Laden to be captured/neutralised by 31 December 2005,1,8.5,Oct/03/2005 05:31:49
