market id,market symbol,market name,trade quantity,trade price,date/time [utc]
739827,BEST.PIC:THE.FIGHTER,The Fighter to win Best Picture,10,4.8,Oct/21/2010 19:08:37
739827,BEST.PIC:THE.FIGHTER,The Fighter to win Best Picture,10,4.0,Oct/21/2010 19:08:37
739827,BEST.PIC:THE.FIGHTER,The Fighter to win Best Picture,5,4.8,Nov/10/2010 17:43:08
739827,BEST.PIC:THE.FIGHTER,The Fighter to win Best Picture,5,5.0,Nov/10/2010 17:43:08
739827,BEST.PIC:THE.FIGHTER,The Fighter to win Best Picture,10,8.2,Dec/27/2010 13:45:54
739827,BEST.PIC:THE.FIGHTER,The Fighter to win Best Picture,1,1.7,Jan/01/2011 12:32:29
739827,BEST.PIC:THE.FIGHTER,The Fighter to win Best Picture,1,1.7,Jan/01/2011 12:32:39
739827,BEST.PIC:THE.FIGHTER,The Fighter to win Best Picture,1,1.7,Jan/01/2011 12:34:00
739827,BEST.PIC:THE.FIGHTER,The Fighter to win Best Picture,6,1.7,Jan/01/2011 14:24:20
739827,BEST.PIC:THE.FIGHTER,The Fighter to win Best Picture,1,1.7,Jan/01/2011 14:24:30
739827,BEST.PIC:THE.FIGHTER,The Fighter to win Best Picture,2,3.1,Jan/01/2011 19:46:21
739827,BEST.PIC:THE.FIGHTER,The Fighter to win Best Picture,2,3.1,Jan/01/2011 19:49:48
739827,BEST.PIC:THE.FIGHTER,The Fighter to win Best Picture,2,3.1,Jan/01/2011 19:50:23
739827,BEST.PIC:THE.FIGHTER,The Fighter to win Best Picture,2,3.1,Jan/01/2011 19:50:50
739827,BEST.PIC:THE.FIGHTER,The Fighter to win Best Picture,2,3.1,Jan/01/2011 19:52:19
739827,BEST.PIC:THE.FIGHTER,The Fighter to win Best Picture,2,3.1,Jan/01/2011 19:52:34
739827,BEST.PIC:THE.FIGHTER,The Fighter to win Best Picture,2,3.1,Jan/01/2011 19:53:38
739827,BEST.PIC:THE.FIGHTER,The Fighter to win Best Picture,1,3.1,Jan/01/2011 19:53:53
739827,BEST.PIC:THE.FIGHTER,The Fighter to win Best Picture,2,3.1,Jan/01/2011 19:54:24
739827,BEST.PIC:THE.FIGHTER,The Fighter to win Best Picture,2,3.1,Jan/01/2011 19:54:29
739827,BEST.PIC:THE.FIGHTER,The Fighter to win Best Picture,2,3.1,Jan/01/2011 19:54:34
739827,BEST.PIC:THE.FIGHTER,The Fighter to win Best Picture,2,3.1,Jan/01/2011 19:54:39
739827,BEST.PIC:THE.FIGHTER,The Fighter to win Best Picture,2,3.1,Jan/01/2011 20:00:45
739827,BEST.PIC:THE.FIGHTER,The Fighter to win Best Picture,2,7.8,Jan/02/2011 00:29:02
739827,BEST.PIC:THE.FIGHTER,The Fighter to win Best Picture,2,5.5,Jan/02/2011 00:29:18
739827,BEST.PIC:THE.FIGHTER,The Fighter to win Best Picture,2,3.3,Jan/02/2011 20:14:44
739827,BEST.PIC:THE.FIGHTER,The Fighter to win Best Picture,1,3.4,Jan/03/2011 02:04:26
739827,BEST.PIC:THE.FIGHTER,The Fighter to win Best Picture,1,3.6,Jan/05/2011 14:13:50
739827,BEST.PIC:THE.FIGHTER,The Fighter to win Best Picture,1,4.0,Jan/06/2011 02:15:06
739827,BEST.PIC:THE.FIGHTER,The Fighter to win Best Picture,5,5.0,Jan/06/2011 14:55:46
739827,BEST.PIC:THE.FIGHTER,The Fighter to win Best Picture,15,5.0,Jan/06/2011 15:03:30
739827,BEST.PIC:THE.FIGHTER,The Fighter to win Best Picture,10,4.1,Jan/06/2011 15:03:30
739827,BEST.PIC:THE.FIGHTER,The Fighter to win Best Picture,13,4.1,Jan/06/2011 15:06:26
739827,BEST.PIC:THE.FIGHTER,The Fighter to win Best Picture,5,4.1,Jan/06/2011 16:43:03
739827,BEST.PIC:THE.FIGHTER,The Fighter to win Best Picture,5,4.1,Jan/06/2011 16:44:14
739827,BEST.PIC:THE.FIGHTER,The Fighter to win Best Picture,1,4.1,Jan/06/2011 16:46:02
739827,BEST.PIC:THE.FIGHTER,The Fighter to win Best Picture,2,4.1,Jan/06/2011 16:58:49
739827,BEST.PIC:THE.FIGHTER,The Fighter to win Best Picture,5,4.1,Jan/06/2011 19:02:57
739827,BEST.PIC:THE.FIGHTER,The Fighter to win Best Picture,5,4.1,Jan/06/2011 19:03:04
739827,BEST.PIC:THE.FIGHTER,The Fighter to win Best Picture,5,4.1,Jan/06/2011 19:03:59
739827,BEST.PIC:THE.FIGHTER,The Fighter to win Best Picture,5,4.1,Jan/06/2011 19:04:04
739827,BEST.PIC:THE.FIGHTER,The Fighter to win Best Picture,5,4.1,Jan/06/2011 19:04:24
739827,BEST.PIC:THE.FIGHTER,The Fighter to win Best Picture,5,4.1,Jan/06/2011 19:04:29
739827,BEST.PIC:THE.FIGHTER,The Fighter to win Best Picture,5,4.1,Jan/06/2011 19:04:34
739827,BEST.PIC:THE.FIGHTER,The Fighter to win Best Picture,5,4.1,Jan/06/2011 19:04:39
739827,BEST.PIC:THE.FIGHTER,The Fighter to win Best Picture,9,4.2,Jan/06/2011 19:09:35
739827,BEST.PIC:THE.FIGHTER,The Fighter to win Best Picture,2,4.4,Jan/07/2011 15:02:41
739827,BEST.PIC:THE.FIGHTER,The Fighter to win Best Picture,3,4.4,Jan/07/2011 17:44:04
739827,BEST.PIC:THE.FIGHTER,The Fighter to win Best Picture,5,4.4,Jan/07/2011 21:41:40
739827,BEST.PIC:THE.FIGHTER,The Fighter to win Best Picture,9,4.1,Jan/07/2011 21:41:45
739827,BEST.PIC:THE.FIGHTER,The Fighter to win Best Picture,3,4.1,Jan/08/2011 08:13:26
739827,BEST.PIC:THE.FIGHTER,The Fighter to win Best Picture,3,4.1,Jan/08/2011 08:13:31
739827,BEST.PIC:THE.FIGHTER,The Fighter to win Best Picture,1,4.1,Jan/08/2011 08:13:37
739827,BEST.PIC:THE.FIGHTER,The Fighter to win Best Picture,1,4.1,Jan/08/2011 08:15:00
739827,BEST.PIC:THE.FIGHTER,The Fighter to win Best Picture,2,4.1,Jan/08/2011 08:15:11
739827,BEST.PIC:THE.FIGHTER,The Fighter to win Best Picture,20,4.9,Jan/10/2011 19:55:51
739827,BEST.PIC:THE.FIGHTER,The Fighter to win Best Picture,1,4.8,Jan/10/2011 19:56:02
739827,BEST.PIC:THE.FIGHTER,The Fighter to win Best Picture,2,5.0,Jan/12/2011 22:33:30
739827,BEST.PIC:THE.FIGHTER,The Fighter to win Best Picture,4,5.0,Jan/12/2011 22:33:35
739827,BEST.PIC:THE.FIGHTER,The Fighter to win Best Picture,10,5.0,Jan/12/2011 22:33:40
739827,BEST.PIC:THE.FIGHTER,The Fighter to win Best Picture,4,5.0,Jan/12/2011 22:33:45
739827,BEST.PIC:THE.FIGHTER,The Fighter to win Best Picture,10,5.0,Jan/12/2011 22:33:50
739827,BEST.PIC:THE.FIGHTER,The Fighter to win Best Picture,10,5.0,Jan/12/2011 22:33:55
739827,BEST.PIC:THE.FIGHTER,The Fighter to win Best Picture,10,5.0,Jan/12/2011 22:34:00
739827,BEST.PIC:THE.FIGHTER,The Fighter to win Best Picture,10,5.0,Jan/12/2011 22:34:05
739827,BEST.PIC:THE.FIGHTER,The Fighter to win Best Picture,10,5.0,Jan/12/2011 22:34:10
739827,BEST.PIC:THE.FIGHTER,The Fighter to win Best Picture,10,5.0,Jan/12/2011 22:34:17
739827,BEST.PIC:THE.FIGHTER,The Fighter to win Best Picture,10,5.0,Jan/12/2011 22:34:23
739827,BEST.PIC:THE.FIGHTER,The Fighter to win Best Picture,3,5.0,Jan/12/2011 22:34:28
739827,BEST.PIC:THE.FIGHTER,The Fighter to win Best Picture,1,5.0,Jan/12/2011 23:05:42
739827,BEST.PIC:THE.FIGHTER,The Fighter to win Best Picture,1,5.0,Jan/12/2011 23:07:33
739827,BEST.PIC:THE.FIGHTER,The Fighter to win Best Picture,3,5.0,Jan/13/2011 00:02:46
739827,BEST.PIC:THE.FIGHTER,The Fighter to win Best Picture,2,5.0,Jan/13/2011 01:01:27
739827,BEST.PIC:THE.FIGHTER,The Fighter to win Best Picture,5,5.0,Jan/13/2011 04:00:59
739827,BEST.PIC:THE.FIGHTER,The Fighter to win Best Picture,5,5.0,Jan/13/2011 04:01:04
739827,BEST.PIC:THE.FIGHTER,The Fighter to win Best Picture,1,5.0,Jan/13/2011 04:11:19
739827,BEST.PIC:THE.FIGHTER,The Fighter to win Best Picture,1,5.0,Jan/13/2011 04:45:37
739827,BEST.PIC:THE.FIGHTER,The Fighter to win Best Picture,3,5.0,Jan/13/2011 16:52:31
739827,BEST.PIC:THE.FIGHTER,The Fighter to win Best Picture,10,5.0,Jan/13/2011 16:52:36
739827,BEST.PIC:THE.FIGHTER,The Fighter to win Best Picture,10,5.0,Jan/13/2011 16:52:42
739827,BEST.PIC:THE.FIGHTER,The Fighter to win Best Picture,10,5.0,Jan/13/2011 16:52:48
739827,BEST.PIC:THE.FIGHTER,The Fighter to win Best Picture,10,5.0,Jan/13/2011 16:52:53
739827,BEST.PIC:THE.FIGHTER,The Fighter to win Best Picture,1,5.0,Jan/13/2011 16:57:16
739827,BEST.PIC:THE.FIGHTER,The Fighter to win Best Picture,3,4.6,Jan/13/2011 19:57:43
739827,BEST.PIC:THE.FIGHTER,The Fighter to win Best Picture,1,4.8,Jan/13/2011 20:03:55
739827,BEST.PIC:THE.FIGHTER,The Fighter to win Best Picture,4,4.8,Jan/16/2011 01:03:10
739827,BEST.PIC:THE.FIGHTER,The Fighter to win Best Picture,1,4.8,Jan/16/2011 02:01:40
739827,BEST.PIC:THE.FIGHTER,The Fighter to win Best Picture,5,4.8,Jan/16/2011 05:01:27
739827,BEST.PIC:THE.FIGHTER,The Fighter to win Best Picture,5,4.8,Jan/16/2011 05:01:33
739827,BEST.PIC:THE.FIGHTER,The Fighter to win Best Picture,4,4.8,Jan/16/2011 05:01:38
739827,BEST.PIC:THE.FIGHTER,The Fighter to win Best Picture,10,4.8,Jan/16/2011 05:01:43
739827,BEST.PIC:THE.FIGHTER,The Fighter to win Best Picture,10,4.8,Jan/16/2011 05:01:48
739827,BEST.PIC:THE.FIGHTER,The Fighter to win Best Picture,4,4.8,Jan/16/2011 05:01:53
739827,BEST.PIC:THE.FIGHTER,The Fighter to win Best Picture,4,4.8,Jan/17/2011 03:55:44
739827,BEST.PIC:THE.FIGHTER,The Fighter to win Best Picture,10,4.8,Jan/17/2011 03:55:49
739827,BEST.PIC:THE.FIGHTER,The Fighter to win Best Picture,1,4.8,Jan/17/2011 03:55:54
739827,BEST.PIC:THE.FIGHTER,The Fighter to win Best Picture,5,4.8,Jan/17/2011 03:55:59
739827,BEST.PIC:THE.FIGHTER,The Fighter to win Best Picture,10,4.8,Jan/17/2011 03:56:04
739827,BEST.PIC:THE.FIGHTER,The Fighter to win Best Picture,10,4.8,Jan/17/2011 03:56:09
739827,BEST.PIC:THE.FIGHTER,The Fighter to win Best Picture,10,4.8,Jan/17/2011 03:56:29
739827,BEST.PIC:THE.FIGHTER,The Fighter to win Best Picture,6,4.8,Jan/17/2011 03:56:34
739827,BEST.PIC:THE.FIGHTER,The Fighter to win Best Picture,10,4.7,Jan/17/2011 03:56:39
739827,BEST.PIC:THE.FIGHTER,The Fighter to win Best Picture,10,4.7,Jan/17/2011 04:00:49
739827,BEST.PIC:THE.FIGHTER,The Fighter to win Best Picture,5,4.7,Jan/17/2011 04:06:18
739827,BEST.PIC:THE.FIGHTER,The Fighter to win Best Picture,5,4.7,Jan/17/2011 04:14:17
739827,BEST.PIC:THE.FIGHTER,The Fighter to win Best Picture,1,4.8,Jan/17/2011 06:32:55
739827,BEST.PIC:THE.FIGHTER,The Fighter to win Best Picture,6,4.7,Jan/17/2011 09:21:37
739827,BEST.PIC:THE.FIGHTER,The Fighter to win Best Picture,4,4.7,Jan/17/2011 12:01:10
739827,BEST.PIC:THE.FIGHTER,The Fighter to win Best Picture,5,4.7,Jan/17/2011 12:01:16
739827,BEST.PIC:THE.FIGHTER,The Fighter to win Best Picture,10,4.7,Jan/17/2011 12:01:21
739827,BEST.PIC:THE.FIGHTER,The Fighter to win Best Picture,1,4.7,Jan/17/2011 12:01:26
739827,BEST.PIC:THE.FIGHTER,The Fighter to win Best Picture,10,4.7,Jan/17/2011 14:07:36
739827,BEST.PIC:THE.FIGHTER,The Fighter to win Best Picture,4,4.7,Jan/17/2011 14:07:42
739827,BEST.PIC:THE.FIGHTER,The Fighter to win Best Picture,5,4.7,Jan/17/2011 14:07:48
739827,BEST.PIC:THE.FIGHTER,The Fighter to win Best Picture,10,4.7,Jan/17/2011 14:07:54
739827,BEST.PIC:THE.FIGHTER,The Fighter to win Best Picture,10,4.7,Jan/17/2011 14:08:00
739827,BEST.PIC:THE.FIGHTER,The Fighter to win Best Picture,10,4.7,Jan/17/2011 14:08:06
739827,BEST.PIC:THE.FIGHTER,The Fighter to win Best Picture,10,4.7,Jan/17/2011 14:08:11
739827,BEST.PIC:THE.FIGHTER,The Fighter to win Best Picture,10,4.7,Jan/17/2011 14:08:16
739827,BEST.PIC:THE.FIGHTER,The Fighter to win Best Picture,6,4.7,Jan/17/2011 14:08:21
739827,BEST.PIC:THE.FIGHTER,The Fighter to win Best Picture,10,4.7,Jan/17/2011 14:09:31
739827,BEST.PIC:THE.FIGHTER,The Fighter to win Best Picture,4,4.7,Jan/17/2011 14:09:36
739827,BEST.PIC:THE.FIGHTER,The Fighter to win Best Picture,1,4.7,Jan/17/2011 15:24:51
739827,BEST.PIC:THE.FIGHTER,The Fighter to win Best Picture,10,4.7,Jan/17/2011 15:24:56
739827,BEST.PIC:THE.FIGHTER,The Fighter to win Best Picture,10,4.7,Jan/17/2011 15:25:01
739827,BEST.PIC:THE.FIGHTER,The Fighter to win Best Picture,4,4.7,Jan/17/2011 15:25:06
739827,BEST.PIC:THE.FIGHTER,The Fighter to win Best Picture,3,4.7,Jan/17/2011 15:45:12
739827,BEST.PIC:THE.FIGHTER,The Fighter to win Best Picture,3,4.7,Jan/17/2011 16:16:13
739827,BEST.PIC:THE.FIGHTER,The Fighter to win Best Picture,2,4.7,Jan/17/2011 19:06:36
739827,BEST.PIC:THE.FIGHTER,The Fighter to win Best Picture,10,5.9,Jan/17/2011 19:08:37
739827,BEST.PIC:THE.FIGHTER,The Fighter to win Best Picture,2,4.7,Jan/17/2011 19:11:16
739827,BEST.PIC:THE.FIGHTER,The Fighter to win Best Picture,5,4.7,Jan/17/2011 19:16:53
739827,BEST.PIC:THE.FIGHTER,The Fighter to win Best Picture,5,4.7,Jan/17/2011 19:28:05
739827,BEST.PIC:THE.FIGHTER,The Fighter to win Best Picture,5,4.7,Jan/17/2011 19:31:41
739827,BEST.PIC:THE.FIGHTER,The Fighter to win Best Picture,55,4.7,Jan/17/2011 19:53:15
739827,BEST.PIC:THE.FIGHTER,The Fighter to win Best Picture,12,4.6,Jan/17/2011 20:04:57
739827,BEST.PIC:THE.FIGHTER,The Fighter to win Best Picture,10,4.6,Jan/17/2011 20:06:06
739827,BEST.PIC:THE.FIGHTER,The Fighter to win Best Picture,10,4.6,Jan/17/2011 20:06:39
739827,BEST.PIC:THE.FIGHTER,The Fighter to win Best Picture,10,4.6,Jan/17/2011 20:07:07
739827,BEST.PIC:THE.FIGHTER,The Fighter to win Best Picture,10,4.6,Jan/17/2011 20:07:41
739827,BEST.PIC:THE.FIGHTER,The Fighter to win Best Picture,10,4.6,Jan/17/2011 20:08:13
739827,BEST.PIC:THE.FIGHTER,The Fighter to win Best Picture,10,4.6,Jan/17/2011 20:08:44
739827,BEST.PIC:THE.FIGHTER,The Fighter to win Best Picture,10,4.6,Jan/17/2011 20:09:17
739827,BEST.PIC:THE.FIGHTER,The Fighter to win Best Picture,10,4.6,Jan/17/2011 20:10:05
739827,BEST.PIC:THE.FIGHTER,The Fighter to win Best Picture,5,4.6,Jan/17/2011 20:10:42
739827,BEST.PIC:THE.FIGHTER,The Fighter to win Best Picture,15,4.3,Jan/17/2011 20:10:42
739827,BEST.PIC:THE.FIGHTER,The Fighter to win Best Picture,5,4.3,Jan/17/2011 21:36:40
739827,BEST.PIC:THE.FIGHTER,The Fighter to win Best Picture,10,4.3,Jan/17/2011 22:37:16
739827,BEST.PIC:THE.FIGHTER,The Fighter to win Best Picture,10,4.3,Jan/17/2011 22:43:30
739827,BEST.PIC:THE.FIGHTER,The Fighter to win Best Picture,10,4.3,Jan/17/2011 22:43:36
739827,BEST.PIC:THE.FIGHTER,The Fighter to win Best Picture,10,4.0,Jan/17/2011 22:43:42
739827,BEST.PIC:THE.FIGHTER,The Fighter to win Best Picture,4,4.0,Jan/17/2011 22:43:49
739827,BEST.PIC:THE.FIGHTER,The Fighter to win Best Picture,5,4.0,Jan/18/2011 17:43:54
739827,BEST.PIC:THE.FIGHTER,The Fighter to win Best Picture,10,5.8,Jan/19/2011 01:36:05
739827,BEST.PIC:THE.FIGHTER,The Fighter to win Best Picture,20,4.1,Jan/19/2011 02:34:00
739827,BEST.PIC:THE.FIGHTER,The Fighter to win Best Picture,10,4.1,Jan/19/2011 04:31:26
739827,BEST.PIC:THE.FIGHTER,The Fighter to win Best Picture,3,4.1,Jan/19/2011 16:38:13
739827,BEST.PIC:THE.FIGHTER,The Fighter to win Best Picture,5,4.1,Jan/19/2011 16:48:34
739827,BEST.PIC:THE.FIGHTER,The Fighter to win Best Picture,2,4.0,Jan/19/2011 21:24:06
739827,BEST.PIC:THE.FIGHTER,The Fighter to win Best Picture,5,3.6,Jan/19/2011 21:24:11
739827,BEST.PIC:THE.FIGHTER,The Fighter to win Best Picture,5,1.0,Jan/19/2011 21:36:38
739827,BEST.PIC:THE.FIGHTER,The Fighter to win Best Picture,1,2.8,Jan/20/2011 04:22:28
739827,BEST.PIC:THE.FIGHTER,The Fighter to win Best Picture,1,3.1,Jan/20/2011 04:22:28
739827,BEST.PIC:THE.FIGHTER,The Fighter to win Best Picture,1,2.9,Jan/20/2011 04:22:28
739827,BEST.PIC:THE.FIGHTER,The Fighter to win Best Picture,1,3.0,Jan/20/2011 04:22:28
739827,BEST.PIC:THE.FIGHTER,The Fighter to win Best Picture,1,3.2,Jan/20/2011 04:22:28
739827,BEST.PIC:THE.FIGHTER,The Fighter to win Best Picture,1,3.6,Jan/20/2011 04:25:32
739827,BEST.PIC:THE.FIGHTER,The Fighter to win Best Picture,1,3.5,Jan/20/2011 04:25:32
739827,BEST.PIC:THE.FIGHTER,The Fighter to win Best Picture,1,3.4,Jan/20/2011 04:25:32
739827,BEST.PIC:THE.FIGHTER,The Fighter to win Best Picture,1,3.3,Jan/20/2011 04:25:32
739827,BEST.PIC:THE.FIGHTER,The Fighter to win Best Picture,1,3.7,Jan/20/2011 04:25:32
739827,BEST.PIC:THE.FIGHTER,The Fighter to win Best Picture,5,3.8,Jan/20/2011 04:27:19
739827,BEST.PIC:THE.FIGHTER,The Fighter to win Best Picture,1,3.9,Jan/20/2011 04:28:39
739827,BEST.PIC:THE.FIGHTER,The Fighter to win Best Picture,5,4.0,Jan/20/2011 04:28:39
739827,BEST.PIC:THE.FIGHTER,The Fighter to win Best Picture,5,4.1,Jan/20/2011 04:30:13
739827,BEST.PIC:THE.FIGHTER,The Fighter to win Best Picture,5,4.1,Jan/20/2011 04:33:13
739827,BEST.PIC:THE.FIGHTER,The Fighter to win Best Picture,5,4.2,Jan/20/2011 04:36:10
739827,BEST.PIC:THE.FIGHTER,The Fighter to win Best Picture,1,3.5,Jan/20/2011 16:03:52
739827,BEST.PIC:THE.FIGHTER,The Fighter to win Best Picture,1,3.6,Jan/20/2011 16:03:52
739827,BEST.PIC:THE.FIGHTER,The Fighter to win Best Picture,1,3.7,Jan/20/2011 16:03:52
739827,BEST.PIC:THE.FIGHTER,The Fighter to win Best Picture,1,3.8,Jan/20/2011 16:03:52
739827,BEST.PIC:THE.FIGHTER,The Fighter to win Best Picture,1,3.9,Jan/20/2011 16:03:52
739827,BEST.PIC:THE.FIGHTER,The Fighter to win Best Picture,1,3.0,Jan/21/2011 02:42:14
739827,BEST.PIC:THE.FIGHTER,The Fighter to win Best Picture,1,3.5,Jan/21/2011 03:55:41
739827,BEST.PIC:THE.FIGHTER,The Fighter to win Best Picture,1,3.4,Jan/21/2011 03:55:41
739827,BEST.PIC:THE.FIGHTER,The Fighter to win Best Picture,1,3.3,Jan/21/2011 03:55:41
739827,BEST.PIC:THE.FIGHTER,The Fighter to win Best Picture,1,3.2,Jan/21/2011 03:55:41
739827,BEST.PIC:THE.FIGHTER,The Fighter to win Best Picture,1,3.1,Jan/21/2011 03:55:41
739827,BEST.PIC:THE.FIGHTER,The Fighter to win Best Picture,1,3.5,Jan/21/2011 03:55:41
739827,BEST.PIC:THE.FIGHTER,The Fighter to win Best Picture,1,3.5,Jan/21/2011 03:55:41
739827,BEST.PIC:THE.FIGHTER,The Fighter to win Best Picture,1,3.4,Jan/21/2011 03:55:41
739827,BEST.PIC:THE.FIGHTER,The Fighter to win Best Picture,1,3.2,Jan/21/2011 03:55:41
739827,BEST.PIC:THE.FIGHTER,The Fighter to win Best Picture,1,3.1,Jan/21/2011 03:55:41
739827,BEST.PIC:THE.FIGHTER,The Fighter to win Best Picture,1,3.9,Jan/21/2011 03:56:18
739827,BEST.PIC:THE.FIGHTER,The Fighter to win Best Picture,1,3.8,Jan/21/2011 03:56:18
739827,BEST.PIC:THE.FIGHTER,The Fighter to win Best Picture,1,3.7,Jan/21/2011 03:56:18
739827,BEST.PIC:THE.FIGHTER,The Fighter to win Best Picture,1,3.6,Jan/21/2011 03:56:18
739827,BEST.PIC:THE.FIGHTER,The Fighter to win Best Picture,1,3.8,Jan/21/2011 03:56:18
739827,BEST.PIC:THE.FIGHTER,The Fighter to win Best Picture,1,3.6,Jan/21/2011 03:56:18
739827,BEST.PIC:THE.FIGHTER,The Fighter to win Best Picture,1,3.7,Jan/21/2011 03:56:18
739827,BEST.PIC:THE.FIGHTER,The Fighter to win Best Picture,1,3.8,Jan/21/2011 03:56:18
739827,BEST.PIC:THE.FIGHTER,The Fighter to win Best Picture,1,4.0,Jan/21/2011 03:56:18
739827,BEST.PIC:THE.FIGHTER,The Fighter to win Best Picture,1,4.0,Jan/21/2011 03:56:18
739827,BEST.PIC:THE.FIGHTER,The Fighter to win Best Picture,7,3.0,Jan/21/2011 14:56:10
739827,BEST.PIC:THE.FIGHTER,The Fighter to win Best Picture,1,2.2,Jan/21/2011 14:56:17
739827,BEST.PIC:THE.FIGHTER,The Fighter to win Best Picture,10,2.3,Jan/21/2011 15:14:03
739827,BEST.PIC:THE.FIGHTER,The Fighter to win Best Picture,10,2.3,Jan/21/2011 15:14:08
739827,BEST.PIC:THE.FIGHTER,The Fighter to win Best Picture,5,2.4,Jan/21/2011 15:44:26
739827,BEST.PIC:THE.FIGHTER,The Fighter to win Best Picture,5,2.4,Jan/21/2011 15:44:26
739827,BEST.PIC:THE.FIGHTER,The Fighter to win Best Picture,1,2.9,Jan/22/2011 04:29:22
739827,BEST.PIC:THE.FIGHTER,The Fighter to win Best Picture,1,2.8,Jan/22/2011 04:29:22
739827,BEST.PIC:THE.FIGHTER,The Fighter to win Best Picture,1,2.7,Jan/22/2011 04:29:22
739827,BEST.PIC:THE.FIGHTER,The Fighter to win Best Picture,1,2.6,Jan/22/2011 04:29:22
739827,BEST.PIC:THE.FIGHTER,The Fighter to win Best Picture,1,2.5,Jan/22/2011 04:29:22
739827,BEST.PIC:THE.FIGHTER,The Fighter to win Best Picture,1,2.9,Jan/22/2011 18:22:37
739827,BEST.PIC:THE.FIGHTER,The Fighter to win Best Picture,1,2.9,Jan/22/2011 18:33:46
739827,BEST.PIC:THE.FIGHTER,The Fighter to win Best Picture,10,3.2,Jan/22/2011 20:08:27
739827,BEST.PIC:THE.FIGHTER,The Fighter to win Best Picture,2,3.0,Jan/22/2011 20:08:27
739827,BEST.PIC:THE.FIGHTER,The Fighter to win Best Picture,1,3.1,Jan/22/2011 20:08:27
739827,BEST.PIC:THE.FIGHTER,The Fighter to win Best Picture,1,3.2,Jan/22/2011 20:08:27
739827,BEST.PIC:THE.FIGHTER,The Fighter to win Best Picture,1,2.9,Jan/22/2011 20:08:27
739827,BEST.PIC:THE.FIGHTER,The Fighter to win Best Picture,1,3.4,Jan/22/2011 20:08:27
739827,BEST.PIC:THE.FIGHTER,The Fighter to win Best Picture,100,4.8,Jan/22/2011 22:59:07
739827,BEST.PIC:THE.FIGHTER,The Fighter to win Best Picture,100,4.9,Jan/22/2011 23:03:36
739827,BEST.PIC:THE.FIGHTER,The Fighter to win Best Picture,1,3.7,Jan/23/2011 17:35:36
739827,BEST.PIC:THE.FIGHTER,The Fighter to win Best Picture,28,3.9,Jan/24/2011 20:55:55
739827,BEST.PIC:THE.FIGHTER,The Fighter to win Best Picture,12,3.8,Jan/24/2011 20:55:55
739827,BEST.PIC:THE.FIGHTER,The Fighter to win Best Picture,99,3.7,Jan/25/2011 07:32:56
739827,BEST.PIC:THE.FIGHTER,The Fighter to win Best Picture,15,3.5,Jan/25/2011 12:30:28
739827,BEST.PIC:THE.FIGHTER,The Fighter to win Best Picture,1,3.6,Jan/25/2011 16:07:15
739827,BEST.PIC:THE.FIGHTER,The Fighter to win Best Picture,1,3.6,Jan/25/2011 17:50:04
739827,BEST.PIC:THE.FIGHTER,The Fighter to win Best Picture,10,3.6,Jan/25/2011 17:50:38
739827,BEST.PIC:THE.FIGHTER,The Fighter to win Best Picture,5,3.6,Jan/25/2011 17:52:23
739827,BEST.PIC:THE.FIGHTER,The Fighter to win Best Picture,6,3.6,Jan/25/2011 17:52:26
739827,BEST.PIC:THE.FIGHTER,The Fighter to win Best Picture,1,3.6,Jan/25/2011 17:55:32
739827,BEST.PIC:THE.FIGHTER,The Fighter to win Best Picture,1,3.6,Jan/25/2011 18:54:26
739827,BEST.PIC:THE.FIGHTER,The Fighter to win Best Picture,2,3.6,Jan/25/2011 19:30:21
739827,BEST.PIC:THE.FIGHTER,The Fighter to win Best Picture,8,3.6,Jan/25/2011 19:30:23
739827,BEST.PIC:THE.FIGHTER,The Fighter to win Best Picture,5,3.6,Jan/25/2011 20:40:34
739827,BEST.PIC:THE.FIGHTER,The Fighter to win Best Picture,5,3.6,Jan/25/2011 21:01:23
739827,BEST.PIC:THE.FIGHTER,The Fighter to win Best Picture,4,3.6,Jan/25/2011 21:01:44
739827,BEST.PIC:THE.FIGHTER,The Fighter to win Best Picture,1,3.6,Jan/25/2011 21:07:08
739827,BEST.PIC:THE.FIGHTER,The Fighter to win Best Picture,10,3.6,Jan/25/2011 21:28:25
739827,BEST.PIC:THE.FIGHTER,The Fighter to win Best Picture,1,3.6,Jan/25/2011 21:37:58
739827,BEST.PIC:THE.FIGHTER,The Fighter to win Best Picture,2,3.6,Jan/25/2011 21:38:05
739827,BEST.PIC:THE.FIGHTER,The Fighter to win Best Picture,3,3.6,Jan/25/2011 21:38:13
739827,BEST.PIC:THE.FIGHTER,The Fighter to win Best Picture,1,3.6,Jan/25/2011 21:45:52
739827,BEST.PIC:THE.FIGHTER,The Fighter to win Best Picture,3,3.6,Jan/25/2011 22:06:27
739827,BEST.PIC:THE.FIGHTER,The Fighter to win Best Picture,1,3.6,Jan/25/2011 23:03:11
739827,BEST.PIC:THE.FIGHTER,The Fighter to win Best Picture,1,3.6,Jan/25/2011 23:05:26
739827,BEST.PIC:THE.FIGHTER,The Fighter to win Best Picture,1,3.6,Jan/25/2011 23:12:24
739827,BEST.PIC:THE.FIGHTER,The Fighter to win Best Picture,1,3.6,Jan/26/2011 00:37:42
739827,BEST.PIC:THE.FIGHTER,The Fighter to win Best Picture,1,3.6,Jan/26/2011 03:13:36
739827,BEST.PIC:THE.FIGHTER,The Fighter to win Best Picture,1,3.7,Jan/26/2011 10:08:28
739827,BEST.PIC:THE.FIGHTER,The Fighter to win Best Picture,1,3.6,Jan/26/2011 15:05:03
739827,BEST.PIC:THE.FIGHTER,The Fighter to win Best Picture,38,3.6,Jan/26/2011 15:36:41
739827,BEST.PIC:THE.FIGHTER,The Fighter to win Best Picture,30,3.6,Jan/26/2011 15:41:00
739827,BEST.PIC:THE.FIGHTER,The Fighter to win Best Picture,1,3.5,Jan/26/2011 15:41:07
739827,BEST.PIC:THE.FIGHTER,The Fighter to win Best Picture,14,3.5,Jan/26/2011 15:56:28
739827,BEST.PIC:THE.FIGHTER,The Fighter to win Best Picture,11,3.0,Jan/26/2011 19:42:24
739827,BEST.PIC:THE.FIGHTER,The Fighter to win Best Picture,2,3.0,Jan/26/2011 19:53:05
739827,BEST.PIC:THE.FIGHTER,The Fighter to win Best Picture,1,3.0,Jan/26/2011 19:53:07
739827,BEST.PIC:THE.FIGHTER,The Fighter to win Best Picture,2,3.0,Jan/26/2011 19:55:43
739827,BEST.PIC:THE.FIGHTER,The Fighter to win Best Picture,3,3.0,Jan/26/2011 20:00:29
739827,BEST.PIC:THE.FIGHTER,The Fighter to win Best Picture,2,3.0,Jan/26/2011 20:00:57
739827,BEST.PIC:THE.FIGHTER,The Fighter to win Best Picture,1,3.0,Jan/26/2011 20:06:06
739827,BEST.PIC:THE.FIGHTER,The Fighter to win Best Picture,4,3.0,Jan/26/2011 20:08:42
739827,BEST.PIC:THE.FIGHTER,The Fighter to win Best Picture,1,3.0,Jan/26/2011 21:05:12
739827,BEST.PIC:THE.FIGHTER,The Fighter to win Best Picture,1,3.0,Jan/26/2011 23:48:50
739827,BEST.PIC:THE.FIGHTER,The Fighter to win Best Picture,1,3.0,Jan/26/2011 23:55:41
739827,BEST.PIC:THE.FIGHTER,The Fighter to win Best Picture,1,3.0,Jan/26/2011 23:57:20
739827,BEST.PIC:THE.FIGHTER,The Fighter to win Best Picture,1,3.0,Jan/27/2011 00:12:10
739827,BEST.PIC:THE.FIGHTER,The Fighter to win Best Picture,1,3.0,Jan/27/2011 00:13:50
739827,BEST.PIC:THE.FIGHTER,The Fighter to win Best Picture,1,3.0,Jan/27/2011 00:14:46
739827,BEST.PIC:THE.FIGHTER,The Fighter to win Best Picture,1,3.0,Jan/27/2011 00:15:55
739827,BEST.PIC:THE.FIGHTER,The Fighter to win Best Picture,1,3.0,Jan/27/2011 00:35:26
739827,BEST.PIC:THE.FIGHTER,The Fighter to win Best Picture,1,3.0,Jan/27/2011 00:37:10
739827,BEST.PIC:THE.FIGHTER,The Fighter to win Best Picture,3,3.0,Jan/27/2011 00:38:59
739827,BEST.PIC:THE.FIGHTER,The Fighter to win Best Picture,2,3.0,Jan/27/2011 00:41:36
739827,BEST.PIC:THE.FIGHTER,The Fighter to win Best Picture,9,3.0,Jan/27/2011 02:01:40
739827,BEST.PIC:THE.FIGHTER,The Fighter to win Best Picture,3,3.0,Jan/27/2011 02:24:46
739827,BEST.PIC:THE.FIGHTER,The Fighter to win Best Picture,5,3.0,Jan/27/2011 02:40:35
739827,BEST.PIC:THE.FIGHTER,The Fighter to win Best Picture,9,3.0,Jan/27/2011 02:40:37
739827,BEST.PIC:THE.FIGHTER,The Fighter to win Best Picture,1,3.0,Jan/27/2011 04:13:19
739827,BEST.PIC:THE.FIGHTER,The Fighter to win Best Picture,1,3.0,Jan/27/2011 04:21:48
739827,BEST.PIC:THE.FIGHTER,The Fighter to win Best Picture,2,3.0,Jan/27/2011 05:37:41
739827,BEST.PIC:THE.FIGHTER,The Fighter to win Best Picture,2,3.0,Jan/27/2011 05:37:44
739827,BEST.PIC:THE.FIGHTER,The Fighter to win Best Picture,7,3.0,Jan/27/2011 06:41:42
739827,BEST.PIC:THE.FIGHTER,The Fighter to win Best Picture,70,3.0,Jan/27/2011 06:44:18
739827,BEST.PIC:THE.FIGHTER,The Fighter to win Best Picture,100,2.9,Jan/27/2011 06:44:45
739827,BEST.PIC:THE.FIGHTER,The Fighter to win Best Picture,50,2.5,Jan/27/2011 10:38:03
739827,BEST.PIC:THE.FIGHTER,The Fighter to win Best Picture,1,2.0,Jan/27/2011 16:13:11
739827,BEST.PIC:THE.FIGHTER,The Fighter to win Best Picture,1,2.0,Jan/27/2011 16:18:23
739827,BEST.PIC:THE.FIGHTER,The Fighter to win Best Picture,1,2.1,Jan/27/2011 17:44:45
739827,BEST.PIC:THE.FIGHTER,The Fighter to win Best Picture,1,2.1,Jan/27/2011 20:46:10
739827,BEST.PIC:THE.FIGHTER,The Fighter to win Best Picture,1,2.1,Jan/27/2011 20:46:25
739827,BEST.PIC:THE.FIGHTER,The Fighter to win Best Picture,1,2.1,Jan/27/2011 20:46:34
739827,BEST.PIC:THE.FIGHTER,The Fighter to win Best Picture,1,2.2,Jan/27/2011 20:58:38
739827,BEST.PIC:THE.FIGHTER,The Fighter to win Best Picture,47,2.2,Jan/27/2011 22:32:41
739827,BEST.PIC:THE.FIGHTER,The Fighter to win Best Picture,4,2.1,Jan/27/2011 22:52:12
739827,BEST.PIC:THE.FIGHTER,The Fighter to win Best Picture,1,2.1,Jan/27/2011 22:52:14
739827,BEST.PIC:THE.FIGHTER,The Fighter to win Best Picture,24,2.1,Jan/27/2011 22:53:00
739827,BEST.PIC:THE.FIGHTER,The Fighter to win Best Picture,50,2.0,Jan/27/2011 22:53:54
739827,BEST.PIC:THE.FIGHTER,The Fighter to win Best Picture,150,2.0,Jan/27/2011 23:21:00
739827,BEST.PIC:THE.FIGHTER,The Fighter to win Best Picture,5,1.9,Jan/27/2011 23:54:26
739827,BEST.PIC:THE.FIGHTER,The Fighter to win Best Picture,20,2.0,Jan/28/2011 04:11:14
739827,BEST.PIC:THE.FIGHTER,The Fighter to win Best Picture,15,2.0,Jan/28/2011 12:31:05
739827,BEST.PIC:THE.FIGHTER,The Fighter to win Best Picture,1,1.9,Jan/28/2011 14:22:41
739827,BEST.PIC:THE.FIGHTER,The Fighter to win Best Picture,19,2.0,Jan/28/2011 20:20:36
739827,BEST.PIC:THE.FIGHTER,The Fighter to win Best Picture,5,2.0,Jan/29/2011 02:04:28
739827,BEST.PIC:THE.FIGHTER,The Fighter to win Best Picture,44,1.9,Jan/29/2011 02:58:55
739827,BEST.PIC:THE.FIGHTER,The Fighter to win Best Picture,20,2.0,Jan/29/2011 05:19:12
739827,BEST.PIC:THE.FIGHTER,The Fighter to win Best Picture,71,2.0,Jan/29/2011 19:59:37
739827,BEST.PIC:THE.FIGHTER,The Fighter to win Best Picture,489,2.0,Jan/29/2011 19:59:37
739827,BEST.PIC:THE.FIGHTER,The Fighter to win Best Picture,4,1.9,Jan/30/2011 07:29:49
739827,BEST.PIC:THE.FIGHTER,The Fighter to win Best Picture,1,1.9,Jan/30/2011 07:29:51
739827,BEST.PIC:THE.FIGHTER,The Fighter to win Best Picture,10,1.8,Jan/30/2011 07:29:54
739827,BEST.PIC:THE.FIGHTER,The Fighter to win Best Picture,4,1.8,Jan/30/2011 07:29:57
739827,BEST.PIC:THE.FIGHTER,The Fighter to win Best Picture,6,1.8,Jan/30/2011 07:39:20
739827,BEST.PIC:THE.FIGHTER,The Fighter to win Best Picture,4,1.8,Jan/30/2011 07:39:20
739827,BEST.PIC:THE.FIGHTER,The Fighter to win Best Picture,1,1.8,Jan/30/2011 07:39:22
739827,BEST.PIC:THE.FIGHTER,The Fighter to win Best Picture,15,1.8,Jan/30/2011 15:15:21
739827,BEST.PIC:THE.FIGHTER,The Fighter to win Best Picture,33,2.8,Jan/30/2011 22:52:48
739827,BEST.PIC:THE.FIGHTER,The Fighter to win Best Picture,33,2.9,Jan/30/2011 22:52:48
739827,BEST.PIC:THE.FIGHTER,The Fighter to win Best Picture,234,3.0,Jan/30/2011 22:52:48
739827,BEST.PIC:THE.FIGHTER,The Fighter to win Best Picture,199,3.0,Jan/30/2011 22:59:06
739827,BEST.PIC:THE.FIGHTER,The Fighter to win Best Picture,1,2.9,Jan/30/2011 22:59:06
739827,BEST.PIC:THE.FIGHTER,The Fighter to win Best Picture,3,2.0,Jan/30/2011 23:24:18
739827,BEST.PIC:THE.FIGHTER,The Fighter to win Best Picture,200,2.5,Jan/30/2011 23:24:56
739827,BEST.PIC:THE.FIGHTER,The Fighter to win Best Picture,200,2.5,Jan/30/2011 23:25:26
739827,BEST.PIC:THE.FIGHTER,The Fighter to win Best Picture,200,2.5,Jan/30/2011 23:45:46
739827,BEST.PIC:THE.FIGHTER,The Fighter to win Best Picture,200,2.5,Jan/30/2011 23:46:07
739827,BEST.PIC:THE.FIGHTER,The Fighter to win Best Picture,200,2.5,Jan/31/2011 00:00:13
739827,BEST.PIC:THE.FIGHTER,The Fighter to win Best Picture,1,0.8,Jan/31/2011 03:27:50
739827,BEST.PIC:THE.FIGHTER,The Fighter to win Best Picture,1,1.5,Jan/31/2011 05:41:35
739827,BEST.PIC:THE.FIGHTER,The Fighter to win Best Picture,4,1.5,Jan/31/2011 11:36:40
739827,BEST.PIC:THE.FIGHTER,The Fighter to win Best Picture,1,1.5,Jan/31/2011 11:36:42
739827,BEST.PIC:THE.FIGHTER,The Fighter to win Best Picture,5,1.5,Jan/31/2011 11:36:44
739827,BEST.PIC:THE.FIGHTER,The Fighter to win Best Picture,5,1.4,Jan/31/2011 11:36:46
739827,BEST.PIC:THE.FIGHTER,The Fighter to win Best Picture,5,1.4,Jan/31/2011 11:36:48
739827,BEST.PIC:THE.FIGHTER,The Fighter to win Best Picture,1,1.4,Jan/31/2011 12:23:46
739827,BEST.PIC:THE.FIGHTER,The Fighter to win Best Picture,2,1.3,Jan/31/2011 12:23:48
739827,BEST.PIC:THE.FIGHTER,The Fighter to win Best Picture,2,1.3,Jan/31/2011 14:36:36
739827,BEST.PIC:THE.FIGHTER,The Fighter to win Best Picture,1,1.8,Jan/31/2011 19:32:08
739827,BEST.PIC:THE.FIGHTER,The Fighter to win Best Picture,2,1.7,Jan/31/2011 19:32:08
739827,BEST.PIC:THE.FIGHTER,The Fighter to win Best Picture,9,1.9,Feb/01/2011 03:23:45
739827,BEST.PIC:THE.FIGHTER,The Fighter to win Best Picture,50,1.6,Feb/01/2011 05:32:10
739827,BEST.PIC:THE.FIGHTER,The Fighter to win Best Picture,3,1.6,Feb/01/2011 05:32:10
739827,BEST.PIC:THE.FIGHTER,The Fighter to win Best Picture,4,1.5,Feb/01/2011 06:14:01
739827,BEST.PIC:THE.FIGHTER,The Fighter to win Best Picture,5,1.4,Feb/01/2011 15:41:09
739827,BEST.PIC:THE.FIGHTER,The Fighter to win Best Picture,6,1.4,Feb/01/2011 15:41:09
739827,BEST.PIC:THE.FIGHTER,The Fighter to win Best Picture,12,1.3,Feb/01/2011 15:45:06
739827,BEST.PIC:THE.FIGHTER,The Fighter to win Best Picture,6,1.3,Feb/01/2011 15:45:06
739827,BEST.PIC:THE.FIGHTER,The Fighter to win Best Picture,50,1.3,Feb/01/2011 18:30:08
739827,BEST.PIC:THE.FIGHTER,The Fighter to win Best Picture,5,1.2,Feb/01/2011 21:41:41
739827,BEST.PIC:THE.FIGHTER,The Fighter to win Best Picture,2,1.2,Feb/01/2011 22:08:45
739827,BEST.PIC:THE.FIGHTER,The Fighter to win Best Picture,3,1.2,Feb/01/2011 22:08:45
739827,BEST.PIC:THE.FIGHTER,The Fighter to win Best Picture,46,1.2,Feb/02/2011 18:13:13
739827,BEST.PIC:THE.FIGHTER,The Fighter to win Best Picture,50,1.1,Feb/02/2011 18:13:59
739827,BEST.PIC:THE.FIGHTER,The Fighter to win Best Picture,1,1.0,Feb/02/2011 21:34:44
739827,BEST.PIC:THE.FIGHTER,The Fighter to win Best Picture,1,1.0,Feb/02/2011 21:35:15
739827,BEST.PIC:THE.FIGHTER,The Fighter to win Best Picture,1,1.0,Feb/02/2011 21:35:43
739827,BEST.PIC:THE.FIGHTER,The Fighter to win Best Picture,1,1.0,Feb/02/2011 21:35:45
739827,BEST.PIC:THE.FIGHTER,The Fighter to win Best Picture,1,1.0,Feb/02/2011 21:35:47
739827,BEST.PIC:THE.FIGHTER,The Fighter to win Best Picture,1,1.0,Feb/02/2011 21:35:49
739827,BEST.PIC:THE.FIGHTER,The Fighter to win Best Picture,1,1.0,Feb/02/2011 21:35:51
739827,BEST.PIC:THE.FIGHTER,The Fighter to win Best Picture,5,1.0,Feb/03/2011 20:20:38
739827,BEST.PIC:THE.FIGHTER,The Fighter to win Best Picture,5,1.0,Feb/03/2011 20:21:49
739827,BEST.PIC:THE.FIGHTER,The Fighter to win Best Picture,5,1.0,Feb/03/2011 20:26:13
739827,BEST.PIC:THE.FIGHTER,The Fighter to win Best Picture,1,1.0,Feb/03/2011 22:41:56
739827,BEST.PIC:THE.FIGHTER,The Fighter to win Best Picture,5,1.0,Feb/03/2011 22:41:58
739827,BEST.PIC:THE.FIGHTER,The Fighter to win Best Picture,1,1.0,Feb/04/2011 19:39:14
739827,BEST.PIC:THE.FIGHTER,The Fighter to win Best Picture,1,1.0,Feb/04/2011 21:04:39
739827,BEST.PIC:THE.FIGHTER,The Fighter to win Best Picture,1,1.0,Feb/04/2011 22:39:01
739827,BEST.PIC:THE.FIGHTER,The Fighter to win Best Picture,1,1.0,Feb/05/2011 03:11:06
739827,BEST.PIC:THE.FIGHTER,The Fighter to win Best Picture,5,1.0,Feb/05/2011 03:53:57
739827,BEST.PIC:THE.FIGHTER,The Fighter to win Best Picture,5,1.0,Feb/05/2011 07:25:32
739827,BEST.PIC:THE.FIGHTER,The Fighter to win Best Picture,458,1.2,Feb/05/2011 15:38:00
739827,BEST.PIC:THE.FIGHTER,The Fighter to win Best Picture,34,1.1,Feb/05/2011 18:30:17
739827,BEST.PIC:THE.FIGHTER,The Fighter to win Best Picture,1,1.2,Feb/06/2011 08:14:30
739827,BEST.PIC:THE.FIGHTER,The Fighter to win Best Picture,1,1.2,Feb/06/2011 17:07:52
739827,BEST.PIC:THE.FIGHTER,The Fighter to win Best Picture,4,1.2,Feb/06/2011 17:09:37
739827,BEST.PIC:THE.FIGHTER,The Fighter to win Best Picture,5,1.2,Feb/06/2011 18:02:12
739827,BEST.PIC:THE.FIGHTER,The Fighter to win Best Picture,2,1.2,Feb/07/2011 17:37:13
739827,BEST.PIC:THE.FIGHTER,The Fighter to win Best Picture,10,1.3,Feb/08/2011 19:55:51
739827,BEST.PIC:THE.FIGHTER,The Fighter to win Best Picture,5,1.3,Feb/08/2011 20:58:43
739827,BEST.PIC:THE.FIGHTER,The Fighter to win Best Picture,5,1.3,Feb/08/2011 22:01:07
739827,BEST.PIC:THE.FIGHTER,The Fighter to win Best Picture,1,1.3,Feb/08/2011 22:08:50
739827,BEST.PIC:THE.FIGHTER,The Fighter to win Best Picture,5,1.7,Feb/10/2011 02:48:01
739827,BEST.PIC:THE.FIGHTER,The Fighter to win Best Picture,5,1.5,Feb/10/2011 10:10:17
739827,BEST.PIC:THE.FIGHTER,The Fighter to win Best Picture,3,1.5,Feb/10/2011 10:10:20
739827,BEST.PIC:THE.FIGHTER,The Fighter to win Best Picture,5,1.5,Feb/10/2011 10:10:23
739827,BEST.PIC:THE.FIGHTER,The Fighter to win Best Picture,3,1.5,Feb/10/2011 10:10:26
739827,BEST.PIC:THE.FIGHTER,The Fighter to win Best Picture,4,1.5,Feb/10/2011 10:10:29
739827,BEST.PIC:THE.FIGHTER,The Fighter to win Best Picture,1,1.4,Feb/10/2011 10:10:32
739827,BEST.PIC:THE.FIGHTER,The Fighter to win Best Picture,4,1.4,Feb/10/2011 10:10:35
739827,BEST.PIC:THE.FIGHTER,The Fighter to win Best Picture,5,1.4,Feb/10/2011 10:10:38
739827,BEST.PIC:THE.FIGHTER,The Fighter to win Best Picture,5,1.4,Feb/10/2011 20:57:01
739827,BEST.PIC:THE.FIGHTER,The Fighter to win Best Picture,5,1.4,Feb/11/2011 08:04:51
739827,BEST.PIC:THE.FIGHTER,The Fighter to win Best Picture,2,1.4,Feb/11/2011 16:01:23
739827,BEST.PIC:THE.FIGHTER,The Fighter to win Best Picture,3,1.4,Feb/11/2011 16:03:43
739827,BEST.PIC:THE.FIGHTER,The Fighter to win Best Picture,5,1.4,Feb/11/2011 16:05:58
739827,BEST.PIC:THE.FIGHTER,The Fighter to win Best Picture,4,1.3,Feb/11/2011 16:09:05
739827,BEST.PIC:THE.FIGHTER,The Fighter to win Best Picture,1,1.3,Feb/11/2011 16:10:40
739827,BEST.PIC:THE.FIGHTER,The Fighter to win Best Picture,1,1.4,Feb/11/2011 21:35:43
739827,BEST.PIC:THE.FIGHTER,The Fighter to win Best Picture,50,1.5,Feb/11/2011 23:11:55
739827,BEST.PIC:THE.FIGHTER,The Fighter to win Best Picture,4,1.5,Feb/12/2011 03:34:52
739827,BEST.PIC:THE.FIGHTER,The Fighter to win Best Picture,10,1.4,Feb/12/2011 03:34:55
739827,BEST.PIC:THE.FIGHTER,The Fighter to win Best Picture,10,1.4,Feb/12/2011 03:34:58
739827,BEST.PIC:THE.FIGHTER,The Fighter to win Best Picture,2,1.4,Feb/12/2011 03:35:02
739827,BEST.PIC:THE.FIGHTER,The Fighter to win Best Picture,4,1.4,Feb/12/2011 03:35:05
739827,BEST.PIC:THE.FIGHTER,The Fighter to win Best Picture,50,1.4,Feb/12/2011 03:48:05
739827,BEST.PIC:THE.FIGHTER,The Fighter to win Best Picture,5,1.6,Feb/12/2011 06:47:40
739827,BEST.PIC:THE.FIGHTER,The Fighter to win Best Picture,6,1.6,Feb/12/2011 06:48:21
739827,BEST.PIC:THE.FIGHTER,The Fighter to win Best Picture,4,1.5,Feb/12/2011 06:48:24
739827,BEST.PIC:THE.FIGHTER,The Fighter to win Best Picture,5,1.5,Feb/12/2011 06:49:39
739827,BEST.PIC:THE.FIGHTER,The Fighter to win Best Picture,5,1.5,Feb/12/2011 06:50:10
739827,BEST.PIC:THE.FIGHTER,The Fighter to win Best Picture,5,1.5,Feb/12/2011 11:52:04
739827,BEST.PIC:THE.FIGHTER,The Fighter to win Best Picture,3,1.5,Feb/12/2011 14:46:19
739827,BEST.PIC:THE.FIGHTER,The Fighter to win Best Picture,32,1.4,Feb/12/2011 14:46:19
739827,BEST.PIC:THE.FIGHTER,The Fighter to win Best Picture,1,1.4,Feb/12/2011 16:05:58
739827,BEST.PIC:THE.FIGHTER,The Fighter to win Best Picture,10,1.3,Feb/12/2011 16:06:00
739827,BEST.PIC:THE.FIGHTER,The Fighter to win Best Picture,9,1.3,Feb/12/2011 16:06:02
739827,BEST.PIC:THE.FIGHTER,The Fighter to win Best Picture,1,1.3,Feb/12/2011 16:06:04
739827,BEST.PIC:THE.FIGHTER,The Fighter to win Best Picture,10,1.3,Feb/12/2011 16:06:06
739827,BEST.PIC:THE.FIGHTER,The Fighter to win Best Picture,4,1.3,Feb/12/2011 16:06:08
739827,BEST.PIC:THE.FIGHTER,The Fighter to win Best Picture,6,1.3,Feb/12/2011 18:10:15
739827,BEST.PIC:THE.FIGHTER,The Fighter to win Best Picture,4,1.3,Feb/12/2011 18:12:27
739827,BEST.PIC:THE.FIGHTER,The Fighter to win Best Picture,2,1.2,Feb/12/2011 18:37:58
739827,BEST.PIC:THE.FIGHTER,The Fighter to win Best Picture,6,1.2,Feb/12/2011 18:49:37
739827,BEST.PIC:THE.FIGHTER,The Fighter to win Best Picture,10,1.2,Feb/13/2011 08:05:31
739827,BEST.PIC:THE.FIGHTER,The Fighter to win Best Picture,10,1.2,Feb/13/2011 08:36:33
739827,BEST.PIC:THE.FIGHTER,The Fighter to win Best Picture,5,1.2,Feb/13/2011 08:36:35
739827,BEST.PIC:THE.FIGHTER,The Fighter to win Best Picture,15,1.2,Feb/13/2011 16:19:36
739827,BEST.PIC:THE.FIGHTER,The Fighter to win Best Picture,5,1.2,Feb/13/2011 18:10:45
739827,BEST.PIC:THE.FIGHTER,The Fighter to win Best Picture,3,1.2,Feb/13/2011 18:15:03
739827,BEST.PIC:THE.FIGHTER,The Fighter to win Best Picture,5,1.2,Feb/13/2011 19:18:22
739827,BEST.PIC:THE.FIGHTER,The Fighter to win Best Picture,2,1.2,Feb/13/2011 20:44:53
739827,BEST.PIC:THE.FIGHTER,The Fighter to win Best Picture,2,1.2,Feb/13/2011 20:45:03
739827,BEST.PIC:THE.FIGHTER,The Fighter to win Best Picture,5,1.2,Feb/13/2011 21:18:27
739827,BEST.PIC:THE.FIGHTER,The Fighter to win Best Picture,5,1.2,Feb/13/2011 21:49:45
739827,BEST.PIC:THE.FIGHTER,The Fighter to win Best Picture,5,1.2,Feb/13/2011 23:38:36
739827,BEST.PIC:THE.FIGHTER,The Fighter to win Best Picture,2,1.3,Feb/13/2011 23:47:26
739827,BEST.PIC:THE.FIGHTER,The Fighter to win Best Picture,1,1.4,Feb/13/2011 23:47:26
739827,BEST.PIC:THE.FIGHTER,The Fighter to win Best Picture,2,1.3,Feb/13/2011 23:47:26
739827,BEST.PIC:THE.FIGHTER,The Fighter to win Best Picture,2,1.4,Feb/13/2011 23:47:26
739827,BEST.PIC:THE.FIGHTER,The Fighter to win Best Picture,2,1.3,Feb/13/2011 23:47:26
739827,BEST.PIC:THE.FIGHTER,The Fighter to win Best Picture,2,1.3,Feb/14/2011 04:34:48
739827,BEST.PIC:THE.FIGHTER,The Fighter to win Best Picture,2,1.3,Feb/14/2011 05:48:05
739827,BEST.PIC:THE.FIGHTER,The Fighter to win Best Picture,50,1.3,Feb/14/2011 12:21:32
739827,BEST.PIC:THE.FIGHTER,The Fighter to win Best Picture,20,1.3,Feb/14/2011 12:21:55
739827,BEST.PIC:THE.FIGHTER,The Fighter to win Best Picture,2,1.5,Feb/15/2011 01:28:24
739827,BEST.PIC:THE.FIGHTER,The Fighter to win Best Picture,2,1.4,Feb/15/2011 01:28:24
739827,BEST.PIC:THE.FIGHTER,The Fighter to win Best Picture,5,1.6,Feb/15/2011 13:29:30
739827,BEST.PIC:THE.FIGHTER,The Fighter to win Best Picture,26,1.4,Feb/16/2011 00:33:44
739827,BEST.PIC:THE.FIGHTER,The Fighter to win Best Picture,22,1.5,Feb/16/2011 00:33:44
739827,BEST.PIC:THE.FIGHTER,The Fighter to win Best Picture,6,1.6,Feb/16/2011 00:33:44
739827,BEST.PIC:THE.FIGHTER,The Fighter to win Best Picture,46,1.4,Feb/16/2011 00:33:44
739827,BEST.PIC:THE.FIGHTER,The Fighter to win Best Picture,26,1.3,Feb/16/2011 00:57:42
739827,BEST.PIC:THE.FIGHTER,The Fighter to win Best Picture,7,1.4,Feb/16/2011 00:57:42
739827,BEST.PIC:THE.FIGHTER,The Fighter to win Best Picture,32,1.3,Feb/16/2011 00:57:42
739827,BEST.PIC:THE.FIGHTER,The Fighter to win Best Picture,12,1.3,Feb/17/2011 14:20:25
739827,BEST.PIC:THE.FIGHTER,The Fighter to win Best Picture,10,1.2,Feb/18/2011 13:23:22
739827,BEST.PIC:THE.FIGHTER,The Fighter to win Best Picture,10,1.2,Feb/18/2011 13:29:35
739827,BEST.PIC:THE.FIGHTER,The Fighter to win Best Picture,10,1.2,Feb/18/2011 13:30:05
739827,BEST.PIC:THE.FIGHTER,The Fighter to win Best Picture,10,1.2,Feb/18/2011 13:30:46
739827,BEST.PIC:THE.FIGHTER,The Fighter to win Best Picture,5,1.2,Feb/18/2011 13:38:46
739827,BEST.PIC:THE.FIGHTER,The Fighter to win Best Picture,3,1.2,Feb/18/2011 14:19:32
739827,BEST.PIC:THE.FIGHTER,The Fighter to win Best Picture,7,1.2,Feb/18/2011 14:19:34
739827,BEST.PIC:THE.FIGHTER,The Fighter to win Best Picture,3,1.2,Feb/18/2011 14:28:57
739827,BEST.PIC:THE.FIGHTER,The Fighter to win Best Picture,7,1.2,Feb/18/2011 15:39:16
739827,BEST.PIC:THE.FIGHTER,The Fighter to win Best Picture,10,1.2,Feb/18/2011 15:54:05
739827,BEST.PIC:THE.FIGHTER,The Fighter to win Best Picture,5,1.1,Feb/18/2011 15:58:56
739827,BEST.PIC:THE.FIGHTER,The Fighter to win Best Picture,1,1.1,Feb/18/2011 16:42:24
739827,BEST.PIC:THE.FIGHTER,The Fighter to win Best Picture,5,1.1,Feb/18/2011 17:45:31
739827,BEST.PIC:THE.FIGHTER,The Fighter to win Best Picture,9,1.1,Feb/18/2011 17:54:12
739827,BEST.PIC:THE.FIGHTER,The Fighter to win Best Picture,46,1.1,Feb/18/2011 23:34:08
739827,BEST.PIC:THE.FIGHTER,The Fighter to win Best Picture,74,1.0,Feb/18/2011 23:34:08
739827,BEST.PIC:THE.FIGHTER,The Fighter to win Best Picture,5,1.0,Feb/19/2011 19:53:27
739827,BEST.PIC:THE.FIGHTER,The Fighter to win Best Picture,10,1.0,Feb/20/2011 03:55:37
739827,BEST.PIC:THE.FIGHTER,The Fighter to win Best Picture,10,1.0,Feb/20/2011 03:55:39
739827,BEST.PIC:THE.FIGHTER,The Fighter to win Best Picture,10,1.0,Feb/20/2011 03:55:41
739827,BEST.PIC:THE.FIGHTER,The Fighter to win Best Picture,10,1.0,Feb/20/2011 03:55:44
739827,BEST.PIC:THE.FIGHTER,The Fighter to win Best Picture,10,1.0,Feb/20/2011 03:55:46
739827,BEST.PIC:THE.FIGHTER,The Fighter to win Best Picture,10,1.0,Feb/20/2011 03:55:49
739827,BEST.PIC:THE.FIGHTER,The Fighter to win Best Picture,10,1.0,Feb/20/2011 03:55:51
739827,BEST.PIC:THE.FIGHTER,The Fighter to win Best Picture,5,1.0,Feb/20/2011 03:55:52
739827,BEST.PIC:THE.FIGHTER,The Fighter to win Best Picture,16,0.9,Feb/20/2011 06:31:17
739827,BEST.PIC:THE.FIGHTER,The Fighter to win Best Picture,4,1.0,Feb/20/2011 06:31:17
739827,BEST.PIC:THE.FIGHTER,The Fighter to win Best Picture,8,0.9,Feb/20/2011 16:42:23
739827,BEST.PIC:THE.FIGHTER,The Fighter to win Best Picture,5,0.9,Feb/20/2011 16:43:45
739827,BEST.PIC:THE.FIGHTER,The Fighter to win Best Picture,9,0.9,Feb/20/2011 16:45:30
739827,BEST.PIC:THE.FIGHTER,The Fighter to win Best Picture,3,0.9,Feb/20/2011 16:51:44
739827,BEST.PIC:THE.FIGHTER,The Fighter to win Best Picture,5,0.9,Feb/20/2011 16:57:40
739827,BEST.PIC:THE.FIGHTER,The Fighter to win Best Picture,11,0.9,Feb/20/2011 17:08:35
739827,BEST.PIC:THE.FIGHTER,The Fighter to win Best Picture,10,0.9,Feb/20/2011 17:19:45
739827,BEST.PIC:THE.FIGHTER,The Fighter to win Best Picture,7,0.9,Feb/20/2011 17:20:55
739827,BEST.PIC:THE.FIGHTER,The Fighter to win Best Picture,9,0.9,Feb/20/2011 17:41:42
739827,BEST.PIC:THE.FIGHTER,The Fighter to win Best Picture,6,0.9,Feb/20/2011 19:39:56
739827,BEST.PIC:THE.FIGHTER,The Fighter to win Best Picture,4,0.9,Feb/20/2011 20:27:21
739827,BEST.PIC:THE.FIGHTER,The Fighter to win Best Picture,2,0.9,Feb/20/2011 20:33:09
739827,BEST.PIC:THE.FIGHTER,The Fighter to win Best Picture,3,0.9,Feb/20/2011 20:39:32
739827,BEST.PIC:THE.FIGHTER,The Fighter to win Best Picture,9,0.9,Feb/20/2011 22:38:02
739827,BEST.PIC:THE.FIGHTER,The Fighter to win Best Picture,5,0.9,Feb/20/2011 22:39:24
739827,BEST.PIC:THE.FIGHTER,The Fighter to win Best Picture,9,0.9,Feb/20/2011 22:41:53
739827,BEST.PIC:THE.FIGHTER,The Fighter to win Best Picture,9,0.9,Feb/20/2011 22:44:19
739827,BEST.PIC:THE.FIGHTER,The Fighter to win Best Picture,3,1.0,Feb/20/2011 23:03:20
739827,BEST.PIC:THE.FIGHTER,The Fighter to win Best Picture,2,1.0,Feb/20/2011 23:03:20
739827,BEST.PIC:THE.FIGHTER,The Fighter to win Best Picture,1,1.0,Feb/20/2011 23:03:20
739827,BEST.PIC:THE.FIGHTER,The Fighter to win Best Picture,5,1.0,Feb/20/2011 23:03:20
739827,BEST.PIC:THE.FIGHTER,The Fighter to win Best Picture,10,1.0,Feb/20/2011 23:03:20
739827,BEST.PIC:THE.FIGHTER,The Fighter to win Best Picture,5,1.0,Feb/20/2011 23:03:20
739827,BEST.PIC:THE.FIGHTER,The Fighter to win Best Picture,8,1.0,Feb/20/2011 23:05:12
739827,BEST.PIC:THE.FIGHTER,The Fighter to win Best Picture,8,1.0,Feb/20/2011 23:06:58
739827,BEST.PIC:THE.FIGHTER,The Fighter to win Best Picture,8,1.0,Feb/20/2011 23:08:42
739827,BEST.PIC:THE.FIGHTER,The Fighter to win Best Picture,12,1.0,Feb/20/2011 23:10:22
739827,BEST.PIC:THE.FIGHTER,The Fighter to win Best Picture,10,1.1,Feb/21/2011 14:52:34
739827,BEST.PIC:THE.FIGHTER,The Fighter to win Best Picture,4,1.1,Feb/21/2011 14:52:34
739827,BEST.PIC:THE.FIGHTER,The Fighter to win Best Picture,2,1.1,Feb/21/2011 14:52:34
739827,BEST.PIC:THE.FIGHTER,The Fighter to win Best Picture,4,1.1,Feb/21/2011 14:52:34
739827,BEST.PIC:THE.FIGHTER,The Fighter to win Best Picture,5,1.1,Feb/21/2011 14:52:34
739827,BEST.PIC:THE.FIGHTER,The Fighter to win Best Picture,6,1.1,Feb/21/2011 14:52:34
739827,BEST.PIC:THE.FIGHTER,The Fighter to win Best Picture,5,1.1,Feb/21/2011 14:52:34
739827,BEST.PIC:THE.FIGHTER,The Fighter to win Best Picture,2,1.1,Feb/21/2011 14:52:34
739827,BEST.PIC:THE.FIGHTER,The Fighter to win Best Picture,1,1.1,Feb/21/2011 14:52:34
739827,BEST.PIC:THE.FIGHTER,The Fighter to win Best Picture,2,1.1,Feb/21/2011 14:52:34
739827,BEST.PIC:THE.FIGHTER,The Fighter to win Best Picture,5,1.0,Feb/21/2011 17:12:56
739827,BEST.PIC:THE.FIGHTER,The Fighter to win Best Picture,15,1.0,Feb/21/2011 18:44:22
739827,BEST.PIC:THE.FIGHTER,The Fighter to win Best Picture,10,1.0,Feb/21/2011 18:48:07
739827,BEST.PIC:THE.FIGHTER,The Fighter to win Best Picture,4,1.0,Feb/21/2011 18:52:31
739827,BEST.PIC:THE.FIGHTER,The Fighter to win Best Picture,5,1.0,Feb/21/2011 18:54:07
739827,BEST.PIC:THE.FIGHTER,The Fighter to win Best Picture,5,1.0,Feb/21/2011 18:56:09
739827,BEST.PIC:THE.FIGHTER,The Fighter to win Best Picture,10,1.1,Feb/21/2011 18:56:25
739827,BEST.PIC:THE.FIGHTER,The Fighter to win Best Picture,4,1.0,Feb/21/2011 18:56:54
739827,BEST.PIC:THE.FIGHTER,The Fighter to win Best Picture,1,1.0,Feb/21/2011 18:56:57
739827,BEST.PIC:THE.FIGHTER,The Fighter to win Best Picture,10,1.0,Feb/21/2011 19:04:48
739827,BEST.PIC:THE.FIGHTER,The Fighter to win Best Picture,10,1.0,Feb/21/2011 19:04:51
739827,BEST.PIC:THE.FIGHTER,The Fighter to win Best Picture,5,1.0,Feb/21/2011 19:16:56
739827,BEST.PIC:THE.FIGHTER,The Fighter to win Best Picture,2,1.0,Feb/21/2011 19:29:09
739827,BEST.PIC:THE.FIGHTER,The Fighter to win Best Picture,10,1.0,Feb/22/2011 04:35:39
739827,BEST.PIC:THE.FIGHTER,The Fighter to win Best Picture,13,1.0,Feb/22/2011 06:56:55
739827,BEST.PIC:THE.FIGHTER,The Fighter to win Best Picture,4,1.0,Feb/22/2011 13:15:14
739827,BEST.PIC:THE.FIGHTER,The Fighter to win Best Picture,103,1.0,Feb/22/2011 18:29:03
739827,BEST.PIC:THE.FIGHTER,The Fighter to win Best Picture,35,1.0,Feb/22/2011 18:29:03
739827,BEST.PIC:THE.FIGHTER,The Fighter to win Best Picture,8,1.0,Feb/23/2011 06:23:38
739827,BEST.PIC:THE.FIGHTER,The Fighter to win Best Picture,10,1.0,Feb/23/2011 13:26:59
739827,BEST.PIC:THE.FIGHTER,The Fighter to win Best Picture,9,1.0,Feb/23/2011 13:27:01
739827,BEST.PIC:THE.FIGHTER,The Fighter to win Best Picture,32,1.0,Feb/23/2011 13:52:34
739827,BEST.PIC:THE.FIGHTER,The Fighter to win Best Picture,5,1.0,Feb/23/2011 13:54:38
739827,BEST.PIC:THE.FIGHTER,The Fighter to win Best Picture,1,1.1,Feb/23/2011 13:56:13
739827,BEST.PIC:THE.FIGHTER,The Fighter to win Best Picture,4,1.1,Feb/23/2011 14:37:11
739827,BEST.PIC:THE.FIGHTER,The Fighter to win Best Picture,4,1.1,Feb/23/2011 14:37:11
739827,BEST.PIC:THE.FIGHTER,The Fighter to win Best Picture,20,1.0,Feb/23/2011 16:22:25
739827,BEST.PIC:THE.FIGHTER,The Fighter to win Best Picture,1,1.0,Feb/23/2011 22:31:22
739827,BEST.PIC:THE.FIGHTER,The Fighter to win Best Picture,8,1.0,Feb/23/2011 22:38:41
739827,BEST.PIC:THE.FIGHTER,The Fighter to win Best Picture,1,1.0,Feb/23/2011 22:59:35
739827,BEST.PIC:THE.FIGHTER,The Fighter to win Best Picture,3,1.0,Feb/24/2011 01:34:46
739827,BEST.PIC:THE.FIGHTER,The Fighter to win Best Picture,7,1.0,Feb/24/2011 01:34:46
739827,BEST.PIC:THE.FIGHTER,The Fighter to win Best Picture,35,0.9,Feb/24/2011 03:56:05
739827,BEST.PIC:THE.FIGHTER,The Fighter to win Best Picture,5,1.0,Feb/24/2011 04:00:38
739827,BEST.PIC:THE.FIGHTER,The Fighter to win Best Picture,4,0.9,Feb/24/2011 13:23:58
739827,BEST.PIC:THE.FIGHTER,The Fighter to win Best Picture,8,1.0,Feb/24/2011 15:21:25
739827,BEST.PIC:THE.FIGHTER,The Fighter to win Best Picture,9,1.0,Feb/24/2011 15:23:47
739827,BEST.PIC:THE.FIGHTER,The Fighter to win Best Picture,3,1.0,Feb/24/2011 15:32:03
739827,BEST.PIC:THE.FIGHTER,The Fighter to win Best Picture,2,1.0,Feb/24/2011 15:50:09
739827,BEST.PIC:THE.FIGHTER,The Fighter to win Best Picture,1,1.1,Feb/24/2011 22:57:15
739827,BEST.PIC:THE.FIGHTER,The Fighter to win Best Picture,2,1.4,Feb/24/2011 22:57:15
739827,BEST.PIC:THE.FIGHTER,The Fighter to win Best Picture,1,1.5,Feb/24/2011 22:57:15
739827,BEST.PIC:THE.FIGHTER,The Fighter to win Best Picture,1,1.4,Feb/24/2011 22:57:15
739827,BEST.PIC:THE.FIGHTER,The Fighter to win Best Picture,2,1.3,Feb/24/2011 22:57:15
739827,BEST.PIC:THE.FIGHTER,The Fighter to win Best Picture,2,1.4,Feb/24/2011 22:57:15
739827,BEST.PIC:THE.FIGHTER,The Fighter to win Best Picture,6,1.2,Feb/24/2011 22:57:15
739827,BEST.PIC:THE.FIGHTER,The Fighter to win Best Picture,10,1.1,Feb/24/2011 22:57:15
739827,BEST.PIC:THE.FIGHTER,The Fighter to win Best Picture,1,1.1,Feb/24/2011 22:57:15
739827,BEST.PIC:THE.FIGHTER,The Fighter to win Best Picture,5,1.4,Feb/24/2011 22:57:15
739827,BEST.PIC:THE.FIGHTER,The Fighter to win Best Picture,248,1.5,Feb/24/2011 22:57:15
739827,BEST.PIC:THE.FIGHTER,The Fighter to win Best Picture,10,1.5,Feb/24/2011 22:57:15
739827,BEST.PIC:THE.FIGHTER,The Fighter to win Best Picture,100,1.4,Feb/24/2011 22:57:15
739827,BEST.PIC:THE.FIGHTER,The Fighter to win Best Picture,2,1.1,Feb/24/2011 22:57:15
739827,BEST.PIC:THE.FIGHTER,The Fighter to win Best Picture,1,1.4,Feb/24/2011 22:57:15
739827,BEST.PIC:THE.FIGHTER,The Fighter to win Best Picture,1,1.5,Feb/24/2011 22:57:15
739827,BEST.PIC:THE.FIGHTER,The Fighter to win Best Picture,5,1.2,Feb/24/2011 22:57:15
739827,BEST.PIC:THE.FIGHTER,The Fighter to win Best Picture,5,1.3,Feb/24/2011 22:57:15
739827,BEST.PIC:THE.FIGHTER,The Fighter to win Best Picture,5,1.2,Feb/24/2011 22:57:15
739827,BEST.PIC:THE.FIGHTER,The Fighter to win Best Picture,4,1.2,Feb/24/2011 22:57:15
739827,BEST.PIC:THE.FIGHTER,The Fighter to win Best Picture,5,1.2,Feb/24/2011 22:57:15
739827,BEST.PIC:THE.FIGHTER,The Fighter to win Best Picture,10,1.5,Feb/24/2011 22:57:15
739827,BEST.PIC:THE.FIGHTER,The Fighter to win Best Picture,4,1.2,Feb/24/2011 22:57:15
739827,BEST.PIC:THE.FIGHTER,The Fighter to win Best Picture,2,1.3,Feb/24/2011 22:57:15
739827,BEST.PIC:THE.FIGHTER,The Fighter to win Best Picture,1,1.5,Feb/24/2011 22:57:15
739827,BEST.PIC:THE.FIGHTER,The Fighter to win Best Picture,1,1.5,Feb/24/2011 22:57:20
739827,BEST.PIC:THE.FIGHTER,The Fighter to win Best Picture,10,1.5,Feb/24/2011 22:57:22
739827,BEST.PIC:THE.FIGHTER,The Fighter to win Best Picture,4,1.5,Feb/24/2011 22:57:24
739827,BEST.PIC:THE.FIGHTER,The Fighter to win Best Picture,51,1.5,Feb/24/2011 22:57:51
739827,BEST.PIC:THE.FIGHTER,The Fighter to win Best Picture,1,1.5,Feb/24/2011 23:30:43
739827,BEST.PIC:THE.FIGHTER,The Fighter to win Best Picture,9,1.0,Feb/25/2011 00:34:25
739827,BEST.PIC:THE.FIGHTER,The Fighter to win Best Picture,5,1.0,Feb/25/2011 00:36:20
739827,BEST.PIC:THE.FIGHTER,The Fighter to win Best Picture,20,1.0,Feb/25/2011 00:37:58
739827,BEST.PIC:THE.FIGHTER,The Fighter to win Best Picture,9,1.0,Feb/25/2011 00:39:32
739827,BEST.PIC:THE.FIGHTER,The Fighter to win Best Picture,9,1.0,Feb/25/2011 00:57:33
739827,BEST.PIC:THE.FIGHTER,The Fighter to win Best Picture,10,1.0,Feb/25/2011 00:59:31
739827,BEST.PIC:THE.FIGHTER,The Fighter to win Best Picture,20,1.0,Feb/25/2011 01:01:42
739827,BEST.PIC:THE.FIGHTER,The Fighter to win Best Picture,18,1.0,Feb/25/2011 01:03:16
739827,BEST.PIC:THE.FIGHTER,The Fighter to win Best Picture,1,1.1,Feb/25/2011 01:25:57
739827,BEST.PIC:THE.FIGHTER,The Fighter to win Best Picture,20,0.9,Feb/25/2011 02:34:15
739827,BEST.PIC:THE.FIGHTER,The Fighter to win Best Picture,10,0.9,Feb/25/2011 02:54:15
739827,BEST.PIC:THE.FIGHTER,The Fighter to win Best Picture,1,0.9,Feb/25/2011 03:04:28
739827,BEST.PIC:THE.FIGHTER,The Fighter to win Best Picture,19,0.7,Feb/25/2011 03:04:28
739827,BEST.PIC:THE.FIGHTER,The Fighter to win Best Picture,20,0.7,Feb/25/2011 03:07:21
739827,BEST.PIC:THE.FIGHTER,The Fighter to win Best Picture,1,0.9,Feb/25/2011 06:31:07
739827,BEST.PIC:THE.FIGHTER,The Fighter to win Best Picture,1,0.9,Feb/25/2011 06:38:50
739827,BEST.PIC:THE.FIGHTER,The Fighter to win Best Picture,1,0.9,Feb/25/2011 06:38:55
739827,BEST.PIC:THE.FIGHTER,The Fighter to win Best Picture,1,0.9,Feb/25/2011 06:39:00
739827,BEST.PIC:THE.FIGHTER,The Fighter to win Best Picture,1,1.0,Feb/25/2011 16:11:14
739827,BEST.PIC:THE.FIGHTER,The Fighter to win Best Picture,10,1.0,Feb/25/2011 16:51:59
739827,BEST.PIC:THE.FIGHTER,The Fighter to win Best Picture,10,1.0,Feb/25/2011 16:52:00
739827,BEST.PIC:THE.FIGHTER,The Fighter to win Best Picture,10,1.0,Feb/25/2011 16:52:01
739827,BEST.PIC:THE.FIGHTER,The Fighter to win Best Picture,5,1.0,Feb/25/2011 16:52:02
739827,BEST.PIC:THE.FIGHTER,The Fighter to win Best Picture,10,1.0,Feb/25/2011 16:52:05
739827,BEST.PIC:THE.FIGHTER,The Fighter to win Best Picture,7,1.0,Feb/25/2011 17:40:11
739827,BEST.PIC:THE.FIGHTER,The Fighter to win Best Picture,10,0.9,Feb/25/2011 17:40:12
739827,BEST.PIC:THE.FIGHTER,The Fighter to win Best Picture,1,0.9,Feb/25/2011 17:40:13
739827,BEST.PIC:THE.FIGHTER,The Fighter to win Best Picture,7,0.9,Feb/25/2011 17:40:14
739827,BEST.PIC:THE.FIGHTER,The Fighter to win Best Picture,8,0.9,Feb/25/2011 17:40:19
739827,BEST.PIC:THE.FIGHTER,The Fighter to win Best Picture,2,0.9,Feb/25/2011 17:40:19
739827,BEST.PIC:THE.FIGHTER,The Fighter to win Best Picture,10,0.9,Feb/25/2011 20:57:10
739827,BEST.PIC:THE.FIGHTER,The Fighter to win Best Picture,10,0.9,Feb/25/2011 20:57:13
739827,BEST.PIC:THE.FIGHTER,The Fighter to win Best Picture,10,0.9,Feb/25/2011 20:57:13
739827,BEST.PIC:THE.FIGHTER,The Fighter to win Best Picture,10,0.9,Feb/25/2011 20:57:15
739827,BEST.PIC:THE.FIGHTER,The Fighter to win Best Picture,5,0.9,Feb/25/2011 20:57:15
739827,BEST.PIC:THE.FIGHTER,The Fighter to win Best Picture,5,0.9,Feb/25/2011 20:57:16
739827,BEST.PIC:THE.FIGHTER,The Fighter to win Best Picture,10,0.9,Feb/25/2011 20:57:18
739827,BEST.PIC:THE.FIGHTER,The Fighter to win Best Picture,10,0.9,Feb/25/2011 20:57:19
739827,BEST.PIC:THE.FIGHTER,The Fighter to win Best Picture,5,0.9,Feb/25/2011 20:57:21
739827,BEST.PIC:THE.FIGHTER,The Fighter to win Best Picture,7,0.9,Feb/25/2011 20:57:21
739827,BEST.PIC:THE.FIGHTER,The Fighter to win Best Picture,10,0.9,Feb/25/2011 20:57:22
739827,BEST.PIC:THE.FIGHTER,The Fighter to win Best Picture,10,0.9,Feb/25/2011 20:57:23
739827,BEST.PIC:THE.FIGHTER,The Fighter to win Best Picture,10,0.9,Feb/25/2011 20:57:24
739827,BEST.PIC:THE.FIGHTER,The Fighter to win Best Picture,10,0.9,Feb/25/2011 20:57:26
739827,BEST.PIC:THE.FIGHTER,The Fighter to win Best Picture,10,0.9,Feb/25/2011 20:57:26
739827,BEST.PIC:THE.FIGHTER,The Fighter to win Best Picture,10,0.9,Feb/25/2011 20:57:27
739827,BEST.PIC:THE.FIGHTER,The Fighter to win Best Picture,10,0.9,Feb/25/2011 20:57:28
739827,BEST.PIC:THE.FIGHTER,The Fighter to win Best Picture,10,0.9,Feb/25/2011 20:57:30
739827,BEST.PIC:THE.FIGHTER,The Fighter to win Best Picture,10,0.9,Feb/25/2011 20:57:31
739827,BEST.PIC:THE.FIGHTER,The Fighter to win Best Picture,10,0.9,Feb/25/2011 20:57:31
739827,BEST.PIC:THE.FIGHTER,The Fighter to win Best Picture,10,0.9,Feb/25/2011 20:57:32
739827,BEST.PIC:THE.FIGHTER,The Fighter to win Best Picture,6,0.9,Feb/25/2011 20:57:33
739827,BEST.PIC:THE.FIGHTER,The Fighter to win Best Picture,2,0.8,Feb/25/2011 20:57:34
739827,BEST.PIC:THE.FIGHTER,The Fighter to win Best Picture,10,0.8,Feb/25/2011 21:00:52
739827,BEST.PIC:THE.FIGHTER,The Fighter to win Best Picture,10,0.8,Feb/25/2011 21:00:53
739827,BEST.PIC:THE.FIGHTER,The Fighter to win Best Picture,10,0.8,Feb/25/2011 21:00:55
739827,BEST.PIC:THE.FIGHTER,The Fighter to win Best Picture,5,0.8,Feb/25/2011 21:00:58
739827,BEST.PIC:THE.FIGHTER,The Fighter to win Best Picture,5,0.8,Feb/25/2011 21:01:06
739827,BEST.PIC:THE.FIGHTER,The Fighter to win Best Picture,5,0.8,Feb/25/2011 21:01:58
739827,BEST.PIC:THE.FIGHTER,The Fighter to win Best Picture,17,0.9,Feb/25/2011 21:09:37
739827,BEST.PIC:THE.FIGHTER,The Fighter to win Best Picture,7,0.8,Feb/25/2011 22:16:43
739827,BEST.PIC:THE.FIGHTER,The Fighter to win Best Picture,3,0.8,Feb/25/2011 22:16:43
739827,BEST.PIC:THE.FIGHTER,The Fighter to win Best Picture,20,1.0,Feb/26/2011 02:37:36
739827,BEST.PIC:THE.FIGHTER,The Fighter to win Best Picture,20,0.9,Feb/26/2011 14:49:45
739827,BEST.PIC:THE.FIGHTER,The Fighter to win Best Picture,10,1.0,Feb/26/2011 15:56:11
739827,BEST.PIC:THE.FIGHTER,The Fighter to win Best Picture,20,1.0,Feb/26/2011 16:18:43
739827,BEST.PIC:THE.FIGHTER,The Fighter to win Best Picture,5,1.1,Feb/26/2011 16:58:44
739827,BEST.PIC:THE.FIGHTER,The Fighter to win Best Picture,1,1.2,Feb/26/2011 16:58:44
739827,BEST.PIC:THE.FIGHTER,The Fighter to win Best Picture,10,1.1,Feb/26/2011 16:58:44
739827,BEST.PIC:THE.FIGHTER,The Fighter to win Best Picture,5,1.1,Feb/26/2011 16:58:44
739827,BEST.PIC:THE.FIGHTER,The Fighter to win Best Picture,5,1.2,Feb/26/2011 16:58:44
739827,BEST.PIC:THE.FIGHTER,The Fighter to win Best Picture,4,1.2,Feb/26/2011 16:58:44
739827,BEST.PIC:THE.FIGHTER,The Fighter to win Best Picture,4,1.1,Feb/26/2011 16:58:44
739827,BEST.PIC:THE.FIGHTER,The Fighter to win Best Picture,10,1.0,Feb/26/2011 17:28:57
739827,BEST.PIC:THE.FIGHTER,The Fighter to win Best Picture,3,1.2,Feb/26/2011 21:27:20
739827,BEST.PIC:THE.FIGHTER,The Fighter to win Best Picture,1,1.1,Feb/26/2011 22:25:13
739827,BEST.PIC:THE.FIGHTER,The Fighter to win Best Picture,1,1.1,Feb/26/2011 22:25:13
739827,BEST.PIC:THE.FIGHTER,The Fighter to win Best Picture,10,1.2,Feb/26/2011 22:50:08
739827,BEST.PIC:THE.FIGHTER,The Fighter to win Best Picture,13,1.2,Feb/27/2011 00:55:08
739827,BEST.PIC:THE.FIGHTER,The Fighter to win Best Picture,5,1.3,Feb/27/2011 00:56:13
739827,BEST.PIC:THE.FIGHTER,The Fighter to win Best Picture,1,1.2,Feb/27/2011 04:02:20
739827,BEST.PIC:THE.FIGHTER,The Fighter to win Best Picture,1,1.2,Feb/27/2011 04:02:22
739827,BEST.PIC:THE.FIGHTER,The Fighter to win Best Picture,25,1.3,Feb/27/2011 06:07:03
739827,BEST.PIC:THE.FIGHTER,The Fighter to win Best Picture,5,1.3,Feb/27/2011 06:07:03
739827,BEST.PIC:THE.FIGHTER,The Fighter to win Best Picture,20,1.3,Feb/27/2011 06:07:03
739827,BEST.PIC:THE.FIGHTER,The Fighter to win Best Picture,25,1.4,Feb/27/2011 06:07:08
739827,BEST.PIC:THE.FIGHTER,The Fighter to win Best Picture,30,1.4,Feb/27/2011 06:07:08
739827,BEST.PIC:THE.FIGHTER,The Fighter to win Best Picture,5,1.4,Feb/27/2011 06:07:08
739827,BEST.PIC:THE.FIGHTER,The Fighter to win Best Picture,1,1.4,Feb/27/2011 06:07:08
739827,BEST.PIC:THE.FIGHTER,The Fighter to win Best Picture,80,1.5,Feb/27/2011 06:07:16
739827,BEST.PIC:THE.FIGHTER,The Fighter to win Best Picture,10,1.5,Feb/27/2011 06:07:26
739827,BEST.PIC:THE.FIGHTER,The Fighter to win Best Picture,20,1.5,Feb/27/2011 06:07:26
739827,BEST.PIC:THE.FIGHTER,The Fighter to win Best Picture,20,1.5,Feb/27/2011 06:07:33
739827,BEST.PIC:THE.FIGHTER,The Fighter to win Best Picture,20,1.5,Feb/27/2011 06:07:40
739827,BEST.PIC:THE.FIGHTER,The Fighter to win Best Picture,15,1.5,Feb/27/2011 06:07:49
739827,BEST.PIC:THE.FIGHTER,The Fighter to win Best Picture,1,1.1,Feb/27/2011 06:08:21
739827,BEST.PIC:THE.FIGHTER,The Fighter to win Best Picture,1,1.5,Feb/27/2011 06:12:25
739827,BEST.PIC:THE.FIGHTER,The Fighter to win Best Picture,1,1.5,Feb/27/2011 06:12:30
739827,BEST.PIC:THE.FIGHTER,The Fighter to win Best Picture,1,1.5,Feb/27/2011 06:12:42
739827,BEST.PIC:THE.FIGHTER,The Fighter to win Best Picture,1,1.1,Feb/27/2011 06:12:48
739827,BEST.PIC:THE.FIGHTER,The Fighter to win Best Picture,5,1.2,Feb/27/2011 15:07:17
739827,BEST.PIC:THE.FIGHTER,The Fighter to win Best Picture,5,1.2,Feb/27/2011 15:07:20
739827,BEST.PIC:THE.FIGHTER,The Fighter to win Best Picture,5,1.2,Feb/27/2011 15:34:33
739827,BEST.PIC:THE.FIGHTER,The Fighter to win Best Picture,10,1.3,Feb/27/2011 16:59:14
739827,BEST.PIC:THE.FIGHTER,The Fighter to win Best Picture,46,1.3,Feb/27/2011 17:33:42
739827,BEST.PIC:THE.FIGHTER,The Fighter to win Best Picture,1,1.3,Feb/27/2011 18:43:42
739827,BEST.PIC:THE.FIGHTER,The Fighter to win Best Picture,1,1.3,Feb/27/2011 18:43:42
739827,BEST.PIC:THE.FIGHTER,The Fighter to win Best Picture,4,1.2,Feb/27/2011 19:40:06
739827,BEST.PIC:THE.FIGHTER,The Fighter to win Best Picture,4,1.2,Feb/27/2011 19:40:09
739827,BEST.PIC:THE.FIGHTER,The Fighter to win Best Picture,1,1.2,Feb/27/2011 19:43:49
739827,BEST.PIC:THE.FIGHTER,The Fighter to win Best Picture,3,1.2,Feb/27/2011 19:44:57
739827,BEST.PIC:THE.FIGHTER,The Fighter to win Best Picture,1,1.2,Feb/27/2011 20:03:54
739827,BEST.PIC:THE.FIGHTER,The Fighter to win Best Picture,1,1.2,Feb/27/2011 20:05:09
739827,BEST.PIC:THE.FIGHTER,The Fighter to win Best Picture,1,1.2,Feb/27/2011 20:05:12
739827,BEST.PIC:THE.FIGHTER,The Fighter to win Best Picture,2,1.2,Feb/27/2011 20:55:17
739827,BEST.PIC:THE.FIGHTER,The Fighter to win Best Picture,2,1.2,Feb/27/2011 20:55:21
739827,BEST.PIC:THE.FIGHTER,The Fighter to win Best Picture,1,1.2,Feb/27/2011 20:56:20
739827,BEST.PIC:THE.FIGHTER,The Fighter to win Best Picture,1,1.2,Feb/27/2011 20:56:36
739827,BEST.PIC:THE.FIGHTER,The Fighter to win Best Picture,1,1.2,Feb/27/2011 20:56:38
739827,BEST.PIC:THE.FIGHTER,The Fighter to win Best Picture,49,1.2,Feb/27/2011 21:20:53
739827,BEST.PIC:THE.FIGHTER,The Fighter to win Best Picture,20,1.3,Feb/27/2011 21:28:11
739827,BEST.PIC:THE.FIGHTER,The Fighter to win Best Picture,2,1.2,Feb/27/2011 21:41:07
739827,BEST.PIC:THE.FIGHTER,The Fighter to win Best Picture,2,1.2,Feb/27/2011 21:41:10
739827,BEST.PIC:THE.FIGHTER,The Fighter to win Best Picture,1,1.2,Feb/27/2011 21:44:13
739827,BEST.PIC:THE.FIGHTER,The Fighter to win Best Picture,1,1.2,Feb/27/2011 21:44:17
739827,BEST.PIC:THE.FIGHTER,The Fighter to win Best Picture,20,1.2,Feb/27/2011 21:50:53
739827,BEST.PIC:THE.FIGHTER,The Fighter to win Best Picture,10,1.2,Feb/27/2011 22:59:52
739827,BEST.PIC:THE.FIGHTER,The Fighter to win Best Picture,4,1.2,Feb/27/2011 22:59:53
739827,BEST.PIC:THE.FIGHTER,The Fighter to win Best Picture,10,1.2,Feb/27/2011 22:59:54
739827,BEST.PIC:THE.FIGHTER,The Fighter to win Best Picture,5,1.2,Feb/27/2011 23:01:21
739827,BEST.PIC:THE.FIGHTER,The Fighter to win Best Picture,10,1.2,Feb/27/2011 23:01:22
739827,BEST.PIC:THE.FIGHTER,The Fighter to win Best Picture,10,1.2,Feb/27/2011 23:01:44
739827,BEST.PIC:THE.FIGHTER,The Fighter to win Best Picture,4,1.2,Feb/27/2011 23:02:21
739827,BEST.PIC:THE.FIGHTER,The Fighter to win Best Picture,5,1.2,Feb/27/2011 23:02:22
739827,BEST.PIC:THE.FIGHTER,The Fighter to win Best Picture,10,1.2,Feb/27/2011 23:02:22
739827,BEST.PIC:THE.FIGHTER,The Fighter to win Best Picture,4,1.2,Feb/27/2011 23:02:23
739827,BEST.PIC:THE.FIGHTER,The Fighter to win Best Picture,7,1.2,Feb/27/2011 23:02:24
739827,BEST.PIC:THE.FIGHTER,The Fighter to win Best Picture,4,1.2,Feb/27/2011 23:02:26
739827,BEST.PIC:THE.FIGHTER,The Fighter to win Best Picture,3,1.2,Feb/27/2011 23:02:26
739827,BEST.PIC:THE.FIGHTER,The Fighter to win Best Picture,1,0.6,Feb/27/2011 23:16:06
739827,BEST.PIC:THE.FIGHTER,The Fighter to win Best Picture,100,1.2,Feb/27/2011 23:33:49
739827,BEST.PIC:THE.FIGHTER,The Fighter to win Best Picture,29,1.3,Feb/27/2011 23:33:55
739827,BEST.PIC:THE.FIGHTER,The Fighter to win Best Picture,50,1.3,Feb/27/2011 23:33:55
739827,BEST.PIC:THE.FIGHTER,The Fighter to win Best Picture,20,1.4,Feb/27/2011 23:34:09
739827,BEST.PIC:THE.FIGHTER,The Fighter to win Best Picture,10,1.4,Feb/27/2011 23:34:14
739827,BEST.PIC:THE.FIGHTER,The Fighter to win Best Picture,5,1.4,Feb/27/2011 23:34:21
739827,BEST.PIC:THE.FIGHTER,The Fighter to win Best Picture,1,1.4,Feb/27/2011 23:34:25
739827,BEST.PIC:THE.FIGHTER,The Fighter to win Best Picture,1,1.4,Feb/27/2011 23:34:29
739827,BEST.PIC:THE.FIGHTER,The Fighter to win Best Picture,1,1.4,Feb/27/2011 23:34:33
739827,BEST.PIC:THE.FIGHTER,The Fighter to win Best Picture,1,1.4,Feb/27/2011 23:34:37
739827,BEST.PIC:THE.FIGHTER,The Fighter to win Best Picture,1,1.4,Feb/27/2011 23:34:46
739827,BEST.PIC:THE.FIGHTER,The Fighter to win Best Picture,1,0.7,Feb/27/2011 23:35:07
739827,BEST.PIC:THE.FIGHTER,The Fighter to win Best Picture,2,0.8,Feb/28/2011 00:04:19
739827,BEST.PIC:THE.FIGHTER,The Fighter to win Best Picture,5,0.8,Feb/28/2011 00:18:47
739827,BEST.PIC:THE.FIGHTER,The Fighter to win Best Picture,10,0.8,Feb/28/2011 00:18:47
739827,BEST.PIC:THE.FIGHTER,The Fighter to win Best Picture,3,0.8,Feb/28/2011 00:18:49
739827,BEST.PIC:THE.FIGHTER,The Fighter to win Best Picture,10,0.8,Feb/28/2011 00:18:52
739827,BEST.PIC:THE.FIGHTER,The Fighter to win Best Picture,1,0.8,Feb/28/2011 00:19:04
739827,BEST.PIC:THE.FIGHTER,The Fighter to win Best Picture,1,0.9,Feb/28/2011 00:35:35
739827,BEST.PIC:THE.FIGHTER,The Fighter to win Best Picture,10,0.8,Feb/28/2011 00:50:59
739827,BEST.PIC:THE.FIGHTER,The Fighter to win Best Picture,5,0.8,Feb/28/2011 00:50:59
739827,BEST.PIC:THE.FIGHTER,The Fighter to win Best Picture,4,0.8,Feb/28/2011 00:51:00
739827,BEST.PIC:THE.FIGHTER,The Fighter to win Best Picture,6,0.8,Feb/28/2011 00:58:46
739827,BEST.PIC:THE.FIGHTER,The Fighter to win Best Picture,10,0.8,Feb/28/2011 01:13:02
739827,BEST.PIC:THE.FIGHTER,The Fighter to win Best Picture,10,0.8,Feb/28/2011 01:13:07
739827,BEST.PIC:THE.FIGHTER,The Fighter to win Best Picture,8,0.8,Feb/28/2011 01:44:10
739827,BEST.PIC:THE.FIGHTER,The Fighter to win Best Picture,9,1.2,Feb/28/2011 02:06:53
739827,BEST.PIC:THE.FIGHTER,The Fighter to win Best Picture,6,1.5,Feb/28/2011 02:09:05
739827,BEST.PIC:THE.FIGHTER,The Fighter to win Best Picture,1,1.3,Feb/28/2011 02:09:05
739827,BEST.PIC:THE.FIGHTER,The Fighter to win Best Picture,1,1.1,Feb/28/2011 02:38:58
739827,BEST.PIC:THE.FIGHTER,The Fighter to win Best Picture,2,1.1,Feb/28/2011 02:41:48
739827,BEST.PIC:THE.FIGHTER,The Fighter to win Best Picture,1,1.1,Feb/28/2011 02:48:42
739827,BEST.PIC:THE.FIGHTER,The Fighter to win Best Picture,2,1.1,Feb/28/2011 02:53:52
739827,BEST.PIC:THE.FIGHTER,The Fighter to win Best Picture,1,1.2,Feb/28/2011 03:26:37
739827,BEST.PIC:THE.FIGHTER,The Fighter to win Best Picture,8,1.2,Feb/28/2011 03:28:34
739827,BEST.PIC:THE.FIGHTER,The Fighter to win Best Picture,17,1.2,Feb/28/2011 03:32:04
739827,BEST.PIC:THE.FIGHTER,The Fighter to win Best Picture,40,1.2,Feb/28/2011 03:42:23
739827,BEST.PIC:THE.FIGHTER,The Fighter to win Best Picture,4,1.1,Feb/28/2011 04:07:18
739827,BEST.PIC:THE.FIGHTER,The Fighter to win Best Picture,200,1.0,Feb/28/2011 04:14:16
739827,BEST.PIC:THE.FIGHTER,The Fighter to win Best Picture,170,1.1,Feb/28/2011 04:14:16
