market id,market symbol,market name,trade quantity,trade price,date/time [utc]
739829,BEST.PIC:INCEPTION,Inception to win Best Picture,10,10.0,Nov/04/2010 20:17:24
739829,BEST.PIC:INCEPTION,Inception to win Best Picture,1,19.0,Nov/05/2010 01:18:40
739829,BEST.PIC:INCEPTION,Inception to win Best Picture,1,10.0,Nov/12/2010 06:22:26
739829,BEST.PIC:INCEPTION,Inception to win Best Picture,3,10.0,Nov/13/2010 04:55:21
739829,BEST.PIC:INCEPTION,Inception to win Best Picture,1,9.9,Nov/24/2010 04:46:23
739829,BEST.PIC:INCEPTION,Inception to win Best Picture,1,5.6,Jan/01/2011 12:32:29
739829,BEST.PIC:INCEPTION,Inception to win Best Picture,1,5.5,Jan/01/2011 12:32:39
739829,BEST.PIC:INCEPTION,Inception to win Best Picture,1,3.0,Jan/01/2011 12:34:00
739829,BEST.PIC:INCEPTION,Inception to win Best Picture,6,3.0,Jan/01/2011 14:24:20
739829,BEST.PIC:INCEPTION,Inception to win Best Picture,1,3.0,Jan/01/2011 14:24:30
739829,BEST.PIC:INCEPTION,Inception to win Best Picture,42,3.0,Jan/01/2011 18:40:12
739829,BEST.PIC:INCEPTION,Inception to win Best Picture,5,7.0,Jan/01/2011 19:24:01
739829,BEST.PIC:INCEPTION,Inception to win Best Picture,2,2.5,Jan/02/2011 20:14:44
739829,BEST.PIC:INCEPTION,Inception to win Best Picture,1,2.6,Jan/03/2011 02:04:25
739829,BEST.PIC:INCEPTION,Inception to win Best Picture,1,2.7,Jan/03/2011 03:45:40
739829,BEST.PIC:INCEPTION,Inception to win Best Picture,3,2.7,Jan/03/2011 03:55:09
739829,BEST.PIC:INCEPTION,Inception to win Best Picture,1,2.7,Jan/03/2011 19:21:41
739829,BEST.PIC:INCEPTION,Inception to win Best Picture,9,2.6,Jan/03/2011 19:21:55
739829,BEST.PIC:INCEPTION,Inception to win Best Picture,10,3.9,Jan/04/2011 00:15:24
739829,BEST.PIC:INCEPTION,Inception to win Best Picture,30,4.0,Jan/04/2011 00:16:24
739829,BEST.PIC:INCEPTION,Inception to win Best Picture,4,3.5,Jan/04/2011 00:45:05
739829,BEST.PIC:INCEPTION,Inception to win Best Picture,10,4.4,Jan/05/2011 01:31:04
739829,BEST.PIC:INCEPTION,Inception to win Best Picture,1,3.7,Jan/05/2011 14:13:50
739829,BEST.PIC:INCEPTION,Inception to win Best Picture,10,3.9,Jan/06/2011 01:50:13
739829,BEST.PIC:INCEPTION,Inception to win Best Picture,1,3.7,Jan/06/2011 02:15:06
739829,BEST.PIC:INCEPTION,Inception to win Best Picture,5,2.2,Jan/06/2011 14:54:26
739829,BEST.PIC:INCEPTION,Inception to win Best Picture,25,2.2,Jan/06/2011 15:01:43
739829,BEST.PIC:INCEPTION,Inception to win Best Picture,13,2.2,Jan/06/2011 15:07:48
739829,BEST.PIC:INCEPTION,Inception to win Best Picture,5,2.1,Jan/06/2011 16:43:03
739829,BEST.PIC:INCEPTION,Inception to win Best Picture,5,2.1,Jan/06/2011 16:44:14
739829,BEST.PIC:INCEPTION,Inception to win Best Picture,1,2.1,Jan/06/2011 16:46:02
739829,BEST.PIC:INCEPTION,Inception to win Best Picture,2,2.1,Jan/06/2011 16:58:49
739829,BEST.PIC:INCEPTION,Inception to win Best Picture,5,2.1,Jan/06/2011 19:02:57
739829,BEST.PIC:INCEPTION,Inception to win Best Picture,5,2.1,Jan/06/2011 19:03:04
739829,BEST.PIC:INCEPTION,Inception to win Best Picture,5,2.1,Jan/06/2011 19:03:59
739829,BEST.PIC:INCEPTION,Inception to win Best Picture,5,2.1,Jan/06/2011 19:04:04
739829,BEST.PIC:INCEPTION,Inception to win Best Picture,5,2.1,Jan/06/2011 19:04:24
739829,BEST.PIC:INCEPTION,Inception to win Best Picture,5,2.1,Jan/06/2011 19:04:29
739829,BEST.PIC:INCEPTION,Inception to win Best Picture,5,2.1,Jan/06/2011 19:04:34
739829,BEST.PIC:INCEPTION,Inception to win Best Picture,5,2.1,Jan/06/2011 19:04:39
739829,BEST.PIC:INCEPTION,Inception to win Best Picture,9,2.1,Jan/06/2011 19:09:35
739829,BEST.PIC:INCEPTION,Inception to win Best Picture,2,2.1,Jan/07/2011 15:02:41
739829,BEST.PIC:INCEPTION,Inception to win Best Picture,3,2.1,Jan/07/2011 17:44:04
739829,BEST.PIC:INCEPTION,Inception to win Best Picture,56,2.1,Jan/07/2011 20:59:14
739829,BEST.PIC:INCEPTION,Inception to win Best Picture,39,2.1,Jan/07/2011 21:01:18
739829,BEST.PIC:INCEPTION,Inception to win Best Picture,5,2.0,Jan/07/2011 21:41:40
739829,BEST.PIC:INCEPTION,Inception to win Best Picture,9,2.0,Jan/07/2011 21:41:45
739829,BEST.PIC:INCEPTION,Inception to win Best Picture,3,2.0,Jan/08/2011 08:13:26
739829,BEST.PIC:INCEPTION,Inception to win Best Picture,3,2.0,Jan/08/2011 08:13:31
739829,BEST.PIC:INCEPTION,Inception to win Best Picture,1,2.0,Jan/08/2011 08:13:37
739829,BEST.PIC:INCEPTION,Inception to win Best Picture,1,2.0,Jan/08/2011 08:15:00
739829,BEST.PIC:INCEPTION,Inception to win Best Picture,2,2.0,Jan/08/2011 08:15:11
739829,BEST.PIC:INCEPTION,Inception to win Best Picture,26,2.0,Jan/08/2011 08:49:52
739829,BEST.PIC:INCEPTION,Inception to win Best Picture,2,2.0,Jan/12/2011 22:33:30
739829,BEST.PIC:INCEPTION,Inception to win Best Picture,4,2.0,Jan/12/2011 22:33:35
739829,BEST.PIC:INCEPTION,Inception to win Best Picture,10,2.0,Jan/12/2011 22:33:40
739829,BEST.PIC:INCEPTION,Inception to win Best Picture,4,2.0,Jan/12/2011 22:33:45
739829,BEST.PIC:INCEPTION,Inception to win Best Picture,10,2.0,Jan/12/2011 22:33:50
739829,BEST.PIC:INCEPTION,Inception to win Best Picture,10,2.0,Jan/12/2011 22:33:55
739829,BEST.PIC:INCEPTION,Inception to win Best Picture,10,2.0,Jan/12/2011 22:34:00
739829,BEST.PIC:INCEPTION,Inception to win Best Picture,10,2.0,Jan/12/2011 22:34:05
739829,BEST.PIC:INCEPTION,Inception to win Best Picture,10,2.0,Jan/12/2011 22:34:10
739829,BEST.PIC:INCEPTION,Inception to win Best Picture,10,2.0,Jan/12/2011 22:34:17
739829,BEST.PIC:INCEPTION,Inception to win Best Picture,10,2.0,Jan/12/2011 22:34:23
739829,BEST.PIC:INCEPTION,Inception to win Best Picture,3,2.0,Jan/12/2011 22:34:28
739829,BEST.PIC:INCEPTION,Inception to win Best Picture,1,2.0,Jan/12/2011 23:05:42
739829,BEST.PIC:INCEPTION,Inception to win Best Picture,1,2.0,Jan/12/2011 23:07:33
739829,BEST.PIC:INCEPTION,Inception to win Best Picture,3,2.0,Jan/13/2011 00:02:46
739829,BEST.PIC:INCEPTION,Inception to win Best Picture,2,2.0,Jan/13/2011 01:01:27
739829,BEST.PIC:INCEPTION,Inception to win Best Picture,5,2.0,Jan/13/2011 04:00:59
739829,BEST.PIC:INCEPTION,Inception to win Best Picture,5,2.0,Jan/13/2011 04:01:04
739829,BEST.PIC:INCEPTION,Inception to win Best Picture,1,2.0,Jan/13/2011 04:11:19
739829,BEST.PIC:INCEPTION,Inception to win Best Picture,1,2.0,Jan/13/2011 04:45:37
739829,BEST.PIC:INCEPTION,Inception to win Best Picture,3,2.0,Jan/13/2011 16:52:31
739829,BEST.PIC:INCEPTION,Inception to win Best Picture,10,2.0,Jan/13/2011 16:52:36
739829,BEST.PIC:INCEPTION,Inception to win Best Picture,10,2.0,Jan/13/2011 16:52:42
739829,BEST.PIC:INCEPTION,Inception to win Best Picture,10,2.0,Jan/13/2011 16:52:48
739829,BEST.PIC:INCEPTION,Inception to win Best Picture,10,2.0,Jan/13/2011 16:52:53
739829,BEST.PIC:INCEPTION,Inception to win Best Picture,1,2.0,Jan/13/2011 16:58:29
739829,BEST.PIC:INCEPTION,Inception to win Best Picture,1,1.6,Jan/14/2011 02:58:43
739829,BEST.PIC:INCEPTION,Inception to win Best Picture,5,1.7,Jan/16/2011 05:01:27
739829,BEST.PIC:INCEPTION,Inception to win Best Picture,5,1.7,Jan/16/2011 05:01:33
739829,BEST.PIC:INCEPTION,Inception to win Best Picture,4,1.7,Jan/16/2011 05:01:38
739829,BEST.PIC:INCEPTION,Inception to win Best Picture,10,1.7,Jan/16/2011 05:01:43
739829,BEST.PIC:INCEPTION,Inception to win Best Picture,10,1.7,Jan/16/2011 05:01:48
739829,BEST.PIC:INCEPTION,Inception to win Best Picture,4,1.7,Jan/16/2011 05:01:53
739829,BEST.PIC:INCEPTION,Inception to win Best Picture,1,1.8,Jan/17/2011 03:30:00
739829,BEST.PIC:INCEPTION,Inception to win Best Picture,4,1.8,Jan/17/2011 03:55:44
739829,BEST.PIC:INCEPTION,Inception to win Best Picture,10,1.8,Jan/17/2011 03:55:49
739829,BEST.PIC:INCEPTION,Inception to win Best Picture,1,1.8,Jan/17/2011 03:55:54
739829,BEST.PIC:INCEPTION,Inception to win Best Picture,5,1.8,Jan/17/2011 03:55:59
739829,BEST.PIC:INCEPTION,Inception to win Best Picture,10,1.8,Jan/17/2011 03:56:04
739829,BEST.PIC:INCEPTION,Inception to win Best Picture,10,1.8,Jan/17/2011 03:56:09
739829,BEST.PIC:INCEPTION,Inception to win Best Picture,10,1.8,Jan/17/2011 03:56:29
739829,BEST.PIC:INCEPTION,Inception to win Best Picture,6,1.8,Jan/17/2011 03:56:34
739829,BEST.PIC:INCEPTION,Inception to win Best Picture,10,1.8,Jan/17/2011 03:56:39
739829,BEST.PIC:INCEPTION,Inception to win Best Picture,5,1.8,Jan/17/2011 04:07:03
739829,BEST.PIC:INCEPTION,Inception to win Best Picture,10,1.8,Jan/17/2011 04:07:08
739829,BEST.PIC:INCEPTION,Inception to win Best Picture,5,1.8,Jan/17/2011 04:14:17
739829,BEST.PIC:INCEPTION,Inception to win Best Picture,4,1.8,Jan/17/2011 04:18:05
739829,BEST.PIC:INCEPTION,Inception to win Best Picture,6,1.8,Jan/17/2011 09:21:37
739829,BEST.PIC:INCEPTION,Inception to win Best Picture,1,1.8,Jan/17/2011 12:01:10
739829,BEST.PIC:INCEPTION,Inception to win Best Picture,3,1.8,Jan/17/2011 12:01:10
739829,BEST.PIC:INCEPTION,Inception to win Best Picture,5,1.8,Jan/17/2011 12:01:16
739829,BEST.PIC:INCEPTION,Inception to win Best Picture,10,1.6,Jan/17/2011 12:01:21
739829,BEST.PIC:INCEPTION,Inception to win Best Picture,1,1.6,Jan/17/2011 12:01:26
739829,BEST.PIC:INCEPTION,Inception to win Best Picture,10,1.6,Jan/17/2011 14:07:36
739829,BEST.PIC:INCEPTION,Inception to win Best Picture,4,1.6,Jan/17/2011 14:07:42
739829,BEST.PIC:INCEPTION,Inception to win Best Picture,5,1.6,Jan/17/2011 14:07:48
739829,BEST.PIC:INCEPTION,Inception to win Best Picture,10,1.6,Jan/17/2011 14:07:54
739829,BEST.PIC:INCEPTION,Inception to win Best Picture,10,1.6,Jan/17/2011 14:08:00
739829,BEST.PIC:INCEPTION,Inception to win Best Picture,10,1.6,Jan/17/2011 14:08:06
739829,BEST.PIC:INCEPTION,Inception to win Best Picture,10,1.6,Jan/17/2011 14:08:11
739829,BEST.PIC:INCEPTION,Inception to win Best Picture,10,1.6,Jan/17/2011 14:08:16
739829,BEST.PIC:INCEPTION,Inception to win Best Picture,6,1.6,Jan/17/2011 14:08:21
739829,BEST.PIC:INCEPTION,Inception to win Best Picture,10,1.6,Jan/17/2011 14:09:31
739829,BEST.PIC:INCEPTION,Inception to win Best Picture,4,1.6,Jan/17/2011 14:09:36
739829,BEST.PIC:INCEPTION,Inception to win Best Picture,1,1.2,Jan/17/2011 15:08:52
739829,BEST.PIC:INCEPTION,Inception to win Best Picture,1,1.3,Jan/17/2011 15:24:51
739829,BEST.PIC:INCEPTION,Inception to win Best Picture,10,1.3,Jan/17/2011 15:24:56
739829,BEST.PIC:INCEPTION,Inception to win Best Picture,10,1.3,Jan/17/2011 15:25:01
739829,BEST.PIC:INCEPTION,Inception to win Best Picture,4,1.3,Jan/17/2011 15:25:06
739829,BEST.PIC:INCEPTION,Inception to win Best Picture,3,1.3,Jan/17/2011 15:47:12
739829,BEST.PIC:INCEPTION,Inception to win Best Picture,3,1.3,Jan/17/2011 16:17:12
739829,BEST.PIC:INCEPTION,Inception to win Best Picture,2,1.3,Jan/17/2011 19:06:36
739829,BEST.PIC:INCEPTION,Inception to win Best Picture,2,1.3,Jan/17/2011 19:12:32
739829,BEST.PIC:INCEPTION,Inception to win Best Picture,5,1.3,Jan/17/2011 19:17:20
739829,BEST.PIC:INCEPTION,Inception to win Best Picture,4,2.0,Jan/17/2011 19:27:47
739829,BEST.PIC:INCEPTION,Inception to win Best Picture,1,1.3,Jan/17/2011 19:28:47
739829,BEST.PIC:INCEPTION,Inception to win Best Picture,5,1.3,Jan/17/2011 19:32:24
739829,BEST.PIC:INCEPTION,Inception to win Best Picture,100,4.5,Jan/17/2011 20:00:41
739829,BEST.PIC:INCEPTION,Inception to win Best Picture,100,4.4,Jan/17/2011 20:00:41
739829,BEST.PIC:INCEPTION,Inception to win Best Picture,12,4.5,Jan/17/2011 20:05:16
739829,BEST.PIC:INCEPTION,Inception to win Best Picture,10,4.5,Jan/17/2011 20:05:47
739829,BEST.PIC:INCEPTION,Inception to win Best Picture,10,4.5,Jan/17/2011 20:06:15
739829,BEST.PIC:INCEPTION,Inception to win Best Picture,10,4.5,Jan/17/2011 20:06:47
739829,BEST.PIC:INCEPTION,Inception to win Best Picture,10,4.5,Jan/17/2011 20:07:21
739829,BEST.PIC:INCEPTION,Inception to win Best Picture,10,4.5,Jan/17/2011 20:07:52
739829,BEST.PIC:INCEPTION,Inception to win Best Picture,10,4.5,Jan/17/2011 20:08:21
739829,BEST.PIC:INCEPTION,Inception to win Best Picture,10,4.5,Jan/17/2011 20:09:32
739829,BEST.PIC:INCEPTION,Inception to win Best Picture,10,4.5,Jan/17/2011 20:09:58
739829,BEST.PIC:INCEPTION,Inception to win Best Picture,8,4.5,Jan/17/2011 20:10:49
739829,BEST.PIC:INCEPTION,Inception to win Best Picture,12,4.4,Jan/17/2011 20:10:49
739829,BEST.PIC:INCEPTION,Inception to win Best Picture,5,4.4,Jan/17/2011 21:36:35
739829,BEST.PIC:INCEPTION,Inception to win Best Picture,10,4.4,Jan/17/2011 22:37:08
739829,BEST.PIC:INCEPTION,Inception to win Best Picture,10,4.4,Jan/17/2011 22:43:30
739829,BEST.PIC:INCEPTION,Inception to win Best Picture,10,4.4,Jan/17/2011 22:43:36
739829,BEST.PIC:INCEPTION,Inception to win Best Picture,10,4.4,Jan/17/2011 22:43:42
739829,BEST.PIC:INCEPTION,Inception to win Best Picture,4,4.4,Jan/17/2011 22:43:49
739829,BEST.PIC:INCEPTION,Inception to win Best Picture,39,4.4,Jan/18/2011 00:01:39
739829,BEST.PIC:INCEPTION,Inception to win Best Picture,1,1.5,Jan/18/2011 18:43:34
739829,BEST.PIC:INCEPTION,Inception to win Best Picture,20,1.5,Jan/19/2011 02:34:08
739829,BEST.PIC:INCEPTION,Inception to win Best Picture,3,1.6,Jan/19/2011 16:37:20
739829,BEST.PIC:INCEPTION,Inception to win Best Picture,5,1.6,Jan/19/2011 16:47:48
739829,BEST.PIC:INCEPTION,Inception to win Best Picture,3,1.7,Jan/19/2011 21:36:38
739829,BEST.PIC:INCEPTION,Inception to win Best Picture,2,1.7,Jan/19/2011 21:36:38
739829,BEST.PIC:INCEPTION,Inception to win Best Picture,43,1.7,Jan/19/2011 22:34:34
739829,BEST.PIC:INCEPTION,Inception to win Best Picture,5,1.7,Jan/20/2011 17:18:59
739829,BEST.PIC:INCEPTION,Inception to win Best Picture,2,1.7,Jan/20/2011 17:42:46
739829,BEST.PIC:INCEPTION,Inception to win Best Picture,1,1.8,Jan/21/2011 02:42:14
739829,BEST.PIC:INCEPTION,Inception to win Best Picture,2,1.8,Jan/21/2011 04:22:10
739829,BEST.PIC:INCEPTION,Inception to win Best Picture,1,1.8,Jan/21/2011 15:07:58
739829,BEST.PIC:INCEPTION,Inception to win Best Picture,1,1.7,Jan/21/2011 15:12:36
739829,BEST.PIC:INCEPTION,Inception to win Best Picture,10,1.7,Jan/21/2011 15:14:03
739829,BEST.PIC:INCEPTION,Inception to win Best Picture,10,1.7,Jan/21/2011 15:14:08
739829,BEST.PIC:INCEPTION,Inception to win Best Picture,1,1.8,Jan/22/2011 03:28:32
739829,BEST.PIC:INCEPTION,Inception to win Best Picture,5,1.8,Jan/22/2011 11:41:56
739829,BEST.PIC:INCEPTION,Inception to win Best Picture,1,1.7,Jan/22/2011 11:41:56
739829,BEST.PIC:INCEPTION,Inception to win Best Picture,4,1.8,Jan/22/2011 11:41:56
739829,BEST.PIC:INCEPTION,Inception to win Best Picture,1,1.7,Jan/22/2011 17:12:02
739829,BEST.PIC:INCEPTION,Inception to win Best Picture,5,2.3,Jan/22/2011 17:13:51
739829,BEST.PIC:INCEPTION,Inception to win Best Picture,1,1.7,Jan/22/2011 17:33:39
739829,BEST.PIC:INCEPTION,Inception to win Best Picture,1,1.8,Jan/22/2011 18:20:57
739829,BEST.PIC:INCEPTION,Inception to win Best Picture,1,1.8,Jan/22/2011 18:32:07
739829,BEST.PIC:INCEPTION,Inception to win Best Picture,1,1.8,Jan/22/2011 18:34:53
739829,BEST.PIC:INCEPTION,Inception to win Best Picture,1,1.8,Jan/22/2011 18:38:26
739829,BEST.PIC:INCEPTION,Inception to win Best Picture,1,1.8,Jan/23/2011 06:30:14
739829,BEST.PIC:INCEPTION,Inception to win Best Picture,5,1.7,Jan/23/2011 06:30:20
739829,BEST.PIC:INCEPTION,Inception to win Best Picture,2,1.7,Jan/23/2011 06:30:25
739829,BEST.PIC:INCEPTION,Inception to win Best Picture,9,1.7,Jan/23/2011 06:56:44
739829,BEST.PIC:INCEPTION,Inception to win Best Picture,1,1.7,Jan/23/2011 12:13:28
739829,BEST.PIC:INCEPTION,Inception to win Best Picture,1,2.3,Jan/23/2011 20:13:55
739829,BEST.PIC:INCEPTION,Inception to win Best Picture,1,1.9,Jan/24/2011 20:10:43
739829,BEST.PIC:INCEPTION,Inception to win Best Picture,100,2.4,Jan/25/2011 04:53:24
739829,BEST.PIC:INCEPTION,Inception to win Best Picture,34,2.3,Jan/25/2011 04:53:24
739829,BEST.PIC:INCEPTION,Inception to win Best Picture,18,1.7,Jan/25/2011 21:13:24
739829,BEST.PIC:INCEPTION,Inception to win Best Picture,1,0.9,Jan/25/2011 21:13:24
739829,BEST.PIC:INCEPTION,Inception to win Best Picture,1,0.4,Jan/25/2011 21:13:24
739829,BEST.PIC:INCEPTION,Inception to win Best Picture,1,0.6,Jan/26/2011 03:38:45
739829,BEST.PIC:INCEPTION,Inception to win Best Picture,1,0.9,Jan/26/2011 13:15:14
739829,BEST.PIC:INCEPTION,Inception to win Best Picture,1,1.0,Jan/26/2011 13:15:14
739829,BEST.PIC:INCEPTION,Inception to win Best Picture,1,1.0,Jan/26/2011 13:15:14
739829,BEST.PIC:INCEPTION,Inception to win Best Picture,1,0.8,Jan/26/2011 13:15:14
739829,BEST.PIC:INCEPTION,Inception to win Best Picture,1,1.4,Jan/26/2011 14:17:13
739829,BEST.PIC:INCEPTION,Inception to win Best Picture,1,1.4,Jan/26/2011 15:04:11
739829,BEST.PIC:INCEPTION,Inception to win Best Picture,16,1.0,Jan/26/2011 20:09:29
739829,BEST.PIC:INCEPTION,Inception to win Best Picture,1,0.7,Jan/26/2011 23:53:45
739829,BEST.PIC:INCEPTION,Inception to win Best Picture,1,0.9,Jan/26/2011 23:53:45
739829,BEST.PIC:INCEPTION,Inception to win Best Picture,1,0.9,Jan/27/2011 00:13:41
739829,BEST.PIC:INCEPTION,Inception to win Best Picture,1,0.9,Jan/27/2011 00:13:41
739829,BEST.PIC:INCEPTION,Inception to win Best Picture,1,0.9,Jan/27/2011 00:13:41
739829,BEST.PIC:INCEPTION,Inception to win Best Picture,1,0.9,Jan/27/2011 00:13:41
739829,BEST.PIC:INCEPTION,Inception to win Best Picture,1,0.9,Jan/27/2011 00:14:23
739829,BEST.PIC:INCEPTION,Inception to win Best Picture,1,0.9,Jan/27/2011 00:16:41
739829,BEST.PIC:INCEPTION,Inception to win Best Picture,19,1.0,Jan/27/2011 00:33:42
739829,BEST.PIC:INCEPTION,Inception to win Best Picture,1,1.0,Jan/27/2011 00:33:42
739829,BEST.PIC:INCEPTION,Inception to win Best Picture,1,0.9,Jan/27/2011 00:41:15
739829,BEST.PIC:INCEPTION,Inception to win Best Picture,1,0.9,Jan/27/2011 00:41:15
739829,BEST.PIC:INCEPTION,Inception to win Best Picture,3,0.9,Jan/27/2011 00:41:15
739829,BEST.PIC:INCEPTION,Inception to win Best Picture,1,0.7,Jan/27/2011 17:56:41
739829,BEST.PIC:INCEPTION,Inception to win Best Picture,1,0.7,Jan/27/2011 17:56:41
739829,BEST.PIC:INCEPTION,Inception to win Best Picture,1,0.7,Jan/27/2011 17:56:41
739829,BEST.PIC:INCEPTION,Inception to win Best Picture,1,0.7,Jan/27/2011 17:56:41
739829,BEST.PIC:INCEPTION,Inception to win Best Picture,1,0.7,Jan/27/2011 17:56:41
739829,BEST.PIC:INCEPTION,Inception to win Best Picture,40,0.7,Jan/27/2011 20:49:01
739829,BEST.PIC:INCEPTION,Inception to win Best Picture,10,0.7,Jan/27/2011 21:32:55
739829,BEST.PIC:INCEPTION,Inception to win Best Picture,5,0.5,Jan/28/2011 15:38:13
739829,BEST.PIC:INCEPTION,Inception to win Best Picture,3,0.5,Jan/28/2011 20:21:40
739829,BEST.PIC:INCEPTION,Inception to win Best Picture,5,0.7,Jan/29/2011 01:55:51
739829,BEST.PIC:INCEPTION,Inception to win Best Picture,15,0.7,Jan/29/2011 16:58:20
739829,BEST.PIC:INCEPTION,Inception to win Best Picture,1,1.6,Jan/31/2011 05:41:35
739829,BEST.PIC:INCEPTION,Inception to win Best Picture,4,1.6,Jan/31/2011 07:24:20
739829,BEST.PIC:INCEPTION,Inception to win Best Picture,4,1.5,Jan/31/2011 11:36:40
739829,BEST.PIC:INCEPTION,Inception to win Best Picture,1,1.5,Jan/31/2011 11:36:42
739829,BEST.PIC:INCEPTION,Inception to win Best Picture,5,1.4,Jan/31/2011 11:36:44
739829,BEST.PIC:INCEPTION,Inception to win Best Picture,5,1.3,Jan/31/2011 11:36:46
739829,BEST.PIC:INCEPTION,Inception to win Best Picture,5,1.2,Jan/31/2011 11:36:48
739829,BEST.PIC:INCEPTION,Inception to win Best Picture,1,1.1,Jan/31/2011 12:23:46
739829,BEST.PIC:INCEPTION,Inception to win Best Picture,2,1.1,Jan/31/2011 12:23:48
739829,BEST.PIC:INCEPTION,Inception to win Best Picture,2,1.1,Jan/31/2011 14:36:36
739829,BEST.PIC:INCEPTION,Inception to win Best Picture,5,1.0,Jan/31/2011 15:57:46
739829,BEST.PIC:INCEPTION,Inception to win Best Picture,5,0.9,Jan/31/2011 15:57:46
739829,BEST.PIC:INCEPTION,Inception to win Best Picture,5,0.8,Jan/31/2011 15:57:46
739829,BEST.PIC:INCEPTION,Inception to win Best Picture,5,0.7,Jan/31/2011 15:57:46
739829,BEST.PIC:INCEPTION,Inception to win Best Picture,27,0.9,Jan/31/2011 17:22:44
739829,BEST.PIC:INCEPTION,Inception to win Best Picture,20,0.9,Jan/31/2011 17:27:01
739829,BEST.PIC:INCEPTION,Inception to win Best Picture,100,0.7,Jan/31/2011 18:37:05
739829,BEST.PIC:INCEPTION,Inception to win Best Picture,140,0.8,Jan/31/2011 18:37:41
739829,BEST.PIC:INCEPTION,Inception to win Best Picture,1,0.4,Jan/31/2011 21:27:56
739829,BEST.PIC:INCEPTION,Inception to win Best Picture,40,0.7,Feb/01/2011 04:35:55
739829,BEST.PIC:INCEPTION,Inception to win Best Picture,30,0.7,Feb/01/2011 04:40:19
739829,BEST.PIC:INCEPTION,Inception to win Best Picture,30,0.7,Feb/01/2011 05:36:17
739829,BEST.PIC:INCEPTION,Inception to win Best Picture,100,0.7,Feb/01/2011 18:17:21
739829,BEST.PIC:INCEPTION,Inception to win Best Picture,100,0.7,Feb/01/2011 23:49:12
739829,BEST.PIC:INCEPTION,Inception to win Best Picture,100,0.6,Feb/02/2011 13:12:52
739829,BEST.PIC:INCEPTION,Inception to win Best Picture,150,0.5,Feb/02/2011 13:12:56
739829,BEST.PIC:INCEPTION,Inception to win Best Picture,10,0.2,Feb/02/2011 15:19:40
739829,BEST.PIC:INCEPTION,Inception to win Best Picture,50,0.5,Feb/03/2011 14:59:48
739829,BEST.PIC:INCEPTION,Inception to win Best Picture,50,0.6,Feb/03/2011 14:59:48
739829,BEST.PIC:INCEPTION,Inception to win Best Picture,10,0.3,Feb/03/2011 14:59:48
739829,BEST.PIC:INCEPTION,Inception to win Best Picture,10,0.4,Feb/03/2011 14:59:48
739829,BEST.PIC:INCEPTION,Inception to win Best Picture,10,0.5,Feb/03/2011 14:59:48
739829,BEST.PIC:INCEPTION,Inception to win Best Picture,10,0.6,Feb/03/2011 14:59:48
739829,BEST.PIC:INCEPTION,Inception to win Best Picture,60,0.7,Feb/03/2011 15:00:14
739829,BEST.PIC:INCEPTION,Inception to win Best Picture,1,0.2,Feb/05/2011 03:10:02
739829,BEST.PIC:INCEPTION,Inception to win Best Picture,1,0.3,Feb/05/2011 14:39:22
739829,BEST.PIC:INCEPTION,Inception to win Best Picture,8,0.3,Feb/09/2011 20:33:06
739829,BEST.PIC:INCEPTION,Inception to win Best Picture,1,0.3,Feb/09/2011 20:33:06
739829,BEST.PIC:INCEPTION,Inception to win Best Picture,1,0.3,Feb/09/2011 20:33:06
739829,BEST.PIC:INCEPTION,Inception to win Best Picture,2,0.3,Feb/10/2011 07:52:06
739829,BEST.PIC:INCEPTION,Inception to win Best Picture,10,0.3,Feb/10/2011 12:55:36
739829,BEST.PIC:INCEPTION,Inception to win Best Picture,1,0.3,Feb/10/2011 12:55:36
739829,BEST.PIC:INCEPTION,Inception to win Best Picture,4,0.3,Feb/10/2011 12:55:36
739829,BEST.PIC:INCEPTION,Inception to win Best Picture,5,0.3,Feb/10/2011 12:55:36
739829,BEST.PIC:INCEPTION,Inception to win Best Picture,10,0.4,Feb/10/2011 13:58:12
739829,BEST.PIC:INCEPTION,Inception to win Best Picture,10,0.4,Feb/10/2011 13:58:12
739829,BEST.PIC:INCEPTION,Inception to win Best Picture,3,0.2,Feb/12/2011 18:08:58
739829,BEST.PIC:INCEPTION,Inception to win Best Picture,4,0.3,Feb/13/2011 20:23:14
739829,BEST.PIC:INCEPTION,Inception to win Best Picture,3,0.3,Feb/13/2011 20:23:14
739829,BEST.PIC:INCEPTION,Inception to win Best Picture,10,0.3,Feb/13/2011 20:23:14
739829,BEST.PIC:INCEPTION,Inception to win Best Picture,3,0.3,Feb/13/2011 20:23:14
739829,BEST.PIC:INCEPTION,Inception to win Best Picture,2,0.3,Feb/13/2011 20:23:14
739829,BEST.PIC:INCEPTION,Inception to win Best Picture,2,0.3,Feb/13/2011 20:23:14
739829,BEST.PIC:INCEPTION,Inception to win Best Picture,3,0.3,Feb/13/2011 20:23:14
739829,BEST.PIC:INCEPTION,Inception to win Best Picture,1,0.3,Feb/13/2011 20:23:14
739829,BEST.PIC:INCEPTION,Inception to win Best Picture,5,0.3,Feb/13/2011 20:23:14
739829,BEST.PIC:INCEPTION,Inception to win Best Picture,3,0.3,Feb/13/2011 20:23:14
739829,BEST.PIC:INCEPTION,Inception to win Best Picture,3,0.3,Feb/13/2011 20:23:14
739829,BEST.PIC:INCEPTION,Inception to win Best Picture,2,0.3,Feb/13/2011 20:23:14
739829,BEST.PIC:INCEPTION,Inception to win Best Picture,5,0.3,Feb/14/2011 04:33:52
739829,BEST.PIC:INCEPTION,Inception to win Best Picture,4,0.3,Feb/14/2011 04:33:52
739829,BEST.PIC:INCEPTION,Inception to win Best Picture,5,0.3,Feb/14/2011 04:33:52
739829,BEST.PIC:INCEPTION,Inception to win Best Picture,10,0.3,Feb/14/2011 04:33:52
739829,BEST.PIC:INCEPTION,Inception to win Best Picture,2,0.3,Feb/14/2011 05:48:05
739829,BEST.PIC:INCEPTION,Inception to win Best Picture,3,0.4,Feb/14/2011 21:10:42
739829,BEST.PIC:INCEPTION,Inception to win Best Picture,2,0.4,Feb/14/2011 21:10:42
739829,BEST.PIC:INCEPTION,Inception to win Best Picture,2,0.4,Feb/14/2011 21:10:42
739829,BEST.PIC:INCEPTION,Inception to win Best Picture,2,0.4,Feb/14/2011 21:10:42
739829,BEST.PIC:INCEPTION,Inception to win Best Picture,1,0.4,Feb/14/2011 21:10:42
739829,BEST.PIC:INCEPTION,Inception to win Best Picture,2,0.4,Feb/14/2011 21:10:42
739829,BEST.PIC:INCEPTION,Inception to win Best Picture,5,0.4,Feb/14/2011 21:10:42
739829,BEST.PIC:INCEPTION,Inception to win Best Picture,10,0.4,Feb/15/2011 01:30:47
739829,BEST.PIC:INCEPTION,Inception to win Best Picture,5,0.4,Feb/18/2011 16:41:30
739829,BEST.PIC:INCEPTION,Inception to win Best Picture,4,0.4,Feb/18/2011 17:44:16
739829,BEST.PIC:INCEPTION,Inception to win Best Picture,10,0.4,Feb/19/2011 16:07:55
739829,BEST.PIC:INCEPTION,Inception to win Best Picture,1,0.4,Feb/19/2011 19:51:57
739829,BEST.PIC:INCEPTION,Inception to win Best Picture,20,0.3,Feb/20/2011 06:31:57
739829,BEST.PIC:INCEPTION,Inception to win Best Picture,8,0.3,Feb/20/2011 16:41:46
739829,BEST.PIC:INCEPTION,Inception to win Best Picture,10,0.3,Feb/20/2011 16:42:55
739829,BEST.PIC:INCEPTION,Inception to win Best Picture,6,0.3,Feb/20/2011 16:44:26
739829,BEST.PIC:INCEPTION,Inception to win Best Picture,8,0.3,Feb/20/2011 16:56:27
739829,BEST.PIC:INCEPTION,Inception to win Best Picture,11,0.3,Feb/20/2011 17:08:02
739829,BEST.PIC:INCEPTION,Inception to win Best Picture,10,0.3,Feb/20/2011 17:19:07
739829,BEST.PIC:INCEPTION,Inception to win Best Picture,1,0.3,Feb/20/2011 17:20:12
739829,BEST.PIC:INCEPTION,Inception to win Best Picture,2,0.3,Feb/20/2011 22:26:39
739829,BEST.PIC:INCEPTION,Inception to win Best Picture,5,0.3,Feb/20/2011 22:26:39
739829,BEST.PIC:INCEPTION,Inception to win Best Picture,10,0.3,Feb/20/2011 22:26:39
739829,BEST.PIC:INCEPTION,Inception to win Best Picture,5,0.3,Feb/20/2011 22:26:39
739829,BEST.PIC:INCEPTION,Inception to win Best Picture,9,0.3,Feb/20/2011 22:26:39
739829,BEST.PIC:INCEPTION,Inception to win Best Picture,10,0.4,Feb/21/2011 16:59:16
739829,BEST.PIC:INCEPTION,Inception to win Best Picture,5,0.4,Feb/21/2011 16:59:16
739829,BEST.PIC:INCEPTION,Inception to win Best Picture,12,0.4,Feb/21/2011 16:59:16
739829,BEST.PIC:INCEPTION,Inception to win Best Picture,9,0.4,Feb/21/2011 16:59:16
739829,BEST.PIC:INCEPTION,Inception to win Best Picture,10,0.4,Feb/21/2011 16:59:16
739829,BEST.PIC:INCEPTION,Inception to win Best Picture,7,0.4,Feb/21/2011 16:59:16
739829,BEST.PIC:INCEPTION,Inception to win Best Picture,9,0.4,Feb/21/2011 16:59:16
739829,BEST.PIC:INCEPTION,Inception to win Best Picture,2,0.4,Feb/21/2011 16:59:16
739829,BEST.PIC:INCEPTION,Inception to win Best Picture,6,0.4,Feb/21/2011 16:59:16
739829,BEST.PIC:INCEPTION,Inception to win Best Picture,5,0.4,Feb/21/2011 16:59:16
739829,BEST.PIC:INCEPTION,Inception to win Best Picture,5,0.4,Feb/21/2011 16:59:16
739829,BEST.PIC:INCEPTION,Inception to win Best Picture,4,0.4,Feb/21/2011 16:59:16
739829,BEST.PIC:INCEPTION,Inception to win Best Picture,9,0.4,Feb/21/2011 16:59:16
739829,BEST.PIC:INCEPTION,Inception to win Best Picture,5,0.4,Feb/21/2011 17:12:56
739829,BEST.PIC:INCEPTION,Inception to win Best Picture,20,0.4,Feb/21/2011 18:43:31
739829,BEST.PIC:INCEPTION,Inception to win Best Picture,10,0.4,Feb/21/2011 18:47:30
739829,BEST.PIC:INCEPTION,Inception to win Best Picture,4,0.4,Feb/21/2011 18:51:49
739829,BEST.PIC:INCEPTION,Inception to win Best Picture,5,0.4,Feb/21/2011 18:53:54
739829,BEST.PIC:INCEPTION,Inception to win Best Picture,4,0.4,Feb/21/2011 18:54:16
739829,BEST.PIC:INCEPTION,Inception to win Best Picture,5,0.4,Feb/21/2011 18:56:09
739829,BEST.PIC:INCEPTION,Inception to win Best Picture,4,0.4,Feb/21/2011 18:56:54
739829,BEST.PIC:INCEPTION,Inception to win Best Picture,10,0.4,Feb/22/2011 01:59:18
739829,BEST.PIC:INCEPTION,Inception to win Best Picture,10,0.4,Feb/22/2011 01:59:41
739829,BEST.PIC:INCEPTION,Inception to win Best Picture,5,0.4,Feb/22/2011 02:00:05
739829,BEST.PIC:INCEPTION,Inception to win Best Picture,8,0.2,Feb/23/2011 06:24:33
739829,BEST.PIC:INCEPTION,Inception to win Best Picture,32,0.2,Feb/23/2011 13:49:43
739829,BEST.PIC:INCEPTION,Inception to win Best Picture,5,0.2,Feb/23/2011 13:53:35
739829,BEST.PIC:INCEPTION,Inception to win Best Picture,20,0.3,Feb/23/2011 16:21:09
739829,BEST.PIC:INCEPTION,Inception to win Best Picture,9,0.3,Feb/23/2011 22:37:24
739829,BEST.PIC:INCEPTION,Inception to win Best Picture,1,0.3,Feb/23/2011 22:59:00
739829,BEST.PIC:INCEPTION,Inception to win Best Picture,9,0.3,Feb/24/2011 01:33:57
739829,BEST.PIC:INCEPTION,Inception to win Best Picture,5,0.3,Feb/24/2011 02:17:09
739829,BEST.PIC:INCEPTION,Inception to win Best Picture,35,0.3,Feb/24/2011 03:55:39
739829,BEST.PIC:INCEPTION,Inception to win Best Picture,8,0.3,Feb/24/2011 15:20:20
739829,BEST.PIC:INCEPTION,Inception to win Best Picture,10,0.3,Feb/24/2011 15:22:54
739829,BEST.PIC:INCEPTION,Inception to win Best Picture,3,0.3,Feb/24/2011 15:31:29
739829,BEST.PIC:INCEPTION,Inception to win Best Picture,8,0.3,Feb/24/2011 22:55:09
739829,BEST.PIC:INCEPTION,Inception to win Best Picture,10,0.3,Feb/24/2011 23:36:17
739829,BEST.PIC:INCEPTION,Inception to win Best Picture,5,0.3,Feb/25/2011 00:24:10
739829,BEST.PIC:INCEPTION,Inception to win Best Picture,5,0.3,Feb/25/2011 00:30:31
739829,BEST.PIC:INCEPTION,Inception to win Best Picture,5,0.3,Feb/25/2011 00:33:39
739829,BEST.PIC:INCEPTION,Inception to win Best Picture,5,0.3,Feb/25/2011 00:35:31
739829,BEST.PIC:INCEPTION,Inception to win Best Picture,15,0.3,Feb/25/2011 00:37:04
739829,BEST.PIC:INCEPTION,Inception to win Best Picture,9,0.3,Feb/25/2011 00:38:36
739829,BEST.PIC:INCEPTION,Inception to win Best Picture,6,0.3,Feb/25/2011 00:55:59
739829,BEST.PIC:INCEPTION,Inception to win Best Picture,10,0.3,Feb/25/2011 01:01:17
739829,BEST.PIC:INCEPTION,Inception to win Best Picture,20,0.3,Feb/25/2011 01:02:57
739829,BEST.PIC:INCEPTION,Inception to win Best Picture,18,0.3,Feb/25/2011 01:04:31
739829,BEST.PIC:INCEPTION,Inception to win Best Picture,1,0.4,Feb/25/2011 01:26:35
739829,BEST.PIC:INCEPTION,Inception to win Best Picture,20,0.3,Feb/25/2011 02:36:20
739829,BEST.PIC:INCEPTION,Inception to win Best Picture,20,0.3,Feb/25/2011 03:06:42
739829,BEST.PIC:INCEPTION,Inception to win Best Picture,20,0.3,Feb/25/2011 03:09:00
739829,BEST.PIC:INCEPTION,Inception to win Best Picture,1,0.3,Feb/25/2011 06:31:06
739829,BEST.PIC:INCEPTION,Inception to win Best Picture,1,0.3,Feb/25/2011 06:38:48
739829,BEST.PIC:INCEPTION,Inception to win Best Picture,1,0.3,Feb/25/2011 06:38:54
739829,BEST.PIC:INCEPTION,Inception to win Best Picture,1,0.3,Feb/25/2011 06:38:59
739829,BEST.PIC:INCEPTION,Inception to win Best Picture,10,0.3,Feb/25/2011 16:52:04
739829,BEST.PIC:INCEPTION,Inception to win Best Picture,7,0.3,Feb/25/2011 17:40:13
739829,BEST.PIC:INCEPTION,Inception to win Best Picture,10,0.3,Feb/25/2011 17:40:18
739829,BEST.PIC:INCEPTION,Inception to win Best Picture,5,0.3,Feb/25/2011 20:57:14
739829,BEST.PIC:INCEPTION,Inception to win Best Picture,5,0.3,Feb/25/2011 20:57:19
739829,BEST.PIC:INCEPTION,Inception to win Best Picture,10,0.3,Feb/25/2011 20:57:25
739829,BEST.PIC:INCEPTION,Inception to win Best Picture,10,0.3,Feb/25/2011 20:57:30
739829,BEST.PIC:INCEPTION,Inception to win Best Picture,10,0.3,Feb/25/2011 20:57:36
739829,BEST.PIC:INCEPTION,Inception to win Best Picture,5,0.3,Feb/25/2011 21:00:57
739829,BEST.PIC:INCEPTION,Inception to win Best Picture,20,0.3,Feb/26/2011 16:17:14
739829,BEST.PIC:INCEPTION,Inception to win Best Picture,435,0.3,Feb/26/2011 16:21:42
739829,BEST.PIC:INCEPTION,Inception to win Best Picture,55,0.3,Feb/26/2011 16:21:42
739829,BEST.PIC:INCEPTION,Inception to win Best Picture,20,0.3,Feb/26/2011 17:25:56
739829,BEST.PIC:INCEPTION,Inception to win Best Picture,3,0.3,Feb/26/2011 21:27:19
739829,BEST.PIC:INCEPTION,Inception to win Best Picture,1,0.3,Feb/26/2011 22:25:12
739829,BEST.PIC:INCEPTION,Inception to win Best Picture,13,0.3,Feb/27/2011 00:55:53
739829,BEST.PIC:INCEPTION,Inception to win Best Picture,1,0.3,Feb/27/2011 04:02:21
739829,BEST.PIC:INCEPTION,Inception to win Best Picture,70,0.4,Feb/27/2011 04:25:27
739829,BEST.PIC:INCEPTION,Inception to win Best Picture,5,0.3,Feb/27/2011 15:07:19
739829,BEST.PIC:INCEPTION,Inception to win Best Picture,52,0.4,Feb/27/2011 16:05:17
739829,BEST.PIC:INCEPTION,Inception to win Best Picture,5,0.4,Feb/27/2011 16:05:17
739829,BEST.PIC:INCEPTION,Inception to win Best Picture,5,0.4,Feb/27/2011 16:05:17
739829,BEST.PIC:INCEPTION,Inception to win Best Picture,2,0.4,Feb/27/2011 16:05:17
739829,BEST.PIC:INCEPTION,Inception to win Best Picture,1,0.4,Feb/27/2011 16:05:17
739829,BEST.PIC:INCEPTION,Inception to win Best Picture,25,0.4,Feb/27/2011 16:05:17
739829,BEST.PIC:INCEPTION,Inception to win Best Picture,4,0.4,Feb/27/2011 16:05:17
739829,BEST.PIC:INCEPTION,Inception to win Best Picture,5,0.4,Feb/27/2011 16:05:17
739829,BEST.PIC:INCEPTION,Inception to win Best Picture,1,0.4,Feb/27/2011 16:05:17
739829,BEST.PIC:INCEPTION,Inception to win Best Picture,10,0.3,Feb/27/2011 16:58:44
739829,BEST.PIC:INCEPTION,Inception to win Best Picture,50,0.4,Feb/27/2011 17:01:05
739829,BEST.PIC:INCEPTION,Inception to win Best Picture,4,0.2,Feb/27/2011 19:40:08
739829,BEST.PIC:INCEPTION,Inception to win Best Picture,1,0.2,Feb/27/2011 20:05:11
739829,BEST.PIC:INCEPTION,Inception to win Best Picture,2,0.2,Feb/27/2011 20:55:20
739829,BEST.PIC:INCEPTION,Inception to win Best Picture,1,0.2,Feb/27/2011 20:56:37
739829,BEST.PIC:INCEPTION,Inception to win Best Picture,1,0.3,Feb/27/2011 21:10:35
739829,BEST.PIC:INCEPTION,Inception to win Best Picture,2,0.2,Feb/27/2011 21:41:09
739829,BEST.PIC:INCEPTION,Inception to win Best Picture,1,0.2,Feb/27/2011 21:44:16
739829,BEST.PIC:INCEPTION,Inception to win Best Picture,10,0.2,Feb/27/2011 22:59:53
739829,BEST.PIC:INCEPTION,Inception to win Best Picture,5,0.2,Feb/27/2011 23:01:20
739829,BEST.PIC:INCEPTION,Inception to win Best Picture,10,0.2,Feb/27/2011 23:01:20
739829,BEST.PIC:INCEPTION,Inception to win Best Picture,10,0.2,Feb/27/2011 23:01:43
739829,BEST.PIC:INCEPTION,Inception to win Best Picture,5,0.2,Feb/27/2011 23:02:20
739829,BEST.PIC:INCEPTION,Inception to win Best Picture,4,0.2,Feb/27/2011 23:02:22
739829,BEST.PIC:INCEPTION,Inception to win Best Picture,7,0.2,Feb/27/2011 23:02:25
739829,BEST.PIC:INCEPTION,Inception to win Best Picture,2,0.2,Feb/28/2011 00:04:17
739829,BEST.PIC:INCEPTION,Inception to win Best Picture,1,0.4,Feb/28/2011 00:14:48
739829,BEST.PIC:INCEPTION,Inception to win Best Picture,1,0.3,Feb/28/2011 00:14:48
739829,BEST.PIC:INCEPTION,Inception to win Best Picture,1,0.3,Feb/28/2011 00:14:48
739829,BEST.PIC:INCEPTION,Inception to win Best Picture,2,0.4,Feb/28/2011 00:14:48
739829,BEST.PIC:INCEPTION,Inception to win Best Picture,1,0.4,Feb/28/2011 00:14:48
739829,BEST.PIC:INCEPTION,Inception to win Best Picture,50,0.3,Feb/28/2011 00:14:48
739829,BEST.PIC:INCEPTION,Inception to win Best Picture,1,0.3,Feb/28/2011 00:14:48
739829,BEST.PIC:INCEPTION,Inception to win Best Picture,2,0.3,Feb/28/2011 00:14:48
739829,BEST.PIC:INCEPTION,Inception to win Best Picture,180,0.3,Feb/28/2011 00:14:48
739829,BEST.PIC:INCEPTION,Inception to win Best Picture,2,0.3,Feb/28/2011 00:14:48
739829,BEST.PIC:INCEPTION,Inception to win Best Picture,2,0.3,Feb/28/2011 00:14:48
739829,BEST.PIC:INCEPTION,Inception to win Best Picture,100,0.4,Feb/28/2011 00:14:48
739829,BEST.PIC:INCEPTION,Inception to win Best Picture,198,0.4,Feb/28/2011 00:14:48
739829,BEST.PIC:INCEPTION,Inception to win Best Picture,5,0.2,Feb/28/2011 00:18:46
739829,BEST.PIC:INCEPTION,Inception to win Best Picture,10,0.2,Feb/28/2011 00:18:46
739829,BEST.PIC:INCEPTION,Inception to win Best Picture,3,0.2,Feb/28/2011 00:18:49
739829,BEST.PIC:INCEPTION,Inception to win Best Picture,10,0.2,Feb/28/2011 00:18:51
739829,BEST.PIC:INCEPTION,Inception to win Best Picture,1,0.2,Feb/28/2011 00:19:03
739829,BEST.PIC:INCEPTION,Inception to win Best Picture,5,0.2,Feb/28/2011 00:50:58
739829,BEST.PIC:INCEPTION,Inception to win Best Picture,10,0.2,Feb/28/2011 00:50:58
739829,BEST.PIC:INCEPTION,Inception to win Best Picture,10,0.2,Feb/28/2011 00:50:58
739829,BEST.PIC:INCEPTION,Inception to win Best Picture,82,0.2,Feb/28/2011 00:58:33
739829,BEST.PIC:INCEPTION,Inception to win Best Picture,100,0.2,Feb/28/2011 00:58:33
739829,BEST.PIC:INCEPTION,Inception to win Best Picture,29,0.3,Feb/28/2011 01:09:42
739829,BEST.PIC:INCEPTION,Inception to win Best Picture,21,0.3,Feb/28/2011 01:09:42
739829,BEST.PIC:INCEPTION,Inception to win Best Picture,4,0.3,Feb/28/2011 01:09:58
739829,BEST.PIC:INCEPTION,Inception to win Best Picture,46,0.3,Feb/28/2011 01:09:58
739829,BEST.PIC:INCEPTION,Inception to win Best Picture,10,0.2,Feb/28/2011 01:13:01
739829,BEST.PIC:INCEPTION,Inception to win Best Picture,10,0.2,Feb/28/2011 01:13:05
739829,BEST.PIC:INCEPTION,Inception to win Best Picture,8,0.2,Feb/28/2011 01:44:09
739829,BEST.PIC:INCEPTION,Inception to win Best Picture,25,0.3,Feb/28/2011 01:50:45
739829,BEST.PIC:INCEPTION,Inception to win Best Picture,9,0.2,Feb/28/2011 02:12:32
739829,BEST.PIC:INCEPTION,Inception to win Best Picture,9,0.3,Feb/28/2011 02:41:30
739829,BEST.PIC:INCEPTION,Inception to win Best Picture,20,0.3,Feb/28/2011 02:41:30
739829,BEST.PIC:INCEPTION,Inception to win Best Picture,10,0.3,Feb/28/2011 02:41:30
739829,BEST.PIC:INCEPTION,Inception to win Best Picture,5,0.3,Feb/28/2011 02:41:30
739829,BEST.PIC:INCEPTION,Inception to win Best Picture,11,0.3,Feb/28/2011 02:41:30
739829,BEST.PIC:INCEPTION,Inception to win Best Picture,2,0.1,Feb/28/2011 02:43:06
739829,BEST.PIC:INCEPTION,Inception to win Best Picture,50,0.2,Feb/28/2011 02:47:09
739829,BEST.PIC:INCEPTION,Inception to win Best Picture,7,0.3,Feb/28/2011 02:47:23
739829,BEST.PIC:INCEPTION,Inception to win Best Picture,2,0.3,Feb/28/2011 02:47:23
739829,BEST.PIC:INCEPTION,Inception to win Best Picture,12,0.3,Feb/28/2011 02:47:23
739829,BEST.PIC:INCEPTION,Inception to win Best Picture,8,0.3,Feb/28/2011 02:47:23
739829,BEST.PIC:INCEPTION,Inception to win Best Picture,6,0.3,Feb/28/2011 02:47:23
739829,BEST.PIC:INCEPTION,Inception to win Best Picture,14,0.3,Feb/28/2011 02:47:23
739829,BEST.PIC:INCEPTION,Inception to win Best Picture,1,0.3,Feb/28/2011 02:47:23
739829,BEST.PIC:INCEPTION,Inception to win Best Picture,2,0.3,Feb/28/2011 02:47:32
739829,BEST.PIC:INCEPTION,Inception to win Best Picture,9,0.3,Feb/28/2011 02:47:32
739829,BEST.PIC:INCEPTION,Inception to win Best Picture,2,0.3,Feb/28/2011 02:47:32
739829,BEST.PIC:INCEPTION,Inception to win Best Picture,100,0.4,Feb/28/2011 02:48:09
739829,BEST.PIC:INCEPTION,Inception to win Best Picture,25,0.4,Feb/28/2011 02:48:09
739829,BEST.PIC:INCEPTION,Inception to win Best Picture,5,0.4,Feb/28/2011 02:48:09
739829,BEST.PIC:INCEPTION,Inception to win Best Picture,10,0.5,Feb/28/2011 02:48:32
739829,BEST.PIC:INCEPTION,Inception to win Best Picture,1,0.5,Feb/28/2011 02:48:32
739829,BEST.PIC:INCEPTION,Inception to win Best Picture,5,0.5,Feb/28/2011 02:48:32
739829,BEST.PIC:INCEPTION,Inception to win Best Picture,84,0.5,Feb/28/2011 02:48:32
739829,BEST.PIC:INCEPTION,Inception to win Best Picture,100,0.4,Feb/28/2011 02:48:42
739829,BEST.PIC:INCEPTION,Inception to win Best Picture,25,0.5,Feb/28/2011 02:49:29
739829,BEST.PIC:INCEPTION,Inception to win Best Picture,216,0.5,Feb/28/2011 02:49:29
739829,BEST.PIC:INCEPTION,Inception to win Best Picture,100,0.5,Feb/28/2011 03:07:56
739829,BEST.PIC:INCEPTION,Inception to win Best Picture,10,0.6,Feb/28/2011 03:11:49
739829,BEST.PIC:INCEPTION,Inception to win Best Picture,300,0.6,Feb/28/2011 03:11:49
739829,BEST.PIC:INCEPTION,Inception to win Best Picture,100,0.6,Feb/28/2011 03:12:59
739829,BEST.PIC:INCEPTION,Inception to win Best Picture,300,0.7,Feb/28/2011 03:16:12
739829,BEST.PIC:INCEPTION,Inception to win Best Picture,1,0.8,Feb/28/2011 03:34:33
739829,BEST.PIC:INCEPTION,Inception to win Best Picture,10,0.8,Feb/28/2011 03:59:04
739829,BEST.PIC:INCEPTION,Inception to win Best Picture,1,0.4,Feb/28/2011 04:08:41
739829,BEST.PIC:INCEPTION,Inception to win Best Picture,50,1.0,Feb/28/2011 04:08:41
739829,BEST.PIC:INCEPTION,Inception to win Best Picture,9,0.8,Feb/28/2011 04:08:41
739829,BEST.PIC:INCEPTION,Inception to win Best Picture,20,0.9,Feb/28/2011 04:08:41
739829,BEST.PIC:INCEPTION,Inception to win Best Picture,20,1.0,Feb/28/2011 04:08:41
739829,BEST.PIC:INCEPTION,Inception to win Best Picture,95,1.0,Feb/28/2011 04:10:00
739829,BEST.PIC:INCEPTION,Inception to win Best Picture,5,0.9,Feb/28/2011 04:10:00
739829,BEST.PIC:INCEPTION,Inception to win Best Picture,1,1.0,Feb/28/2011 04:11:17
