market id,market symbol,market name,trade quantity,trade price,date/time [utc]
739993,BEST.PIC:TOY.STORY.3,Toy Story 3 to win Best Picture,1,13.0,Oct/12/2010 14:25:41
739993,BEST.PIC:TOY.STORY.3,Toy Story 3 to win Best Picture,1,10.7,Oct/12/2010 18:39:55
739993,BEST.PIC:TOY.STORY.3,Toy Story 3 to win Best Picture,1,1.0,Nov/03/2010 19:52:52
739993,BEST.PIC:TOY.STORY.3,Toy Story 3 to win Best Picture,4,5.0,Nov/04/2010 00:36:53
739993,BEST.PIC:TOY.STORY.3,Toy Story 3 to win Best Picture,1,5.1,Nov/04/2010 16:03:21
739993,BEST.PIC:TOY.STORY.3,Toy Story 3 to win Best Picture,1,7.9,Nov/04/2010 16:37:45
739993,BEST.PIC:TOY.STORY.3,Toy Story 3 to win Best Picture,9,8.0,Nov/04/2010 16:37:45
739993,BEST.PIC:TOY.STORY.3,Toy Story 3 to win Best Picture,1,5.0,Nov/05/2010 17:43:03
739993,BEST.PIC:TOY.STORY.3,Toy Story 3 to win Best Picture,2,5.1,Nov/08/2010 04:36:36
739993,BEST.PIC:TOY.STORY.3,Toy Story 3 to win Best Picture,5,4.0,Nov/08/2010 04:36:48
739993,BEST.PIC:TOY.STORY.3,Toy Story 3 to win Best Picture,20,4.0,Nov/13/2010 03:53:30
739993,BEST.PIC:TOY.STORY.3,Toy Story 3 to win Best Picture,7,4.0,Nov/13/2010 13:54:24
739993,BEST.PIC:TOY.STORY.3,Toy Story 3 to win Best Picture,5,3.0,Nov/14/2010 18:48:12
739993,BEST.PIC:TOY.STORY.3,Toy Story 3 to win Best Picture,1,3.5,Nov/19/2010 14:17:19
739993,BEST.PIC:TOY.STORY.3,Toy Story 3 to win Best Picture,4,3.6,Nov/21/2010 05:14:09
739993,BEST.PIC:TOY.STORY.3,Toy Story 3 to win Best Picture,1,0.2,Jan/01/2011 12:32:29
739993,BEST.PIC:TOY.STORY.3,Toy Story 3 to win Best Picture,1,0.2,Jan/01/2011 12:32:39
739993,BEST.PIC:TOY.STORY.3,Toy Story 3 to win Best Picture,1,0.2,Jan/01/2011 12:34:00
739993,BEST.PIC:TOY.STORY.3,Toy Story 3 to win Best Picture,6,0.2,Jan/01/2011 14:24:20
739993,BEST.PIC:TOY.STORY.3,Toy Story 3 to win Best Picture,1,0.2,Jan/01/2011 14:24:30
739993,BEST.PIC:TOY.STORY.3,Toy Story 3 to win Best Picture,2,0.6,Jan/02/2011 20:14:44
739993,BEST.PIC:TOY.STORY.3,Toy Story 3 to win Best Picture,1,0.7,Jan/03/2011 02:04:25
739993,BEST.PIC:TOY.STORY.3,Toy Story 3 to win Best Picture,3,1.0,Jan/03/2011 03:55:09
739993,BEST.PIC:TOY.STORY.3,Toy Story 3 to win Best Picture,5,3.3,Jan/06/2011 01:52:52
739993,BEST.PIC:TOY.STORY.3,Toy Story 3 to win Best Picture,5,1.5,Jan/06/2011 14:54:45
739993,BEST.PIC:TOY.STORY.3,Toy Story 3 to win Best Picture,13,1.0,Jan/06/2011 15:02:28
739993,BEST.PIC:TOY.STORY.3,Toy Story 3 to win Best Picture,5,1.0,Jan/06/2011 15:02:28
739993,BEST.PIC:TOY.STORY.3,Toy Story 3 to win Best Picture,1,1.5,Jan/06/2011 15:02:28
739993,BEST.PIC:TOY.STORY.3,Toy Story 3 to win Best Picture,6,1.4,Jan/06/2011 15:02:28
739993,BEST.PIC:TOY.STORY.3,Toy Story 3 to win Best Picture,10,1.1,Jan/06/2011 15:06:56
739993,BEST.PIC:TOY.STORY.3,Toy Story 3 to win Best Picture,87,1.0,Jan/06/2011 15:06:56
739993,BEST.PIC:TOY.STORY.3,Toy Story 3 to win Best Picture,50,3.2,Jan/06/2011 15:08:55
739993,BEST.PIC:TOY.STORY.3,Toy Story 3 to win Best Picture,15,3.0,Jan/06/2011 15:08:55
739993,BEST.PIC:TOY.STORY.3,Toy Story 3 to win Best Picture,15,2.9,Jan/06/2011 15:08:55
739993,BEST.PIC:TOY.STORY.3,Toy Story 3 to win Best Picture,4,3.4,Jan/06/2011 15:09:20
739993,BEST.PIC:TOY.STORY.3,Toy Story 3 to win Best Picture,5,1.1,Jan/06/2011 16:43:03
739993,BEST.PIC:TOY.STORY.3,Toy Story 3 to win Best Picture,5,1.1,Jan/06/2011 16:44:14
739993,BEST.PIC:TOY.STORY.3,Toy Story 3 to win Best Picture,1,1.1,Jan/06/2011 16:46:02
739993,BEST.PIC:TOY.STORY.3,Toy Story 3 to win Best Picture,2,1.1,Jan/06/2011 16:58:49
739993,BEST.PIC:TOY.STORY.3,Toy Story 3 to win Best Picture,5,1.2,Jan/06/2011 19:02:57
739993,BEST.PIC:TOY.STORY.3,Toy Story 3 to win Best Picture,5,1.2,Jan/06/2011 19:03:04
739993,BEST.PIC:TOY.STORY.3,Toy Story 3 to win Best Picture,5,1.2,Jan/06/2011 19:03:59
739993,BEST.PIC:TOY.STORY.3,Toy Story 3 to win Best Picture,5,1.2,Jan/06/2011 19:04:04
739993,BEST.PIC:TOY.STORY.3,Toy Story 3 to win Best Picture,5,1.2,Jan/06/2011 19:04:24
739993,BEST.PIC:TOY.STORY.3,Toy Story 3 to win Best Picture,5,1.2,Jan/06/2011 19:04:29
739993,BEST.PIC:TOY.STORY.3,Toy Story 3 to win Best Picture,5,1.2,Jan/06/2011 19:04:34
739993,BEST.PIC:TOY.STORY.3,Toy Story 3 to win Best Picture,5,1.2,Jan/06/2011 19:04:39
739993,BEST.PIC:TOY.STORY.3,Toy Story 3 to win Best Picture,9,1.1,Jan/06/2011 19:09:35
739993,BEST.PIC:TOY.STORY.3,Toy Story 3 to win Best Picture,2,1.4,Jan/07/2011 15:02:41
739993,BEST.PIC:TOY.STORY.3,Toy Story 3 to win Best Picture,3,1.4,Jan/07/2011 17:44:04
739993,BEST.PIC:TOY.STORY.3,Toy Story 3 to win Best Picture,5,1.4,Jan/07/2011 21:41:40
739993,BEST.PIC:TOY.STORY.3,Toy Story 3 to win Best Picture,9,1.1,Jan/07/2011 21:41:45
739993,BEST.PIC:TOY.STORY.3,Toy Story 3 to win Best Picture,3,1.1,Jan/08/2011 08:13:26
739993,BEST.PIC:TOY.STORY.3,Toy Story 3 to win Best Picture,3,1.1,Jan/08/2011 08:13:31
739993,BEST.PIC:TOY.STORY.3,Toy Story 3 to win Best Picture,1,1.1,Jan/08/2011 08:13:37
739993,BEST.PIC:TOY.STORY.3,Toy Story 3 to win Best Picture,1,1.1,Jan/08/2011 08:15:00
739993,BEST.PIC:TOY.STORY.3,Toy Story 3 to win Best Picture,2,1.1,Jan/08/2011 08:15:11
739993,BEST.PIC:TOY.STORY.3,Toy Story 3 to win Best Picture,10,1.1,Jan/08/2011 08:49:41
739993,BEST.PIC:TOY.STORY.3,Toy Story 3 to win Best Picture,25,1.1,Jan/08/2011 08:51:12
739993,BEST.PIC:TOY.STORY.3,Toy Story 3 to win Best Picture,2,0.6,Jan/12/2011 22:33:30
739993,BEST.PIC:TOY.STORY.3,Toy Story 3 to win Best Picture,4,0.6,Jan/12/2011 22:33:35
739993,BEST.PIC:TOY.STORY.3,Toy Story 3 to win Best Picture,10,0.6,Jan/12/2011 22:33:40
739993,BEST.PIC:TOY.STORY.3,Toy Story 3 to win Best Picture,4,0.6,Jan/12/2011 22:33:45
739993,BEST.PIC:TOY.STORY.3,Toy Story 3 to win Best Picture,10,0.5,Jan/12/2011 22:33:50
739993,BEST.PIC:TOY.STORY.3,Toy Story 3 to win Best Picture,10,0.5,Jan/12/2011 22:33:55
739993,BEST.PIC:TOY.STORY.3,Toy Story 3 to win Best Picture,10,0.5,Jan/12/2011 22:34:00
739993,BEST.PIC:TOY.STORY.3,Toy Story 3 to win Best Picture,10,0.5,Jan/12/2011 22:34:05
739993,BEST.PIC:TOY.STORY.3,Toy Story 3 to win Best Picture,10,0.5,Jan/12/2011 22:34:10
739993,BEST.PIC:TOY.STORY.3,Toy Story 3 to win Best Picture,10,0.5,Jan/12/2011 22:34:17
739993,BEST.PIC:TOY.STORY.3,Toy Story 3 to win Best Picture,10,0.5,Jan/12/2011 22:34:23
739993,BEST.PIC:TOY.STORY.3,Toy Story 3 to win Best Picture,3,0.5,Jan/12/2011 22:34:28
739993,BEST.PIC:TOY.STORY.3,Toy Story 3 to win Best Picture,1,0.5,Jan/12/2011 23:05:42
739993,BEST.PIC:TOY.STORY.3,Toy Story 3 to win Best Picture,1,0.5,Jan/12/2011 23:07:33
739993,BEST.PIC:TOY.STORY.3,Toy Story 3 to win Best Picture,3,0.6,Jan/13/2011 00:02:46
739993,BEST.PIC:TOY.STORY.3,Toy Story 3 to win Best Picture,2,0.6,Jan/13/2011 01:01:27
739993,BEST.PIC:TOY.STORY.3,Toy Story 3 to win Best Picture,5,0.6,Jan/13/2011 04:00:59
739993,BEST.PIC:TOY.STORY.3,Toy Story 3 to win Best Picture,5,0.6,Jan/13/2011 04:01:04
739993,BEST.PIC:TOY.STORY.3,Toy Story 3 to win Best Picture,1,0.6,Jan/13/2011 04:11:19
739993,BEST.PIC:TOY.STORY.3,Toy Story 3 to win Best Picture,1,0.6,Jan/13/2011 04:45:37
739993,BEST.PIC:TOY.STORY.3,Toy Story 3 to win Best Picture,3,0.6,Jan/13/2011 16:52:31
739993,BEST.PIC:TOY.STORY.3,Toy Story 3 to win Best Picture,10,0.5,Jan/13/2011 16:52:36
739993,BEST.PIC:TOY.STORY.3,Toy Story 3 to win Best Picture,10,0.5,Jan/13/2011 16:52:42
739993,BEST.PIC:TOY.STORY.3,Toy Story 3 to win Best Picture,10,0.5,Jan/13/2011 16:52:48
739993,BEST.PIC:TOY.STORY.3,Toy Story 3 to win Best Picture,10,0.5,Jan/13/2011 16:52:53
739993,BEST.PIC:TOY.STORY.3,Toy Story 3 to win Best Picture,1,0.5,Jan/13/2011 17:01:37
739993,BEST.PIC:TOY.STORY.3,Toy Story 3 to win Best Picture,1,0.3,Jan/13/2011 20:04:49
739993,BEST.PIC:TOY.STORY.3,Toy Story 3 to win Best Picture,4,0.3,Jan/16/2011 01:03:49
739993,BEST.PIC:TOY.STORY.3,Toy Story 3 to win Best Picture,1,0.3,Jan/16/2011 02:02:45
739993,BEST.PIC:TOY.STORY.3,Toy Story 3 to win Best Picture,5,0.3,Jan/16/2011 05:01:27
739993,BEST.PIC:TOY.STORY.3,Toy Story 3 to win Best Picture,5,0.3,Jan/16/2011 05:01:33
739993,BEST.PIC:TOY.STORY.3,Toy Story 3 to win Best Picture,4,0.3,Jan/16/2011 05:01:38
739993,BEST.PIC:TOY.STORY.3,Toy Story 3 to win Best Picture,10,0.2,Jan/16/2011 05:01:43
739993,BEST.PIC:TOY.STORY.3,Toy Story 3 to win Best Picture,10,0.2,Jan/16/2011 05:01:48
739993,BEST.PIC:TOY.STORY.3,Toy Story 3 to win Best Picture,4,0.2,Jan/16/2011 05:01:53
739993,BEST.PIC:TOY.STORY.3,Toy Story 3 to win Best Picture,4,0.3,Jan/17/2011 03:55:44
739993,BEST.PIC:TOY.STORY.3,Toy Story 3 to win Best Picture,10,0.3,Jan/17/2011 03:55:49
739993,BEST.PIC:TOY.STORY.3,Toy Story 3 to win Best Picture,1,0.3,Jan/17/2011 03:55:54
739993,BEST.PIC:TOY.STORY.3,Toy Story 3 to win Best Picture,5,0.3,Jan/17/2011 03:55:59
739993,BEST.PIC:TOY.STORY.3,Toy Story 3 to win Best Picture,10,0.2,Jan/17/2011 03:56:04
739993,BEST.PIC:TOY.STORY.3,Toy Story 3 to win Best Picture,10,0.2,Jan/17/2011 03:56:09
739993,BEST.PIC:TOY.STORY.3,Toy Story 3 to win Best Picture,10,0.2,Jan/17/2011 03:56:29
739993,BEST.PIC:TOY.STORY.3,Toy Story 3 to win Best Picture,6,0.2,Jan/17/2011 03:56:34
739993,BEST.PIC:TOY.STORY.3,Toy Story 3 to win Best Picture,10,0.2,Jan/17/2011 03:56:39
739993,BEST.PIC:TOY.STORY.3,Toy Story 3 to win Best Picture,5,0.3,Jan/17/2011 04:06:08
739993,BEST.PIC:TOY.STORY.3,Toy Story 3 to win Best Picture,5,0.3,Jan/17/2011 04:14:17
739993,BEST.PIC:TOY.STORY.3,Toy Story 3 to win Best Picture,6,0.3,Jan/17/2011 09:21:37
739993,BEST.PIC:TOY.STORY.3,Toy Story 3 to win Best Picture,4,0.3,Jan/17/2011 12:01:10
739993,BEST.PIC:TOY.STORY.3,Toy Story 3 to win Best Picture,5,0.3,Jan/17/2011 12:01:16
739993,BEST.PIC:TOY.STORY.3,Toy Story 3 to win Best Picture,10,0.3,Jan/17/2011 12:01:21
739993,BEST.PIC:TOY.STORY.3,Toy Story 3 to win Best Picture,1,0.3,Jan/17/2011 12:01:26
739993,BEST.PIC:TOY.STORY.3,Toy Story 3 to win Best Picture,10,0.3,Jan/17/2011 14:07:36
739993,BEST.PIC:TOY.STORY.3,Toy Story 3 to win Best Picture,4,0.3,Jan/17/2011 14:07:42
739993,BEST.PIC:TOY.STORY.3,Toy Story 3 to win Best Picture,5,0.2,Jan/17/2011 14:07:48
739993,BEST.PIC:TOY.STORY.3,Toy Story 3 to win Best Picture,10,0.2,Jan/17/2011 14:07:54
739993,BEST.PIC:TOY.STORY.3,Toy Story 3 to win Best Picture,10,0.2,Jan/17/2011 14:08:00
739993,BEST.PIC:TOY.STORY.3,Toy Story 3 to win Best Picture,10,0.2,Jan/17/2011 14:08:06
739993,BEST.PIC:TOY.STORY.3,Toy Story 3 to win Best Picture,10,0.2,Jan/17/2011 14:08:11
739993,BEST.PIC:TOY.STORY.3,Toy Story 3 to win Best Picture,10,0.2,Jan/17/2011 14:08:16
739993,BEST.PIC:TOY.STORY.3,Toy Story 3 to win Best Picture,6,0.2,Jan/17/2011 14:08:21
739993,BEST.PIC:TOY.STORY.3,Toy Story 3 to win Best Picture,10,0.2,Jan/17/2011 14:09:31
739993,BEST.PIC:TOY.STORY.3,Toy Story 3 to win Best Picture,4,0.2,Jan/17/2011 14:09:36
739993,BEST.PIC:TOY.STORY.3,Toy Story 3 to win Best Picture,1,0.2,Jan/17/2011 15:24:51
739993,BEST.PIC:TOY.STORY.3,Toy Story 3 to win Best Picture,10,0.2,Jan/17/2011 15:24:56
739993,BEST.PIC:TOY.STORY.3,Toy Story 3 to win Best Picture,10,0.2,Jan/17/2011 15:25:01
739993,BEST.PIC:TOY.STORY.3,Toy Story 3 to win Best Picture,4,0.2,Jan/17/2011 15:25:06
739993,BEST.PIC:TOY.STORY.3,Toy Story 3 to win Best Picture,3,0.2,Jan/17/2011 15:46:46
739993,BEST.PIC:TOY.STORY.3,Toy Story 3 to win Best Picture,3,0.3,Jan/17/2011 16:16:52
739993,BEST.PIC:TOY.STORY.3,Toy Story 3 to win Best Picture,2,0.3,Jan/17/2011 19:12:13
739993,BEST.PIC:TOY.STORY.3,Toy Story 3 to win Best Picture,5,0.3,Jan/17/2011 19:17:08
739993,BEST.PIC:TOY.STORY.3,Toy Story 3 to win Best Picture,5,0.3,Jan/17/2011 19:28:34
739993,BEST.PIC:TOY.STORY.3,Toy Story 3 to win Best Picture,5,0.3,Jan/17/2011 19:32:11
739993,BEST.PIC:TOY.STORY.3,Toy Story 3 to win Best Picture,10,0.3,Jan/17/2011 20:05:04
739993,BEST.PIC:TOY.STORY.3,Toy Story 3 to win Best Picture,2,0.2,Jan/17/2011 20:05:04
739993,BEST.PIC:TOY.STORY.3,Toy Story 3 to win Best Picture,25,0.2,Jan/17/2011 20:11:58
739993,BEST.PIC:TOY.STORY.3,Toy Story 3 to win Best Picture,75,0.1,Jan/17/2011 20:11:58
739993,BEST.PIC:TOY.STORY.3,Toy Story 3 to win Best Picture,5,0.2,Jan/17/2011 21:50:18
739993,BEST.PIC:TOY.STORY.3,Toy Story 3 to win Best Picture,20,0.2,Jan/19/2011 02:35:24
739993,BEST.PIC:TOY.STORY.3,Toy Story 3 to win Best Picture,3,0.2,Jan/19/2011 16:37:49
739993,BEST.PIC:TOY.STORY.3,Toy Story 3 to win Best Picture,5,0.2,Jan/19/2011 16:48:07
739993,BEST.PIC:TOY.STORY.3,Toy Story 3 to win Best Picture,20,0.2,Jan/19/2011 22:34:57
739993,BEST.PIC:TOY.STORY.3,Toy Story 3 to win Best Picture,1,0.2,Jan/22/2011 13:17:36
739993,BEST.PIC:TOY.STORY.3,Toy Story 3 to win Best Picture,1,0.2,Jan/22/2011 13:17:36
739993,BEST.PIC:TOY.STORY.3,Toy Story 3 to win Best Picture,1,0.2,Jan/22/2011 13:17:36
739993,BEST.PIC:TOY.STORY.3,Toy Story 3 to win Best Picture,2,0.2,Jan/22/2011 13:17:36
739993,BEST.PIC:TOY.STORY.3,Toy Story 3 to win Best Picture,5,0.2,Jan/22/2011 13:17:36
739993,BEST.PIC:TOY.STORY.3,Toy Story 3 to win Best Picture,23,0.2,Jan/22/2011 13:17:36
739993,BEST.PIC:TOY.STORY.3,Toy Story 3 to win Best Picture,44,0.6,Jan/22/2011 23:00:27
739993,BEST.PIC:TOY.STORY.3,Toy Story 3 to win Best Picture,50,0.5,Jan/22/2011 23:00:27
739993,BEST.PIC:TOY.STORY.3,Toy Story 3 to win Best Picture,1,0.2,Jan/22/2011 23:00:27
739993,BEST.PIC:TOY.STORY.3,Toy Story 3 to win Best Picture,1,0.2,Jan/22/2011 23:00:27
739993,BEST.PIC:TOY.STORY.3,Toy Story 3 to win Best Picture,1,0.2,Jan/22/2011 23:00:27
739993,BEST.PIC:TOY.STORY.3,Toy Story 3 to win Best Picture,1,0.2,Jan/22/2011 23:00:27
739993,BEST.PIC:TOY.STORY.3,Toy Story 3 to win Best Picture,1,0.2,Jan/22/2011 23:00:27
739993,BEST.PIC:TOY.STORY.3,Toy Story 3 to win Best Picture,1,0.2,Jan/22/2011 23:00:27
739993,BEST.PIC:TOY.STORY.3,Toy Story 3 to win Best Picture,44,0.8,Jan/22/2011 23:02:09
739993,BEST.PIC:TOY.STORY.3,Toy Story 3 to win Best Picture,50,0.7,Jan/22/2011 23:02:09
739993,BEST.PIC:TOY.STORY.3,Toy Story 3 to win Best Picture,6,0.6,Jan/22/2011 23:02:09
739993,BEST.PIC:TOY.STORY.3,Toy Story 3 to win Best Picture,10,0.6,Jan/24/2011 18:15:14
739993,BEST.PIC:TOY.STORY.3,Toy Story 3 to win Best Picture,45,0.3,Jan/24/2011 18:15:14
739993,BEST.PIC:TOY.STORY.3,Toy Story 3 to win Best Picture,45,0.4,Jan/24/2011 18:15:14
739993,BEST.PIC:TOY.STORY.3,Toy Story 3 to win Best Picture,100,0.5,Jan/24/2011 18:15:14
739993,BEST.PIC:TOY.STORY.3,Toy Story 3 to win Best Picture,35,0.6,Jan/24/2011 19:09:16
739993,BEST.PIC:TOY.STORY.3,Toy Story 3 to win Best Picture,100,0.8,Jan/24/2011 19:09:16
739993,BEST.PIC:TOY.STORY.3,Toy Story 3 to win Best Picture,100,0.5,Jan/25/2011 15:29:31
739993,BEST.PIC:TOY.STORY.3,Toy Story 3 to win Best Picture,10,0.8,Jan/25/2011 17:20:41
739993,BEST.PIC:TOY.STORY.3,Toy Story 3 to win Best Picture,10,0.9,Jan/25/2011 17:20:41
739993,BEST.PIC:TOY.STORY.3,Toy Story 3 to win Best Picture,400,0.5,Jan/25/2011 18:14:52
739993,BEST.PIC:TOY.STORY.3,Toy Story 3 to win Best Picture,1,0.8,Jan/25/2011 18:15:05
739993,BEST.PIC:TOY.STORY.3,Toy Story 3 to win Best Picture,1,0.3,Jan/26/2011 00:41:42
739993,BEST.PIC:TOY.STORY.3,Toy Story 3 to win Best Picture,1,0.3,Jan/26/2011 00:41:42
739993,BEST.PIC:TOY.STORY.3,Toy Story 3 to win Best Picture,1,0.3,Jan/26/2011 00:41:42
739993,BEST.PIC:TOY.STORY.3,Toy Story 3 to win Best Picture,43,0.5,Jan/26/2011 00:41:42
739993,BEST.PIC:TOY.STORY.3,Toy Story 3 to win Best Picture,1,0.3,Jan/26/2011 00:41:42
739993,BEST.PIC:TOY.STORY.3,Toy Story 3 to win Best Picture,1,0.3,Jan/26/2011 00:41:42
739993,BEST.PIC:TOY.STORY.3,Toy Story 3 to win Best Picture,1,0.3,Jan/26/2011 00:41:42
739993,BEST.PIC:TOY.STORY.3,Toy Story 3 to win Best Picture,1,0.3,Jan/26/2011 00:41:42
739993,BEST.PIC:TOY.STORY.3,Toy Story 3 to win Best Picture,7,0.5,Jan/26/2011 00:42:13
739993,BEST.PIC:TOY.STORY.3,Toy Story 3 to win Best Picture,43,0.6,Jan/26/2011 00:42:13
739993,BEST.PIC:TOY.STORY.3,Toy Story 3 to win Best Picture,50,0.7,Jan/26/2011 00:43:45
739993,BEST.PIC:TOY.STORY.3,Toy Story 3 to win Best Picture,43,0.8,Jan/26/2011 00:43:45
739993,BEST.PIC:TOY.STORY.3,Toy Story 3 to win Best Picture,7,0.6,Jan/26/2011 00:43:45
739993,BEST.PIC:TOY.STORY.3,Toy Story 3 to win Best Picture,100,0.8,Jan/26/2011 00:44:11
739993,BEST.PIC:TOY.STORY.3,Toy Story 3 to win Best Picture,1,0.3,Jan/26/2011 23:36:38
739993,BEST.PIC:TOY.STORY.3,Toy Story 3 to win Best Picture,1,0.3,Jan/26/2011 23:36:38
739993,BEST.PIC:TOY.STORY.3,Toy Story 3 to win Best Picture,1,0.3,Jan/26/2011 23:36:38
739993,BEST.PIC:TOY.STORY.3,Toy Story 3 to win Best Picture,1,0.3,Jan/26/2011 23:36:38
739993,BEST.PIC:TOY.STORY.3,Toy Story 3 to win Best Picture,1,0.3,Jan/26/2011 23:36:38
739993,BEST.PIC:TOY.STORY.3,Toy Story 3 to win Best Picture,1,0.3,Jan/26/2011 23:36:38
739993,BEST.PIC:TOY.STORY.3,Toy Story 3 to win Best Picture,1,0.3,Jan/26/2011 23:36:38
739993,BEST.PIC:TOY.STORY.3,Toy Story 3 to win Best Picture,1,0.3,Jan/26/2011 23:36:38
739993,BEST.PIC:TOY.STORY.3,Toy Story 3 to win Best Picture,20,0.3,Jan/26/2011 23:36:38
739993,BEST.PIC:TOY.STORY.3,Toy Story 3 to win Best Picture,1,0.3,Jan/26/2011 23:36:38
739993,BEST.PIC:TOY.STORY.3,Toy Story 3 to win Best Picture,20,0.5,Jan/26/2011 23:37:43
739993,BEST.PIC:TOY.STORY.3,Toy Story 3 to win Best Picture,20,0.4,Jan/26/2011 23:37:43
739993,BEST.PIC:TOY.STORY.3,Toy Story 3 to win Best Picture,1,0.4,Jan/27/2011 00:09:38
739993,BEST.PIC:TOY.STORY.3,Toy Story 3 to win Best Picture,1,0.4,Jan/27/2011 00:12:15
739993,BEST.PIC:TOY.STORY.3,Toy Story 3 to win Best Picture,1,0.4,Jan/27/2011 00:14:49
739993,BEST.PIC:TOY.STORY.3,Toy Story 3 to win Best Picture,1,0.4,Jan/27/2011 00:14:49
739993,BEST.PIC:TOY.STORY.3,Toy Story 3 to win Best Picture,1,0.4,Jan/27/2011 00:18:38
739993,BEST.PIC:TOY.STORY.3,Toy Story 3 to win Best Picture,6,0.4,Jan/27/2011 03:48:06
739993,BEST.PIC:TOY.STORY.3,Toy Story 3 to win Best Picture,1,0.4,Jan/27/2011 04:21:20
739993,BEST.PIC:TOY.STORY.3,Toy Story 3 to win Best Picture,69,0.3,Jan/27/2011 20:52:05
739993,BEST.PIC:TOY.STORY.3,Toy Story 3 to win Best Picture,6,0.3,Jan/27/2011 20:52:18
739993,BEST.PIC:TOY.STORY.3,Toy Story 3 to win Best Picture,1,0.4,Jan/27/2011 20:52:27
739993,BEST.PIC:TOY.STORY.3,Toy Story 3 to win Best Picture,1,0.4,Jan/27/2011 20:52:27
739993,BEST.PIC:TOY.STORY.3,Toy Story 3 to win Best Picture,1,0.4,Jan/27/2011 20:52:27
739993,BEST.PIC:TOY.STORY.3,Toy Story 3 to win Best Picture,1,0.4,Jan/27/2011 20:52:27
739993,BEST.PIC:TOY.STORY.3,Toy Story 3 to win Best Picture,1,0.4,Jan/27/2011 20:52:27
739993,BEST.PIC:TOY.STORY.3,Toy Story 3 to win Best Picture,1,0.5,Jan/27/2011 20:52:43
739993,BEST.PIC:TOY.STORY.3,Toy Story 3 to win Best Picture,2,0.3,Jan/28/2011 22:18:35
739993,BEST.PIC:TOY.STORY.3,Toy Story 3 to win Best Picture,5,0.5,Jan/29/2011 02:01:38
739993,BEST.PIC:TOY.STORY.3,Toy Story 3 to win Best Picture,10,0.3,Jan/30/2011 16:50:09
739993,BEST.PIC:TOY.STORY.3,Toy Story 3 to win Best Picture,13,0.3,Jan/30/2011 17:20:03
739993,BEST.PIC:TOY.STORY.3,Toy Story 3 to win Best Picture,1,0.2,Jan/31/2011 21:28:19
739993,BEST.PIC:TOY.STORY.3,Toy Story 3 to win Best Picture,5,0.3,Jan/31/2011 22:00:52
739993,BEST.PIC:TOY.STORY.3,Toy Story 3 to win Best Picture,50,0.3,Feb/01/2011 18:28:23
739993,BEST.PIC:TOY.STORY.3,Toy Story 3 to win Best Picture,45,0.3,Feb/01/2011 18:28:23
739993,BEST.PIC:TOY.STORY.3,Toy Story 3 to win Best Picture,100,0.4,Feb/01/2011 18:28:38
739993,BEST.PIC:TOY.STORY.3,Toy Story 3 to win Best Picture,100,0.3,Feb/01/2011 23:52:32
739993,BEST.PIC:TOY.STORY.3,Toy Story 3 to win Best Picture,445,0.2,Feb/02/2011 13:26:35
739993,BEST.PIC:TOY.STORY.3,Toy Story 3 to win Best Picture,1,0.2,Feb/04/2011 19:38:48
739993,BEST.PIC:TOY.STORY.3,Toy Story 3 to win Best Picture,1,0.2,Feb/04/2011 21:04:11
739993,BEST.PIC:TOY.STORY.3,Toy Story 3 to win Best Picture,1,0.2,Feb/04/2011 22:38:27
739993,BEST.PIC:TOY.STORY.3,Toy Story 3 to win Best Picture,1,0.2,Feb/05/2011 03:10:25
739993,BEST.PIC:TOY.STORY.3,Toy Story 3 to win Best Picture,50,0.2,Feb/06/2011 09:10:20
739993,BEST.PIC:TOY.STORY.3,Toy Story 3 to win Best Picture,1,0.1,Feb/06/2011 17:07:19
739993,BEST.PIC:TOY.STORY.3,Toy Story 3 to win Best Picture,4,0.1,Feb/06/2011 17:08:50
739993,BEST.PIC:TOY.STORY.3,Toy Story 3 to win Best Picture,4,0.1,Feb/06/2011 18:01:09
739993,BEST.PIC:TOY.STORY.3,Toy Story 3 to win Best Picture,50,0.2,Feb/08/2011 20:24:51
739993,BEST.PIC:TOY.STORY.3,Toy Story 3 to win Best Picture,1,0.2,Feb/10/2011 07:52:26
739993,BEST.PIC:TOY.STORY.3,Toy Story 3 to win Best Picture,2,0.1,Feb/11/2011 16:00:43
739993,BEST.PIC:TOY.STORY.3,Toy Story 3 to win Best Picture,3,0.1,Feb/11/2011 16:03:04
739993,BEST.PIC:TOY.STORY.3,Toy Story 3 to win Best Picture,5,0.1,Feb/11/2011 16:05:28
739993,BEST.PIC:TOY.STORY.3,Toy Story 3 to win Best Picture,4,0.1,Feb/11/2011 16:08:26
739993,BEST.PIC:TOY.STORY.3,Toy Story 3 to win Best Picture,1,0.1,Feb/11/2011 16:10:17
739993,BEST.PIC:TOY.STORY.3,Toy Story 3 to win Best Picture,30,0.1,Feb/12/2011 17:22:39
739993,BEST.PIC:TOY.STORY.3,Toy Story 3 to win Best Picture,5,0.1,Feb/12/2011 17:23:12
739993,BEST.PIC:TOY.STORY.3,Toy Story 3 to win Best Picture,14,0.1,Feb/12/2011 17:26:26
739993,BEST.PIC:TOY.STORY.3,Toy Story 3 to win Best Picture,4,0.1,Feb/12/2011 18:09:34
739993,BEST.PIC:TOY.STORY.3,Toy Story 3 to win Best Picture,2,0.1,Feb/12/2011 18:12:01
739993,BEST.PIC:TOY.STORY.3,Toy Story 3 to win Best Picture,199,0.2,Feb/13/2011 18:13:17
739993,BEST.PIC:TOY.STORY.3,Toy Story 3 to win Best Picture,2,0.2,Feb/13/2011 18:13:17
739993,BEST.PIC:TOY.STORY.3,Toy Story 3 to win Best Picture,1,0.2,Feb/13/2011 18:13:17
739993,BEST.PIC:TOY.STORY.3,Toy Story 3 to win Best Picture,10,0.2,Feb/13/2011 18:13:17
739993,BEST.PIC:TOY.STORY.3,Toy Story 3 to win Best Picture,5,0.2,Feb/13/2011 18:13:17
739993,BEST.PIC:TOY.STORY.3,Toy Story 3 to win Best Picture,2,0.2,Feb/13/2011 18:13:17
739993,BEST.PIC:TOY.STORY.3,Toy Story 3 to win Best Picture,2,0.2,Feb/13/2011 18:13:17
739993,BEST.PIC:TOY.STORY.3,Toy Story 3 to win Best Picture,1,0.2,Feb/13/2011 18:13:17
739993,BEST.PIC:TOY.STORY.3,Toy Story 3 to win Best Picture,200,0.3,Feb/15/2011 13:08:36
739993,BEST.PIC:TOY.STORY.3,Toy Story 3 to win Best Picture,2,0.3,Feb/15/2011 13:08:36
739993,BEST.PIC:TOY.STORY.3,Toy Story 3 to win Best Picture,1,0.4,Feb/15/2011 13:08:36
739993,BEST.PIC:TOY.STORY.3,Toy Story 3 to win Best Picture,5,0.3,Feb/15/2011 13:08:36
739993,BEST.PIC:TOY.STORY.3,Toy Story 3 to win Best Picture,5,0.3,Feb/15/2011 13:08:36
739993,BEST.PIC:TOY.STORY.3,Toy Story 3 to win Best Picture,6,0.2,Feb/15/2011 13:08:36
739993,BEST.PIC:TOY.STORY.3,Toy Story 3 to win Best Picture,5,0.2,Feb/15/2011 13:08:36
739993,BEST.PIC:TOY.STORY.3,Toy Story 3 to win Best Picture,99,0.4,Feb/15/2011 13:08:36
739993,BEST.PIC:TOY.STORY.3,Toy Story 3 to win Best Picture,100,0.2,Feb/15/2011 13:08:36
739993,BEST.PIC:TOY.STORY.3,Toy Story 3 to win Best Picture,5,0.2,Feb/15/2011 13:08:36
739993,BEST.PIC:TOY.STORY.3,Toy Story 3 to win Best Picture,5,0.2,Feb/15/2011 13:08:36
739993,BEST.PIC:TOY.STORY.3,Toy Story 3 to win Best Picture,4,0.2,Feb/15/2011 13:08:36
739993,BEST.PIC:TOY.STORY.3,Toy Story 3 to win Best Picture,1,0.4,Feb/15/2011 20:56:41
739993,BEST.PIC:TOY.STORY.3,Toy Story 3 to win Best Picture,1,0.5,Feb/15/2011 21:20:47
739993,BEST.PIC:TOY.STORY.3,Toy Story 3 to win Best Picture,200,0.5,Feb/15/2011 21:20:47
739993,BEST.PIC:TOY.STORY.3,Toy Story 3 to win Best Picture,31,0.6,Feb/15/2011 21:23:16
739993,BEST.PIC:TOY.STORY.3,Toy Story 3 to win Best Picture,2,0.5,Feb/18/2011 09:37:47
739993,BEST.PIC:TOY.STORY.3,Toy Story 3 to win Best Picture,699,0.6,Feb/18/2011 09:37:47
739993,BEST.PIC:TOY.STORY.3,Toy Story 3 to win Best Picture,100,0.5,Feb/18/2011 09:37:47
739993,BEST.PIC:TOY.STORY.3,Toy Story 3 to win Best Picture,30,0.5,Feb/18/2011 09:37:47
739993,BEST.PIC:TOY.STORY.3,Toy Story 3 to win Best Picture,50,0.6,Feb/18/2011 09:37:47
739993,BEST.PIC:TOY.STORY.3,Toy Story 3 to win Best Picture,269,0.6,Feb/18/2011 09:37:47
739993,BEST.PIC:TOY.STORY.3,Toy Story 3 to win Best Picture,1,0.6,Feb/18/2011 09:38:04
739993,BEST.PIC:TOY.STORY.3,Toy Story 3 to win Best Picture,500,0.6,Feb/18/2011 14:27:30
739993,BEST.PIC:TOY.STORY.3,Toy Story 3 to win Best Picture,5,0.4,Feb/18/2011 15:55:58
739993,BEST.PIC:TOY.STORY.3,Toy Story 3 to win Best Picture,8,0.4,Feb/18/2011 15:58:18
739993,BEST.PIC:TOY.STORY.3,Toy Story 3 to win Best Picture,5,0.4,Feb/18/2011 16:41:43
739993,BEST.PIC:TOY.STORY.3,Toy Story 3 to win Best Picture,2,0.6,Feb/18/2011 16:47:00
739993,BEST.PIC:TOY.STORY.3,Toy Story 3 to win Best Picture,5,0.5,Feb/18/2011 16:47:00
739993,BEST.PIC:TOY.STORY.3,Toy Story 3 to win Best Picture,2,0.4,Feb/18/2011 23:33:29
739993,BEST.PIC:TOY.STORY.3,Toy Story 3 to win Best Picture,118,0.4,Feb/19/2011 10:56:08
739993,BEST.PIC:TOY.STORY.3,Toy Story 3 to win Best Picture,4,0.5,Feb/19/2011 10:56:08
739993,BEST.PIC:TOY.STORY.3,Toy Story 3 to win Best Picture,4,0.3,Feb/19/2011 10:56:08
739993,BEST.PIC:TOY.STORY.3,Toy Story 3 to win Best Picture,100,0.3,Feb/19/2011 10:56:08
739993,BEST.PIC:TOY.STORY.3,Toy Story 3 to win Best Picture,3,0.2,Feb/19/2011 10:56:08
739993,BEST.PIC:TOY.STORY.3,Toy Story 3 to win Best Picture,5,0.4,Feb/19/2011 10:56:08
739993,BEST.PIC:TOY.STORY.3,Toy Story 3 to win Best Picture,2,0.6,Feb/19/2011 10:56:30
739993,BEST.PIC:TOY.STORY.3,Toy Story 3 to win Best Picture,1,0.5,Feb/19/2011 10:56:30
739993,BEST.PIC:TOY.STORY.3,Toy Story 3 to win Best Picture,5,0.1,Feb/20/2011 06:25:46
739993,BEST.PIC:TOY.STORY.3,Toy Story 3 to win Best Picture,20,0.1,Feb/20/2011 06:32:42
739993,BEST.PIC:TOY.STORY.3,Toy Story 3 to win Best Picture,5,0.2,Feb/20/2011 21:33:12
739993,BEST.PIC:TOY.STORY.3,Toy Story 3 to win Best Picture,5,0.2,Feb/20/2011 21:33:12
739993,BEST.PIC:TOY.STORY.3,Toy Story 3 to win Best Picture,10,0.2,Feb/20/2011 21:33:12
739993,BEST.PIC:TOY.STORY.3,Toy Story 3 to win Best Picture,2,0.3,Feb/21/2011 16:48:02
739993,BEST.PIC:TOY.STORY.3,Toy Story 3 to win Best Picture,4,0.3,Feb/21/2011 16:48:02
739993,BEST.PIC:TOY.STORY.3,Toy Story 3 to win Best Picture,5,0.3,Feb/21/2011 16:48:02
739993,BEST.PIC:TOY.STORY.3,Toy Story 3 to win Best Picture,5,0.3,Feb/21/2011 16:48:02
739993,BEST.PIC:TOY.STORY.3,Toy Story 3 to win Best Picture,1,0.3,Feb/21/2011 16:48:02
739993,BEST.PIC:TOY.STORY.3,Toy Story 3 to win Best Picture,2,0.3,Feb/21/2011 16:48:02
739993,BEST.PIC:TOY.STORY.3,Toy Story 3 to win Best Picture,10,0.2,Feb/21/2011 18:47:44
739993,BEST.PIC:TOY.STORY.3,Toy Story 3 to win Best Picture,4,0.2,Feb/21/2011 18:52:02
739993,BEST.PIC:TOY.STORY.3,Toy Story 3 to win Best Picture,4,0.3,Feb/21/2011 20:47:04
739993,BEST.PIC:TOY.STORY.3,Toy Story 3 to win Best Picture,10,0.3,Feb/21/2011 20:47:04
739993,BEST.PIC:TOY.STORY.3,Toy Story 3 to win Best Picture,10,0.3,Feb/21/2011 20:47:04
739993,BEST.PIC:TOY.STORY.3,Toy Story 3 to win Best Picture,2,0.3,Feb/21/2011 20:47:04
739993,BEST.PIC:TOY.STORY.3,Toy Story 3 to win Best Picture,10,0.3,Feb/21/2011 20:47:04
739993,BEST.PIC:TOY.STORY.3,Toy Story 3 to win Best Picture,9,0.3,Feb/21/2011 20:47:04
739993,BEST.PIC:TOY.STORY.3,Toy Story 3 to win Best Picture,5,0.3,Feb/21/2011 20:47:04
739993,BEST.PIC:TOY.STORY.3,Toy Story 3 to win Best Picture,12,0.3,Feb/21/2011 20:47:04
739993,BEST.PIC:TOY.STORY.3,Toy Story 3 to win Best Picture,20,0.3,Feb/21/2011 20:47:04
739993,BEST.PIC:TOY.STORY.3,Toy Story 3 to win Best Picture,5,0.3,Feb/21/2011 20:47:04
739993,BEST.PIC:TOY.STORY.3,Toy Story 3 to win Best Picture,8,0.2,Feb/23/2011 06:24:04
739993,BEST.PIC:TOY.STORY.3,Toy Story 3 to win Best Picture,32,0.2,Feb/23/2011 13:50:17
739993,BEST.PIC:TOY.STORY.3,Toy Story 3 to win Best Picture,5,0.2,Feb/23/2011 13:53:53
739993,BEST.PIC:TOY.STORY.3,Toy Story 3 to win Best Picture,1,0.3,Feb/23/2011 13:56:45
739993,BEST.PIC:TOY.STORY.3,Toy Story 3 to win Best Picture,20,0.2,Feb/23/2011 16:21:39
739993,BEST.PIC:TOY.STORY.3,Toy Story 3 to win Best Picture,4,0.4,Feb/23/2011 17:45:12
739993,BEST.PIC:TOY.STORY.3,Toy Story 3 to win Best Picture,3,0.4,Feb/23/2011 17:45:12
739993,BEST.PIC:TOY.STORY.3,Toy Story 3 to win Best Picture,5,0.4,Feb/23/2011 17:45:12
739993,BEST.PIC:TOY.STORY.3,Toy Story 3 to win Best Picture,3,0.4,Feb/23/2011 17:45:12
739993,BEST.PIC:TOY.STORY.3,Toy Story 3 to win Best Picture,103,0.3,Feb/23/2011 17:45:12
739993,BEST.PIC:TOY.STORY.3,Toy Story 3 to win Best Picture,5,0.4,Feb/23/2011 17:45:12
739993,BEST.PIC:TOY.STORY.3,Toy Story 3 to win Best Picture,10,0.4,Feb/23/2011 17:45:12
739993,BEST.PIC:TOY.STORY.3,Toy Story 3 to win Best Picture,7,0.4,Feb/23/2011 17:45:12
739993,BEST.PIC:TOY.STORY.3,Toy Story 3 to win Best Picture,10,0.4,Feb/23/2011 17:45:12
739993,BEST.PIC:TOY.STORY.3,Toy Story 3 to win Best Picture,2,0.4,Feb/23/2011 17:45:12
739993,BEST.PIC:TOY.STORY.3,Toy Story 3 to win Best Picture,5,0.4,Feb/23/2011 17:45:12
739993,BEST.PIC:TOY.STORY.3,Toy Story 3 to win Best Picture,6,0.4,Feb/23/2011 17:45:12
739993,BEST.PIC:TOY.STORY.3,Toy Story 3 to win Best Picture,12,0.4,Feb/23/2011 17:45:12
739993,BEST.PIC:TOY.STORY.3,Toy Story 3 to win Best Picture,80,0.4,Feb/23/2011 17:45:12
739993,BEST.PIC:TOY.STORY.3,Toy Story 3 to win Best Picture,1,0.4,Feb/23/2011 22:31:06
739993,BEST.PIC:TOY.STORY.3,Toy Story 3 to win Best Picture,9,0.4,Feb/23/2011 22:37:43
739993,BEST.PIC:TOY.STORY.3,Toy Story 3 to win Best Picture,1,0.4,Feb/23/2011 22:59:12
739993,BEST.PIC:TOY.STORY.3,Toy Story 3 to win Best Picture,10,0.4,Feb/24/2011 01:34:15
739993,BEST.PIC:TOY.STORY.3,Toy Story 3 to win Best Picture,5,0.4,Feb/24/2011 02:17:28
739993,BEST.PIC:TOY.STORY.3,Toy Story 3 to win Best Picture,35,0.4,Feb/24/2011 03:55:26
739993,BEST.PIC:TOY.STORY.3,Toy Story 3 to win Best Picture,4,0.4,Feb/24/2011 13:23:12
739993,BEST.PIC:TOY.STORY.3,Toy Story 3 to win Best Picture,10,0.4,Feb/24/2011 15:20:34
739993,BEST.PIC:TOY.STORY.3,Toy Story 3 to win Best Picture,10,0.4,Feb/24/2011 15:23:07
739993,BEST.PIC:TOY.STORY.3,Toy Story 3 to win Best Picture,3,0.4,Feb/24/2011 15:31:42
739993,BEST.PIC:TOY.STORY.3,Toy Story 3 to win Best Picture,112,0.4,Feb/24/2011 17:20:08
739993,BEST.PIC:TOY.STORY.3,Toy Story 3 to win Best Picture,1,0.1,Feb/24/2011 23:31:46
739993,BEST.PIC:TOY.STORY.3,Toy Story 3 to win Best Picture,10,0.1,Feb/25/2011 00:56:18
739993,BEST.PIC:TOY.STORY.3,Toy Story 3 to win Best Picture,10,0.1,Feb/25/2011 01:00:46
739993,BEST.PIC:TOY.STORY.3,Toy Story 3 to win Best Picture,20,0.1,Feb/25/2011 01:02:31
739993,BEST.PIC:TOY.STORY.3,Toy Story 3 to win Best Picture,18,0.1,Feb/25/2011 01:04:05
739993,BEST.PIC:TOY.STORY.3,Toy Story 3 to win Best Picture,1,0.2,Feb/25/2011 01:25:15
739993,BEST.PIC:TOY.STORY.3,Toy Story 3 to win Best Picture,20,0.1,Feb/25/2011 02:35:44
739993,BEST.PIC:TOY.STORY.3,Toy Story 3 to win Best Picture,20,0.1,Feb/25/2011 03:06:20
739993,BEST.PIC:TOY.STORY.3,Toy Story 3 to win Best Picture,1,0.1,Feb/25/2011 03:08:27
739993,BEST.PIC:TOY.STORY.3,Toy Story 3 to win Best Picture,19,0.1,Feb/25/2011 03:08:27
739993,BEST.PIC:TOY.STORY.3,Toy Story 3 to win Best Picture,1,0.1,Feb/25/2011 06:31:06
739993,BEST.PIC:TOY.STORY.3,Toy Story 3 to win Best Picture,1,0.1,Feb/25/2011 06:38:49
739993,BEST.PIC:TOY.STORY.3,Toy Story 3 to win Best Picture,1,0.1,Feb/25/2011 06:38:54
739993,BEST.PIC:TOY.STORY.3,Toy Story 3 to win Best Picture,1,0.1,Feb/25/2011 06:39:00
739993,BEST.PIC:TOY.STORY.3,Toy Story 3 to win Best Picture,10,0.1,Feb/25/2011 16:52:04
739993,BEST.PIC:TOY.STORY.3,Toy Story 3 to win Best Picture,7,0.1,Feb/25/2011 17:40:13
739993,BEST.PIC:TOY.STORY.3,Toy Story 3 to win Best Picture,10,0.1,Feb/25/2011 17:40:19
739993,BEST.PIC:TOY.STORY.3,Toy Story 3 to win Best Picture,9,0.2,Feb/25/2011 20:48:55
739993,BEST.PIC:TOY.STORY.3,Toy Story 3 to win Best Picture,5,0.2,Feb/25/2011 20:48:55
739993,BEST.PIC:TOY.STORY.3,Toy Story 3 to win Best Picture,9,0.2,Feb/25/2011 20:48:55
739993,BEST.PIC:TOY.STORY.3,Toy Story 3 to win Best Picture,5,0.1,Feb/25/2011 20:57:14
739993,BEST.PIC:TOY.STORY.3,Toy Story 3 to win Best Picture,5,0.1,Feb/25/2011 20:57:20
739993,BEST.PIC:TOY.STORY.3,Toy Story 3 to win Best Picture,10,0.1,Feb/25/2011 20:57:25
739993,BEST.PIC:TOY.STORY.3,Toy Story 3 to win Best Picture,10,0.1,Feb/25/2011 20:57:31
739993,BEST.PIC:TOY.STORY.3,Toy Story 3 to win Best Picture,10,0.1,Feb/25/2011 20:57:36
739993,BEST.PIC:TOY.STORY.3,Toy Story 3 to win Best Picture,5,0.1,Feb/25/2011 21:00:57
739993,BEST.PIC:TOY.STORY.3,Toy Story 3 to win Best Picture,500,0.2,Feb/25/2011 22:50:00
739993,BEST.PIC:TOY.STORY.3,Toy Story 3 to win Best Picture,11,0.2,Feb/25/2011 22:50:00
739993,BEST.PIC:TOY.STORY.3,Toy Story 3 to win Best Picture,20,0.2,Feb/26/2011 16:17:41
739993,BEST.PIC:TOY.STORY.3,Toy Story 3 to win Best Picture,10,0.2,Feb/26/2011 17:26:34
739993,BEST.PIC:TOY.STORY.3,Toy Story 3 to win Best Picture,3,0.2,Feb/26/2011 21:27:19
739993,BEST.PIC:TOY.STORY.3,Toy Story 3 to win Best Picture,1,0.2,Feb/26/2011 22:25:13
739993,BEST.PIC:TOY.STORY.3,Toy Story 3 to win Best Picture,10,0.2,Feb/26/2011 22:46:16
739993,BEST.PIC:TOY.STORY.3,Toy Story 3 to win Best Picture,13,0.2,Feb/27/2011 00:55:30
739993,BEST.PIC:TOY.STORY.3,Toy Story 3 to win Best Picture,1,0.2,Feb/27/2011 04:02:22
739993,BEST.PIC:TOY.STORY.3,Toy Story 3 to win Best Picture,5,0.2,Feb/27/2011 15:07:19
739993,BEST.PIC:TOY.STORY.3,Toy Story 3 to win Best Picture,10,0.3,Feb/27/2011 18:06:29
739993,BEST.PIC:TOY.STORY.3,Toy Story 3 to win Best Picture,10,0.3,Feb/27/2011 19:39:35
739993,BEST.PIC:TOY.STORY.3,Toy Story 3 to win Best Picture,10,0.3,Feb/27/2011 19:39:35
739993,BEST.PIC:TOY.STORY.3,Toy Story 3 to win Best Picture,500,0.4,Feb/27/2011 19:39:35
739993,BEST.PIC:TOY.STORY.3,Toy Story 3 to win Best Picture,500,0.3,Feb/27/2011 19:39:35
739993,BEST.PIC:TOY.STORY.3,Toy Story 3 to win Best Picture,9,0.3,Feb/27/2011 19:39:35
739993,BEST.PIC:TOY.STORY.3,Toy Story 3 to win Best Picture,100,0.4,Feb/27/2011 19:39:35
739993,BEST.PIC:TOY.STORY.3,Toy Story 3 to win Best Picture,5,0.5,Feb/27/2011 19:40:06
739993,BEST.PIC:TOY.STORY.3,Toy Story 3 to win Best Picture,5,0.5,Feb/27/2011 19:40:06
739993,BEST.PIC:TOY.STORY.3,Toy Story 3 to win Best Picture,10,0.5,Feb/27/2011 19:40:06
739993,BEST.PIC:TOY.STORY.3,Toy Story 3 to win Best Picture,2,0.5,Feb/27/2011 19:40:06
739993,BEST.PIC:TOY.STORY.3,Toy Story 3 to win Best Picture,10,0.5,Feb/27/2011 19:40:06
739993,BEST.PIC:TOY.STORY.3,Toy Story 3 to win Best Picture,5,0.5,Feb/27/2011 19:40:06
739993,BEST.PIC:TOY.STORY.3,Toy Story 3 to win Best Picture,360,0.5,Feb/27/2011 19:40:06
739993,BEST.PIC:TOY.STORY.3,Toy Story 3 to win Best Picture,3,0.5,Feb/27/2011 19:40:06
739993,BEST.PIC:TOY.STORY.3,Toy Story 3 to win Best Picture,4,0.2,Feb/27/2011 19:40:08
739993,BEST.PIC:TOY.STORY.3,Toy Story 3 to win Best Picture,4,0.3,Feb/27/2011 19:40:53
739993,BEST.PIC:TOY.STORY.3,Toy Story 3 to win Best Picture,1,0.2,Feb/27/2011 20:05:11
739993,BEST.PIC:TOY.STORY.3,Toy Story 3 to win Best Picture,2,0.2,Feb/27/2011 20:55:20
739993,BEST.PIC:TOY.STORY.3,Toy Story 3 to win Best Picture,1,0.2,Feb/27/2011 20:56:37
739993,BEST.PIC:TOY.STORY.3,Toy Story 3 to win Best Picture,2,0.2,Feb/27/2011 21:41:09
739993,BEST.PIC:TOY.STORY.3,Toy Story 3 to win Best Picture,1,0.2,Feb/27/2011 21:44:16
739993,BEST.PIC:TOY.STORY.3,Toy Story 3 to win Best Picture,10,0.2,Feb/27/2011 22:59:54
739993,BEST.PIC:TOY.STORY.3,Toy Story 3 to win Best Picture,5,0.2,Feb/27/2011 23:01:20
739993,BEST.PIC:TOY.STORY.3,Toy Story 3 to win Best Picture,10,0.2,Feb/27/2011 23:01:21
739993,BEST.PIC:TOY.STORY.3,Toy Story 3 to win Best Picture,10,0.2,Feb/27/2011 23:01:43
739993,BEST.PIC:TOY.STORY.3,Toy Story 3 to win Best Picture,4,0.2,Feb/27/2011 23:02:21
739993,BEST.PIC:TOY.STORY.3,Toy Story 3 to win Best Picture,1,0.2,Feb/27/2011 23:02:21
739993,BEST.PIC:TOY.STORY.3,Toy Story 3 to win Best Picture,4,0.2,Feb/27/2011 23:02:22
739993,BEST.PIC:TOY.STORY.3,Toy Story 3 to win Best Picture,7,0.2,Feb/27/2011 23:02:25
739993,BEST.PIC:TOY.STORY.3,Toy Story 3 to win Best Picture,2,0.2,Feb/28/2011 00:04:18
739993,BEST.PIC:TOY.STORY.3,Toy Story 3 to win Best Picture,5,0.2,Feb/28/2011 00:18:46
739993,BEST.PIC:TOY.STORY.3,Toy Story 3 to win Best Picture,10,0.2,Feb/28/2011 00:18:47
739993,BEST.PIC:TOY.STORY.3,Toy Story 3 to win Best Picture,3,0.2,Feb/28/2011 00:18:49
739993,BEST.PIC:TOY.STORY.3,Toy Story 3 to win Best Picture,10,0.2,Feb/28/2011 00:18:51
739993,BEST.PIC:TOY.STORY.3,Toy Story 3 to win Best Picture,1,0.2,Feb/28/2011 00:19:04
739993,BEST.PIC:TOY.STORY.3,Toy Story 3 to win Best Picture,44,0.3,Feb/28/2011 00:19:18
739993,BEST.PIC:TOY.STORY.3,Toy Story 3 to win Best Picture,1,0.3,Feb/28/2011 00:19:18
739993,BEST.PIC:TOY.STORY.3,Toy Story 3 to win Best Picture,2,0.3,Feb/28/2011 00:19:18
739993,BEST.PIC:TOY.STORY.3,Toy Story 3 to win Best Picture,2,0.3,Feb/28/2011 00:19:18
739993,BEST.PIC:TOY.STORY.3,Toy Story 3 to win Best Picture,1,0.3,Feb/28/2011 00:19:18
739993,BEST.PIC:TOY.STORY.3,Toy Story 3 to win Best Picture,7,0.2,Feb/28/2011 00:50:59
739993,BEST.PIC:TOY.STORY.3,Toy Story 3 to win Best Picture,3,0.2,Feb/28/2011 00:50:59
739993,BEST.PIC:TOY.STORY.3,Toy Story 3 to win Best Picture,5,0.2,Feb/28/2011 00:50:59
739993,BEST.PIC:TOY.STORY.3,Toy Story 3 to win Best Picture,10,0.2,Feb/28/2011 00:50:59
739993,BEST.PIC:TOY.STORY.3,Toy Story 3 to win Best Picture,10,0.2,Feb/28/2011 01:13:02
739993,BEST.PIC:TOY.STORY.3,Toy Story 3 to win Best Picture,10,0.2,Feb/28/2011 01:13:06
739993,BEST.PIC:TOY.STORY.3,Toy Story 3 to win Best Picture,18,0.3,Feb/28/2011 01:16:40
739993,BEST.PIC:TOY.STORY.3,Toy Story 3 to win Best Picture,25,0.3,Feb/28/2011 01:16:40
739993,BEST.PIC:TOY.STORY.3,Toy Story 3 to win Best Picture,1,0.3,Feb/28/2011 01:16:40
739993,BEST.PIC:TOY.STORY.3,Toy Story 3 to win Best Picture,28,0.3,Feb/28/2011 01:16:40
739993,BEST.PIC:TOY.STORY.3,Toy Story 3 to win Best Picture,2,0.3,Feb/28/2011 01:16:40
739993,BEST.PIC:TOY.STORY.3,Toy Story 3 to win Best Picture,6,0.3,Feb/28/2011 01:16:40
739993,BEST.PIC:TOY.STORY.3,Toy Story 3 to win Best Picture,8,0.2,Feb/28/2011 01:44:09
739993,BEST.PIC:TOY.STORY.3,Toy Story 3 to win Best Picture,2,0.3,Feb/28/2011 02:06:46
739993,BEST.PIC:TOY.STORY.3,Toy Story 3 to win Best Picture,3,0.3,Feb/28/2011 02:06:46
739993,BEST.PIC:TOY.STORY.3,Toy Story 3 to win Best Picture,9,0.1,Feb/28/2011 02:11:23
739993,BEST.PIC:TOY.STORY.3,Toy Story 3 to win Best Picture,2,0.1,Feb/28/2011 02:43:34
739993,BEST.PIC:TOY.STORY.3,Toy Story 3 to win Best Picture,8,0.1,Feb/28/2011 03:43:07
739993,BEST.PIC:TOY.STORY.3,Toy Story 3 to win Best Picture,9,0.2,Feb/28/2011 03:54:47
739993,BEST.PIC:TOY.STORY.3,Toy Story 3 to win Best Picture,1,0.2,Feb/28/2011 03:54:47
