market id,market symbol,market name,trade quantity,trade price,date/time [utc]
736490,KORAN.BURNING.11SEP,Reverend Terry Jones Koran burning to go ahead on 11 Sep 2010,10,52.5,Sep/08/2010 19:09:15
736490,KORAN.BURNING.11SEP,Reverend Terry Jones Koran burning to go ahead on 11 Sep 2010,10,52.5,Sep/08/2010 19:09:26
736490,KORAN.BURNING.11SEP,Reverend Terry Jones Koran burning to go ahead on 11 Sep 2010,7,54.0,Sep/08/2010 19:09:46
736490,KORAN.BURNING.11SEP,Reverend Terry Jones Koran burning to go ahead on 11 Sep 2010,7,54.0,Sep/08/2010 19:09:55
736490,KORAN.BURNING.11SEP,Reverend Terry Jones Koran burning to go ahead on 11 Sep 2010,10,50.0,Sep/08/2010 19:10:07
736490,KORAN.BURNING.11SEP,Reverend Terry Jones Koran burning to go ahead on 11 Sep 2010,10,50.0,Sep/08/2010 19:10:14
736490,KORAN.BURNING.11SEP,Reverend Terry Jones Koran burning to go ahead on 11 Sep 2010,25,47.0,Sep/08/2010 19:10:28
736490,KORAN.BURNING.11SEP,Reverend Terry Jones Koran burning to go ahead on 11 Sep 2010,25,47.0,Sep/08/2010 19:10:37
736490,KORAN.BURNING.11SEP,Reverend Terry Jones Koran burning to go ahead on 11 Sep 2010,2,46.5,Sep/08/2010 19:10:50
736490,KORAN.BURNING.11SEP,Reverend Terry Jones Koran burning to go ahead on 11 Sep 2010,2,46.5,Sep/08/2010 19:11:01
736490,KORAN.BURNING.11SEP,Reverend Terry Jones Koran burning to go ahead on 11 Sep 2010,5,50.0,Sep/09/2010 02:08:55
736490,KORAN.BURNING.11SEP,Reverend Terry Jones Koran burning to go ahead on 11 Sep 2010,1,50.1,Sep/09/2010 02:08:55
736490,KORAN.BURNING.11SEP,Reverend Terry Jones Koran burning to go ahead on 11 Sep 2010,1,69.9,Sep/09/2010 02:57:06
736490,KORAN.BURNING.11SEP,Reverend Terry Jones Koran burning to go ahead on 11 Sep 2010,3,68.0,Sep/09/2010 04:18:02
736490,KORAN.BURNING.11SEP,Reverend Terry Jones Koran burning to go ahead on 11 Sep 2010,2,70.0,Sep/09/2010 04:18:02
736490,KORAN.BURNING.11SEP,Reverend Terry Jones Koran burning to go ahead on 11 Sep 2010,1,69.9,Sep/09/2010 08:06:21
736490,KORAN.BURNING.11SEP,Reverend Terry Jones Koran burning to go ahead on 11 Sep 2010,5,55.0,Sep/09/2010 15:01:12
736490,KORAN.BURNING.11SEP,Reverend Terry Jones Koran burning to go ahead on 11 Sep 2010,15,55.0,Sep/09/2010 16:12:01
736490,KORAN.BURNING.11SEP,Reverend Terry Jones Koran burning to go ahead on 11 Sep 2010,20,55.0,Sep/09/2010 16:34:52
736490,KORAN.BURNING.11SEP,Reverend Terry Jones Koran burning to go ahead on 11 Sep 2010,5,55.0,Sep/09/2010 16:45:42
736490,KORAN.BURNING.11SEP,Reverend Terry Jones Koran burning to go ahead on 11 Sep 2010,1,53.5,Sep/09/2010 16:52:27
736490,KORAN.BURNING.11SEP,Reverend Terry Jones Koran burning to go ahead on 11 Sep 2010,1,54.9,Sep/09/2010 16:54:42
736490,KORAN.BURNING.11SEP,Reverend Terry Jones Koran burning to go ahead on 11 Sep 2010,25,55.0,Sep/09/2010 16:54:59
736490,KORAN.BURNING.11SEP,Reverend Terry Jones Koran burning to go ahead on 11 Sep 2010,25,55.0,Sep/09/2010 16:57:31
736490,KORAN.BURNING.11SEP,Reverend Terry Jones Koran burning to go ahead on 11 Sep 2010,1,55.0,Sep/09/2010 16:59:29
736490,KORAN.BURNING.11SEP,Reverend Terry Jones Koran burning to go ahead on 11 Sep 2010,19,55.0,Sep/09/2010 16:59:42
736490,KORAN.BURNING.11SEP,Reverend Terry Jones Koran burning to go ahead on 11 Sep 2010,1,53.5,Sep/09/2010 17:20:37
736490,KORAN.BURNING.11SEP,Reverend Terry Jones Koran burning to go ahead on 11 Sep 2010,6,55.0,Sep/09/2010 17:29:56
736490,KORAN.BURNING.11SEP,Reverend Terry Jones Koran burning to go ahead on 11 Sep 2010,5,55.0,Sep/09/2010 17:44:40
736490,KORAN.BURNING.11SEP,Reverend Terry Jones Koran burning to go ahead on 11 Sep 2010,1,55.0,Sep/09/2010 17:45:34
736490,KORAN.BURNING.11SEP,Reverend Terry Jones Koran burning to go ahead on 11 Sep 2010,2,55.0,Sep/09/2010 17:51:40
736490,KORAN.BURNING.11SEP,Reverend Terry Jones Koran burning to go ahead on 11 Sep 2010,3,54.5,Sep/09/2010 18:20:25
736490,KORAN.BURNING.11SEP,Reverend Terry Jones Koran burning to go ahead on 11 Sep 2010,1,58.8,Sep/09/2010 19:17:13
736490,KORAN.BURNING.11SEP,Reverend Terry Jones Koran burning to go ahead on 11 Sep 2010,20,59.5,Sep/09/2010 19:17:37
736490,KORAN.BURNING.11SEP,Reverend Terry Jones Koran burning to go ahead on 11 Sep 2010,1,59.9,Sep/09/2010 19:17:47
736490,KORAN.BURNING.11SEP,Reverend Terry Jones Koran burning to go ahead on 11 Sep 2010,1,59.9,Sep/09/2010 19:17:47
736490,KORAN.BURNING.11SEP,Reverend Terry Jones Koran burning to go ahead on 11 Sep 2010,22,60.0,Sep/09/2010 19:18:29
736490,KORAN.BURNING.11SEP,Reverend Terry Jones Koran burning to go ahead on 11 Sep 2010,25,60.0,Sep/09/2010 19:18:29
736490,KORAN.BURNING.11SEP,Reverend Terry Jones Koran burning to go ahead on 11 Sep 2010,1,59.9,Sep/09/2010 19:18:29
736490,KORAN.BURNING.11SEP,Reverend Terry Jones Koran burning to go ahead on 11 Sep 2010,25,60.0,Sep/09/2010 19:27:24
736490,KORAN.BURNING.11SEP,Reverend Terry Jones Koran burning to go ahead on 11 Sep 2010,3,60.0,Sep/09/2010 19:27:24
736490,KORAN.BURNING.11SEP,Reverend Terry Jones Koran burning to go ahead on 11 Sep 2010,3,63.0,Sep/09/2010 19:58:59
736490,KORAN.BURNING.11SEP,Reverend Terry Jones Koran burning to go ahead on 11 Sep 2010,2,63.8,Sep/09/2010 20:10:45
736490,KORAN.BURNING.11SEP,Reverend Terry Jones Koran burning to go ahead on 11 Sep 2010,1,62.0,Sep/09/2010 20:45:34
736490,KORAN.BURNING.11SEP,Reverend Terry Jones Koran burning to go ahead on 11 Sep 2010,3,60.0,Sep/09/2010 20:45:34
736490,KORAN.BURNING.11SEP,Reverend Terry Jones Koran burning to go ahead on 11 Sep 2010,21,60.0,Sep/09/2010 20:45:34
736490,KORAN.BURNING.11SEP,Reverend Terry Jones Koran burning to go ahead on 11 Sep 2010,1,60.0,Sep/09/2010 20:46:32
736490,KORAN.BURNING.11SEP,Reverend Terry Jones Koran burning to go ahead on 11 Sep 2010,20,56.5,Sep/09/2010 20:50:36
736490,KORAN.BURNING.11SEP,Reverend Terry Jones Koran burning to go ahead on 11 Sep 2010,1,56.1,Sep/09/2010 20:57:27
736490,KORAN.BURNING.11SEP,Reverend Terry Jones Koran burning to go ahead on 11 Sep 2010,10,56.0,Sep/09/2010 21:01:40
736490,KORAN.BURNING.11SEP,Reverend Terry Jones Koran burning to go ahead on 11 Sep 2010,2,55.6,Sep/09/2010 21:01:48
736490,KORAN.BURNING.11SEP,Reverend Terry Jones Koran burning to go ahead on 11 Sep 2010,13,55.5,Sep/09/2010 21:01:48
736490,KORAN.BURNING.11SEP,Reverend Terry Jones Koran burning to go ahead on 11 Sep 2010,7,55.5,Sep/09/2010 21:02:11
736490,KORAN.BURNING.11SEP,Reverend Terry Jones Koran burning to go ahead on 11 Sep 2010,10,54.0,Sep/09/2010 21:02:16
736490,KORAN.BURNING.11SEP,Reverend Terry Jones Koran burning to go ahead on 11 Sep 2010,7,50.5,Sep/09/2010 21:02:45
736490,KORAN.BURNING.11SEP,Reverend Terry Jones Koran burning to go ahead on 11 Sep 2010,2,51.7,Sep/09/2010 21:02:45
736490,KORAN.BURNING.11SEP,Reverend Terry Jones Koran burning to go ahead on 11 Sep 2010,13,50.5,Sep/09/2010 21:03:02
736490,KORAN.BURNING.11SEP,Reverend Terry Jones Koran burning to go ahead on 11 Sep 2010,1,10.2,Sep/09/2010 21:06:17
736490,KORAN.BURNING.11SEP,Reverend Terry Jones Koran burning to go ahead on 11 Sep 2010,19,10.1,Sep/09/2010 21:06:17
736490,KORAN.BURNING.11SEP,Reverend Terry Jones Koran burning to go ahead on 11 Sep 2010,31,10.1,Sep/09/2010 21:06:43
736490,KORAN.BURNING.11SEP,Reverend Terry Jones Koran burning to go ahead on 11 Sep 2010,59,10.0,Sep/09/2010 21:07:50
736490,KORAN.BURNING.11SEP,Reverend Terry Jones Koran burning to go ahead on 11 Sep 2010,1,10.1,Sep/09/2010 21:09:04
736490,KORAN.BURNING.11SEP,Reverend Terry Jones Koran burning to go ahead on 11 Sep 2010,5,10.0,Sep/09/2010 21:09:30
736490,KORAN.BURNING.11SEP,Reverend Terry Jones Koran burning to go ahead on 11 Sep 2010,20,10.0,Sep/09/2010 21:09:30
736490,KORAN.BURNING.11SEP,Reverend Terry Jones Koran burning to go ahead on 11 Sep 2010,1,10.0,Sep/09/2010 21:10:24
736490,KORAN.BURNING.11SEP,Reverend Terry Jones Koran burning to go ahead on 11 Sep 2010,5,18.0,Sep/09/2010 21:10:48
736490,KORAN.BURNING.11SEP,Reverend Terry Jones Koran burning to go ahead on 11 Sep 2010,1,34.9,Sep/09/2010 21:11:00
736490,KORAN.BURNING.11SEP,Reverend Terry Jones Koran burning to go ahead on 11 Sep 2010,2,10.1,Sep/09/2010 21:12:05
736490,KORAN.BURNING.11SEP,Reverend Terry Jones Koran burning to go ahead on 11 Sep 2010,1,18.9,Sep/09/2010 21:15:50
736490,KORAN.BURNING.11SEP,Reverend Terry Jones Koran burning to go ahead on 11 Sep 2010,20,13.0,Sep/09/2010 21:17:40
736490,KORAN.BURNING.11SEP,Reverend Terry Jones Koran burning to go ahead on 11 Sep 2010,19,12.5,Sep/09/2010 21:17:54
736490,KORAN.BURNING.11SEP,Reverend Terry Jones Koran burning to go ahead on 11 Sep 2010,1,12.7,Sep/09/2010 21:17:54
736490,KORAN.BURNING.11SEP,Reverend Terry Jones Koran burning to go ahead on 11 Sep 2010,5,13.0,Sep/09/2010 21:18:02
736490,KORAN.BURNING.11SEP,Reverend Terry Jones Koran burning to go ahead on 11 Sep 2010,1,13.0,Sep/09/2010 21:18:11
736490,KORAN.BURNING.11SEP,Reverend Terry Jones Koran burning to go ahead on 11 Sep 2010,1,17.9,Sep/09/2010 21:19:39
736490,KORAN.BURNING.11SEP,Reverend Terry Jones Koran burning to go ahead on 11 Sep 2010,19,20.0,Sep/09/2010 21:20:02
736490,KORAN.BURNING.11SEP,Reverend Terry Jones Koran burning to go ahead on 11 Sep 2010,4,11.1,Sep/09/2010 21:20:33
736490,KORAN.BURNING.11SEP,Reverend Terry Jones Koran burning to go ahead on 11 Sep 2010,5,11.1,Sep/09/2010 21:20:33
736490,KORAN.BURNING.11SEP,Reverend Terry Jones Koran burning to go ahead on 11 Sep 2010,1,11.1,Sep/09/2010 21:20:33
736490,KORAN.BURNING.11SEP,Reverend Terry Jones Koran burning to go ahead on 11 Sep 2010,1,10.1,Sep/09/2010 21:20:51
736490,KORAN.BURNING.11SEP,Reverend Terry Jones Koran burning to go ahead on 11 Sep 2010,1,10.1,Sep/09/2010 21:22:17
736490,KORAN.BURNING.11SEP,Reverend Terry Jones Koran burning to go ahead on 11 Sep 2010,4,10.1,Sep/09/2010 21:22:17
736490,KORAN.BURNING.11SEP,Reverend Terry Jones Koran burning to go ahead on 11 Sep 2010,2,8.8,Sep/09/2010 21:22:28
736490,KORAN.BURNING.11SEP,Reverend Terry Jones Koran burning to go ahead on 11 Sep 2010,1,15.4,Sep/09/2010 21:25:01
736490,KORAN.BURNING.11SEP,Reverend Terry Jones Koran burning to go ahead on 11 Sep 2010,10,16.0,Sep/09/2010 21:25:01
736490,KORAN.BURNING.11SEP,Reverend Terry Jones Koran burning to go ahead on 11 Sep 2010,1,15.4,Sep/09/2010 21:25:01
736490,KORAN.BURNING.11SEP,Reverend Terry Jones Koran burning to go ahead on 11 Sep 2010,20,10.0,Sep/09/2010 21:26:14
736490,KORAN.BURNING.11SEP,Reverend Terry Jones Koran burning to go ahead on 11 Sep 2010,1,11.0,Sep/09/2010 21:37:25
736490,KORAN.BURNING.11SEP,Reverend Terry Jones Koran burning to go ahead on 11 Sep 2010,1,12.0,Sep/09/2010 21:45:13
736490,KORAN.BURNING.11SEP,Reverend Terry Jones Koran burning to go ahead on 11 Sep 2010,1,12.0,Sep/09/2010 21:45:18
736490,KORAN.BURNING.11SEP,Reverend Terry Jones Koran burning to go ahead on 11 Sep 2010,1,12.0,Sep/09/2010 21:45:27
736490,KORAN.BURNING.11SEP,Reverend Terry Jones Koran burning to go ahead on 11 Sep 2010,1,12.0,Sep/09/2010 21:47:50
736490,KORAN.BURNING.11SEP,Reverend Terry Jones Koran burning to go ahead on 11 Sep 2010,1,12.0,Sep/09/2010 21:47:54
736490,KORAN.BURNING.11SEP,Reverend Terry Jones Koran burning to go ahead on 11 Sep 2010,1,12.0,Sep/09/2010 21:47:58
736490,KORAN.BURNING.11SEP,Reverend Terry Jones Koran burning to go ahead on 11 Sep 2010,1,17.9,Sep/09/2010 21:51:47
736490,KORAN.BURNING.11SEP,Reverend Terry Jones Koran burning to go ahead on 11 Sep 2010,2,12.0,Sep/09/2010 21:55:17
736490,KORAN.BURNING.11SEP,Reverend Terry Jones Koran burning to go ahead on 11 Sep 2010,1,20.9,Sep/09/2010 22:01:04
736490,KORAN.BURNING.11SEP,Reverend Terry Jones Koran burning to go ahead on 11 Sep 2010,1,21.9,Sep/09/2010 22:01:04
736490,KORAN.BURNING.11SEP,Reverend Terry Jones Koran burning to go ahead on 11 Sep 2010,1,19.9,Sep/09/2010 22:01:04
736490,KORAN.BURNING.11SEP,Reverend Terry Jones Koran burning to go ahead on 11 Sep 2010,1,24.4,Sep/09/2010 22:01:46
736490,KORAN.BURNING.11SEP,Reverend Terry Jones Koran burning to go ahead on 11 Sep 2010,1,24.4,Sep/09/2010 22:01:46
736490,KORAN.BURNING.11SEP,Reverend Terry Jones Koran burning to go ahead on 11 Sep 2010,4,24.5,Sep/09/2010 22:02:01
736490,KORAN.BURNING.11SEP,Reverend Terry Jones Koran burning to go ahead on 11 Sep 2010,3,11.3,Sep/09/2010 22:02:58
736490,KORAN.BURNING.11SEP,Reverend Terry Jones Koran burning to go ahead on 11 Sep 2010,1,17.3,Sep/09/2010 22:03:57
736490,KORAN.BURNING.11SEP,Reverend Terry Jones Koran burning to go ahead on 11 Sep 2010,4,11.3,Sep/09/2010 22:08:50
736490,KORAN.BURNING.11SEP,Reverend Terry Jones Koran burning to go ahead on 11 Sep 2010,1,11.1,Sep/09/2010 22:11:30
736490,KORAN.BURNING.11SEP,Reverend Terry Jones Koran burning to go ahead on 11 Sep 2010,5,12.0,Sep/09/2010 22:11:30
736490,KORAN.BURNING.11SEP,Reverend Terry Jones Koran burning to go ahead on 11 Sep 2010,2,8.8,Sep/09/2010 22:11:30
736490,KORAN.BURNING.11SEP,Reverend Terry Jones Koran burning to go ahead on 11 Sep 2010,2,9.9,Sep/09/2010 22:11:30
736490,KORAN.BURNING.11SEP,Reverend Terry Jones Koran burning to go ahead on 11 Sep 2010,10,7.0,Sep/09/2010 22:11:57
736490,KORAN.BURNING.11SEP,Reverend Terry Jones Koran burning to go ahead on 11 Sep 2010,20,7.0,Sep/09/2010 22:14:08
736490,KORAN.BURNING.11SEP,Reverend Terry Jones Koran burning to go ahead on 11 Sep 2010,1,6.0,Sep/09/2010 22:26:16
736490,KORAN.BURNING.11SEP,Reverend Terry Jones Koran burning to go ahead on 11 Sep 2010,5,6.0,Sep/09/2010 22:32:09
736490,KORAN.BURNING.11SEP,Reverend Terry Jones Koran burning to go ahead on 11 Sep 2010,1,7.0,Sep/09/2010 22:40:11
736490,KORAN.BURNING.11SEP,Reverend Terry Jones Koran burning to go ahead on 11 Sep 2010,5,10.0,Sep/09/2010 22:45:09
736490,KORAN.BURNING.11SEP,Reverend Terry Jones Koran burning to go ahead on 11 Sep 2010,25,10.0,Sep/09/2010 22:57:02
736490,KORAN.BURNING.11SEP,Reverend Terry Jones Koran burning to go ahead on 11 Sep 2010,3,9.0,Sep/09/2010 23:13:17
736490,KORAN.BURNING.11SEP,Reverend Terry Jones Koran burning to go ahead on 11 Sep 2010,10,6.6,Sep/09/2010 23:13:17
736490,KORAN.BURNING.11SEP,Reverend Terry Jones Koran burning to go ahead on 11 Sep 2010,4,6.5,Sep/09/2010 23:13:17
736490,KORAN.BURNING.11SEP,Reverend Terry Jones Koran burning to go ahead on 11 Sep 2010,3,8.0,Sep/09/2010 23:13:17
736490,KORAN.BURNING.11SEP,Reverend Terry Jones Koran burning to go ahead on 11 Sep 2010,1,12.4,Sep/09/2010 23:17:15
736490,KORAN.BURNING.11SEP,Reverend Terry Jones Koran burning to go ahead on 11 Sep 2010,14,6.0,Sep/09/2010 23:30:53
736490,KORAN.BURNING.11SEP,Reverend Terry Jones Koran burning to go ahead on 11 Sep 2010,3,6.6,Sep/09/2010 23:30:53
736490,KORAN.BURNING.11SEP,Reverend Terry Jones Koran burning to go ahead on 11 Sep 2010,33,5.5,Sep/09/2010 23:41:53
736490,KORAN.BURNING.11SEP,Reverend Terry Jones Koran burning to go ahead on 11 Sep 2010,5,8.0,Sep/10/2010 00:07:14
736490,KORAN.BURNING.11SEP,Reverend Terry Jones Koran burning to go ahead on 11 Sep 2010,3,11.9,Sep/10/2010 00:08:26
736490,KORAN.BURNING.11SEP,Reverend Terry Jones Koran burning to go ahead on 11 Sep 2010,20,12.0,Sep/10/2010 00:08:26
736490,KORAN.BURNING.11SEP,Reverend Terry Jones Koran burning to go ahead on 11 Sep 2010,1,11.4,Sep/10/2010 00:08:26
736490,KORAN.BURNING.11SEP,Reverend Terry Jones Koran burning to go ahead on 11 Sep 2010,1,10.0,Sep/10/2010 00:08:26
736490,KORAN.BURNING.11SEP,Reverend Terry Jones Koran burning to go ahead on 11 Sep 2010,1,12.7,Sep/10/2010 00:08:45
736490,KORAN.BURNING.11SEP,Reverend Terry Jones Koran burning to go ahead on 11 Sep 2010,1,12.5,Sep/10/2010 00:08:45
736490,KORAN.BURNING.11SEP,Reverend Terry Jones Koran burning to go ahead on 11 Sep 2010,3,12.9,Sep/10/2010 00:08:45
736490,KORAN.BURNING.11SEP,Reverend Terry Jones Koran burning to go ahead on 11 Sep 2010,34,13.0,Sep/10/2010 00:08:45
736490,KORAN.BURNING.11SEP,Reverend Terry Jones Koran burning to go ahead on 11 Sep 2010,5,10.0,Sep/10/2010 00:11:52
736490,KORAN.BURNING.11SEP,Reverend Terry Jones Koran burning to go ahead on 11 Sep 2010,15,10.0,Sep/10/2010 00:12:59
736490,KORAN.BURNING.11SEP,Reverend Terry Jones Koran burning to go ahead on 11 Sep 2010,3,6.0,Sep/10/2010 00:15:16
736490,KORAN.BURNING.11SEP,Reverend Terry Jones Koran burning to go ahead on 11 Sep 2010,3,6.1,Sep/10/2010 00:15:58
736490,KORAN.BURNING.11SEP,Reverend Terry Jones Koran burning to go ahead on 11 Sep 2010,10,6.1,Sep/10/2010 00:15:58
736490,KORAN.BURNING.11SEP,Reverend Terry Jones Koran burning to go ahead on 11 Sep 2010,6,6.0,Sep/10/2010 00:16:38
736490,KORAN.BURNING.11SEP,Reverend Terry Jones Koran burning to go ahead on 11 Sep 2010,8,6.0,Sep/10/2010 00:16:51
736490,KORAN.BURNING.11SEP,Reverend Terry Jones Koran burning to go ahead on 11 Sep 2010,7,12.0,Sep/10/2010 00:27:33
736490,KORAN.BURNING.11SEP,Reverend Terry Jones Koran burning to go ahead on 11 Sep 2010,5,12.0,Sep/10/2010 00:30:30
736490,KORAN.BURNING.11SEP,Reverend Terry Jones Koran burning to go ahead on 11 Sep 2010,1,12.9,Sep/10/2010 00:31:00
736490,KORAN.BURNING.11SEP,Reverend Terry Jones Koran burning to go ahead on 11 Sep 2010,16,13.0,Sep/10/2010 00:31:00
736490,KORAN.BURNING.11SEP,Reverend Terry Jones Koran burning to go ahead on 11 Sep 2010,5,15.0,Sep/10/2010 00:31:12
736490,KORAN.BURNING.11SEP,Reverend Terry Jones Koran burning to go ahead on 11 Sep 2010,10,18.0,Sep/10/2010 00:31:20
736490,KORAN.BURNING.11SEP,Reverend Terry Jones Koran burning to go ahead on 11 Sep 2010,5,24.3,Sep/10/2010 00:31:31
736490,KORAN.BURNING.11SEP,Reverend Terry Jones Koran burning to go ahead on 11 Sep 2010,20,24.3,Sep/10/2010 00:31:41
736490,KORAN.BURNING.11SEP,Reverend Terry Jones Koran burning to go ahead on 11 Sep 2010,20,25.0,Sep/10/2010 00:31:57
736490,KORAN.BURNING.11SEP,Reverend Terry Jones Koran burning to go ahead on 11 Sep 2010,10,35.0,Sep/10/2010 00:34:13
736490,KORAN.BURNING.11SEP,Reverend Terry Jones Koran burning to go ahead on 11 Sep 2010,10,35.0,Sep/10/2010 00:35:03
736490,KORAN.BURNING.11SEP,Reverend Terry Jones Koran burning to go ahead on 11 Sep 2010,10,35.0,Sep/10/2010 00:36:03
736490,KORAN.BURNING.11SEP,Reverend Terry Jones Koran burning to go ahead on 11 Sep 2010,10,30.0,Sep/10/2010 00:38:22
736490,KORAN.BURNING.11SEP,Reverend Terry Jones Koran burning to go ahead on 11 Sep 2010,1,31.0,Sep/10/2010 00:38:22
736490,KORAN.BURNING.11SEP,Reverend Terry Jones Koran burning to go ahead on 11 Sep 2010,10,30.0,Sep/10/2010 00:46:19
736490,KORAN.BURNING.11SEP,Reverend Terry Jones Koran burning to go ahead on 11 Sep 2010,3,28.1,Sep/10/2010 00:51:27
736490,KORAN.BURNING.11SEP,Reverend Terry Jones Koran burning to go ahead on 11 Sep 2010,7,28.1,Sep/10/2010 00:55:21
736490,KORAN.BURNING.11SEP,Reverend Terry Jones Koran burning to go ahead on 11 Sep 2010,10,28.0,Sep/10/2010 00:56:22
736490,KORAN.BURNING.11SEP,Reverend Terry Jones Koran burning to go ahead on 11 Sep 2010,3,27.5,Sep/10/2010 00:56:33
736490,KORAN.BURNING.11SEP,Reverend Terry Jones Koran burning to go ahead on 11 Sep 2010,7,27.5,Sep/10/2010 00:56:40
736490,KORAN.BURNING.11SEP,Reverend Terry Jones Koran burning to go ahead on 11 Sep 2010,1,27.0,Sep/10/2010 00:56:44
736490,KORAN.BURNING.11SEP,Reverend Terry Jones Koran burning to go ahead on 11 Sep 2010,9,27.0,Sep/10/2010 00:56:50
736490,KORAN.BURNING.11SEP,Reverend Terry Jones Koran burning to go ahead on 11 Sep 2010,10,26.0,Sep/10/2010 00:57:03
736490,KORAN.BURNING.11SEP,Reverend Terry Jones Koran burning to go ahead on 11 Sep 2010,10,25.0,Sep/10/2010 00:57:12
736490,KORAN.BURNING.11SEP,Reverend Terry Jones Koran burning to go ahead on 11 Sep 2010,1,20.0,Sep/10/2010 01:00:36
736490,KORAN.BURNING.11SEP,Reverend Terry Jones Koran burning to go ahead on 11 Sep 2010,1,27.9,Sep/10/2010 01:10:26
736490,KORAN.BURNING.11SEP,Reverend Terry Jones Koran burning to go ahead on 11 Sep 2010,28,28.0,Sep/10/2010 01:11:49
736490,KORAN.BURNING.11SEP,Reverend Terry Jones Koran burning to go ahead on 11 Sep 2010,1,27.4,Sep/10/2010 01:26:19
736490,KORAN.BURNING.11SEP,Reverend Terry Jones Koran burning to go ahead on 11 Sep 2010,19,27.5,Sep/10/2010 01:26:24
736490,KORAN.BURNING.11SEP,Reverend Terry Jones Koran burning to go ahead on 11 Sep 2010,18,22.0,Sep/10/2010 01:43:04
736490,KORAN.BURNING.11SEP,Reverend Terry Jones Koran burning to go ahead on 11 Sep 2010,32,20.5,Sep/10/2010 01:43:26
736490,KORAN.BURNING.11SEP,Reverend Terry Jones Koran burning to go ahead on 11 Sep 2010,1,20.5,Sep/10/2010 01:44:01
736490,KORAN.BURNING.11SEP,Reverend Terry Jones Koran burning to go ahead on 11 Sep 2010,1,20.5,Sep/10/2010 01:58:21
736490,KORAN.BURNING.11SEP,Reverend Terry Jones Koran burning to go ahead on 11 Sep 2010,3,20.5,Sep/10/2010 02:03:38
736490,KORAN.BURNING.11SEP,Reverend Terry Jones Koran burning to go ahead on 11 Sep 2010,3,20.5,Sep/10/2010 02:05:05
736490,KORAN.BURNING.11SEP,Reverend Terry Jones Koran burning to go ahead on 11 Sep 2010,10,20.5,Sep/10/2010 02:05:05
736490,KORAN.BURNING.11SEP,Reverend Terry Jones Koran burning to go ahead on 11 Sep 2010,9,20.0,Sep/10/2010 02:05:15
736490,KORAN.BURNING.11SEP,Reverend Terry Jones Koran burning to go ahead on 11 Sep 2010,1,18.0,Sep/10/2010 02:26:24
736490,KORAN.BURNING.11SEP,Reverend Terry Jones Koran burning to go ahead on 11 Sep 2010,2,18.0,Sep/10/2010 02:32:13
736490,KORAN.BURNING.11SEP,Reverend Terry Jones Koran burning to go ahead on 11 Sep 2010,2,18.0,Sep/10/2010 02:37:30
736490,KORAN.BURNING.11SEP,Reverend Terry Jones Koran burning to go ahead on 11 Sep 2010,1,13.0,Sep/10/2010 03:24:25
736490,KORAN.BURNING.11SEP,Reverend Terry Jones Koran burning to go ahead on 11 Sep 2010,10,13.1,Sep/10/2010 03:52:40
736490,KORAN.BURNING.11SEP,Reverend Terry Jones Koran burning to go ahead on 11 Sep 2010,2,13.1,Sep/10/2010 04:15:23
736490,KORAN.BURNING.11SEP,Reverend Terry Jones Koran burning to go ahead on 11 Sep 2010,1,29.9,Sep/10/2010 04:18:23
736490,KORAN.BURNING.11SEP,Reverend Terry Jones Koran burning to go ahead on 11 Sep 2010,1,27.7,Sep/10/2010 04:18:23
736490,KORAN.BURNING.11SEP,Reverend Terry Jones Koran burning to go ahead on 11 Sep 2010,10,17.0,Sep/10/2010 04:55:01
736490,KORAN.BURNING.11SEP,Reverend Terry Jones Koran burning to go ahead on 11 Sep 2010,3,11.2,Sep/10/2010 05:25:18
736490,KORAN.BURNING.11SEP,Reverend Terry Jones Koran burning to go ahead on 11 Sep 2010,1,12.5,Sep/10/2010 05:25:18
736490,KORAN.BURNING.11SEP,Reverend Terry Jones Koran burning to go ahead on 11 Sep 2010,1,12.0,Sep/10/2010 05:25:18
736490,KORAN.BURNING.11SEP,Reverend Terry Jones Koran burning to go ahead on 11 Sep 2010,2,11.5,Sep/10/2010 05:25:18
736490,KORAN.BURNING.11SEP,Reverend Terry Jones Koran burning to go ahead on 11 Sep 2010,3,11.3,Sep/10/2010 05:25:18
736490,KORAN.BURNING.11SEP,Reverend Terry Jones Koran burning to go ahead on 11 Sep 2010,1,19.9,Sep/10/2010 06:15:47
736490,KORAN.BURNING.11SEP,Reverend Terry Jones Koran burning to go ahead on 11 Sep 2010,1,21.9,Sep/10/2010 06:31:09
736490,KORAN.BURNING.11SEP,Reverend Terry Jones Koran burning to go ahead on 11 Sep 2010,2,21.1,Sep/10/2010 06:59:14
736490,KORAN.BURNING.11SEP,Reverend Terry Jones Koran burning to go ahead on 11 Sep 2010,1,20.0,Sep/10/2010 06:59:14
736490,KORAN.BURNING.11SEP,Reverend Terry Jones Koran burning to go ahead on 11 Sep 2010,1,21.0,Sep/10/2010 06:59:14
736490,KORAN.BURNING.11SEP,Reverend Terry Jones Koran burning to go ahead on 11 Sep 2010,1,20.0,Sep/10/2010 06:59:14
736490,KORAN.BURNING.11SEP,Reverend Terry Jones Koran burning to go ahead on 11 Sep 2010,1,24.8,Sep/10/2010 07:13:36
736490,KORAN.BURNING.11SEP,Reverend Terry Jones Koran burning to go ahead on 11 Sep 2010,10,22.2,Sep/10/2010 08:38:49
736490,KORAN.BURNING.11SEP,Reverend Terry Jones Koran burning to go ahead on 11 Sep 2010,1,19.1,Sep/10/2010 09:50:09
736490,KORAN.BURNING.11SEP,Reverend Terry Jones Koran burning to go ahead on 11 Sep 2010,1,15.1,Sep/10/2010 10:20:56
736490,KORAN.BURNING.11SEP,Reverend Terry Jones Koran burning to go ahead on 11 Sep 2010,1,15.1,Sep/10/2010 10:20:56
736490,KORAN.BURNING.11SEP,Reverend Terry Jones Koran burning to go ahead on 11 Sep 2010,1,15.1,Sep/10/2010 11:33:42
736490,KORAN.BURNING.11SEP,Reverend Terry Jones Koran burning to go ahead on 11 Sep 2010,1,15.1,Sep/10/2010 12:10:20
736490,KORAN.BURNING.11SEP,Reverend Terry Jones Koran burning to go ahead on 11 Sep 2010,2,11.5,Sep/10/2010 14:07:22
736490,KORAN.BURNING.11SEP,Reverend Terry Jones Koran burning to go ahead on 11 Sep 2010,3,10.0,Sep/10/2010 14:20:22
736490,KORAN.BURNING.11SEP,Reverend Terry Jones Koran burning to go ahead on 11 Sep 2010,10,13.6,Sep/10/2010 14:27:06
736490,KORAN.BURNING.11SEP,Reverend Terry Jones Koran burning to go ahead on 11 Sep 2010,7,10.0,Sep/10/2010 14:28:45
736490,KORAN.BURNING.11SEP,Reverend Terry Jones Koran burning to go ahead on 11 Sep 2010,2,5.2,Sep/10/2010 14:39:36
736490,KORAN.BURNING.11SEP,Reverend Terry Jones Koran burning to go ahead on 11 Sep 2010,2,3.5,Sep/10/2010 14:39:54
736490,KORAN.BURNING.11SEP,Reverend Terry Jones Koran burning to go ahead on 11 Sep 2010,5,3.1,Sep/10/2010 14:40:08
736490,KORAN.BURNING.11SEP,Reverend Terry Jones Koran burning to go ahead on 11 Sep 2010,5,4.0,Sep/10/2010 14:56:06
736490,KORAN.BURNING.11SEP,Reverend Terry Jones Koran burning to go ahead on 11 Sep 2010,3,4.4,Sep/10/2010 14:56:29
736490,KORAN.BURNING.11SEP,Reverend Terry Jones Koran burning to go ahead on 11 Sep 2010,1,11.9,Sep/10/2010 15:23:42
736490,KORAN.BURNING.11SEP,Reverend Terry Jones Koran burning to go ahead on 11 Sep 2010,5,12.0,Sep/10/2010 15:23:42
736490,KORAN.BURNING.11SEP,Reverend Terry Jones Koran burning to go ahead on 11 Sep 2010,2,15.0,Sep/10/2010 15:23:42
736490,KORAN.BURNING.11SEP,Reverend Terry Jones Koran burning to go ahead on 11 Sep 2010,5,6.0,Sep/10/2010 15:45:34
736490,KORAN.BURNING.11SEP,Reverend Terry Jones Koran burning to go ahead on 11 Sep 2010,1,6.5,Sep/10/2010 16:31:58
736490,KORAN.BURNING.11SEP,Reverend Terry Jones Koran burning to go ahead on 11 Sep 2010,1,6.1,Sep/10/2010 16:32:13
736490,KORAN.BURNING.11SEP,Reverend Terry Jones Koran burning to go ahead on 11 Sep 2010,1,6.1,Sep/10/2010 16:32:13
736490,KORAN.BURNING.11SEP,Reverend Terry Jones Koran burning to go ahead on 11 Sep 2010,1,6.1,Sep/10/2010 16:46:37
736490,KORAN.BURNING.11SEP,Reverend Terry Jones Koran burning to go ahead on 11 Sep 2010,1,7.0,Sep/10/2010 17:35:27
736490,KORAN.BURNING.11SEP,Reverend Terry Jones Koran burning to go ahead on 11 Sep 2010,3,6.7,Sep/10/2010 17:37:36
736490,KORAN.BURNING.11SEP,Reverend Terry Jones Koran burning to go ahead on 11 Sep 2010,10,6.5,Sep/10/2010 17:37:36
736490,KORAN.BURNING.11SEP,Reverend Terry Jones Koran burning to go ahead on 11 Sep 2010,2,6.5,Sep/10/2010 17:38:05
736490,KORAN.BURNING.11SEP,Reverend Terry Jones Koran burning to go ahead on 11 Sep 2010,1,9.5,Sep/10/2010 18:13:37
736490,KORAN.BURNING.11SEP,Reverend Terry Jones Koran burning to go ahead on 11 Sep 2010,1,14.9,Sep/10/2010 18:14:16
736490,KORAN.BURNING.11SEP,Reverend Terry Jones Koran burning to go ahead on 11 Sep 2010,7,15.0,Sep/10/2010 18:27:11
736490,KORAN.BURNING.11SEP,Reverend Terry Jones Koran burning to go ahead on 11 Sep 2010,1,14.9,Sep/10/2010 18:27:11
736490,KORAN.BURNING.11SEP,Reverend Terry Jones Koran burning to go ahead on 11 Sep 2010,1,10.0,Sep/10/2010 18:29:37
736490,KORAN.BURNING.11SEP,Reverend Terry Jones Koran burning to go ahead on 11 Sep 2010,10,15.0,Sep/10/2010 18:53:49
736490,KORAN.BURNING.11SEP,Reverend Terry Jones Koran burning to go ahead on 11 Sep 2010,4,15.1,Sep/10/2010 18:53:49
736490,KORAN.BURNING.11SEP,Reverend Terry Jones Koran burning to go ahead on 11 Sep 2010,5,10.0,Sep/10/2010 19:01:53
736490,KORAN.BURNING.11SEP,Reverend Terry Jones Koran burning to go ahead on 11 Sep 2010,13,10.0,Sep/10/2010 19:01:53
736490,KORAN.BURNING.11SEP,Reverend Terry Jones Koran burning to go ahead on 11 Sep 2010,6,10.0,Sep/10/2010 19:02:13
736490,KORAN.BURNING.11SEP,Reverend Terry Jones Koran burning to go ahead on 11 Sep 2010,10,15.1,Sep/10/2010 19:04:45
736490,KORAN.BURNING.11SEP,Reverend Terry Jones Koran burning to go ahead on 11 Sep 2010,5,15.0,Sep/10/2010 19:39:14
736490,KORAN.BURNING.11SEP,Reverend Terry Jones Koran burning to go ahead on 11 Sep 2010,12,7.1,Sep/10/2010 20:26:39
736490,KORAN.BURNING.11SEP,Reverend Terry Jones Koran burning to go ahead on 11 Sep 2010,20,7.0,Sep/10/2010 20:27:18
736490,KORAN.BURNING.11SEP,Reverend Terry Jones Koran burning to go ahead on 11 Sep 2010,4,10.0,Sep/10/2010 20:57:51
736490,KORAN.BURNING.11SEP,Reverend Terry Jones Koran burning to go ahead on 11 Sep 2010,10,10.0,Sep/10/2010 20:57:51
736490,KORAN.BURNING.11SEP,Reverend Terry Jones Koran burning to go ahead on 11 Sep 2010,6,10.0,Sep/10/2010 21:00:14
736490,KORAN.BURNING.11SEP,Reverend Terry Jones Koran burning to go ahead on 11 Sep 2010,3,8.1,Sep/10/2010 21:06:41
736490,KORAN.BURNING.11SEP,Reverend Terry Jones Koran burning to go ahead on 11 Sep 2010,2,7.2,Sep/10/2010 21:29:50
736490,KORAN.BURNING.11SEP,Reverend Terry Jones Koran burning to go ahead on 11 Sep 2010,2,7.1,Sep/10/2010 21:29:50
736490,KORAN.BURNING.11SEP,Reverend Terry Jones Koran burning to go ahead on 11 Sep 2010,16,7.0,Sep/10/2010 21:29:50
736490,KORAN.BURNING.11SEP,Reverend Terry Jones Koran burning to go ahead on 11 Sep 2010,8,6.0,Sep/10/2010 22:15:31
736490,KORAN.BURNING.11SEP,Reverend Terry Jones Koran burning to go ahead on 11 Sep 2010,2,6.1,Sep/10/2010 22:15:31
736490,KORAN.BURNING.11SEP,Reverend Terry Jones Koran burning to go ahead on 11 Sep 2010,2,6.0,Sep/10/2010 23:15:37
736490,KORAN.BURNING.11SEP,Reverend Terry Jones Koran burning to go ahead on 11 Sep 2010,1,9.0,Sep/10/2010 23:55:29
736490,KORAN.BURNING.11SEP,Reverend Terry Jones Koran burning to go ahead on 11 Sep 2010,1,8.7,Sep/10/2010 23:55:29
736490,KORAN.BURNING.11SEP,Reverend Terry Jones Koran burning to go ahead on 11 Sep 2010,1,8.3,Sep/10/2010 23:55:29
736490,KORAN.BURNING.11SEP,Reverend Terry Jones Koran burning to go ahead on 11 Sep 2010,1,7.9,Sep/10/2010 23:55:29
736490,KORAN.BURNING.11SEP,Reverend Terry Jones Koran burning to go ahead on 11 Sep 2010,1,9.3,Sep/11/2010 00:02:46
736490,KORAN.BURNING.11SEP,Reverend Terry Jones Koran burning to go ahead on 11 Sep 2010,1,9.3,Sep/11/2010 00:06:27
736490,KORAN.BURNING.11SEP,Reverend Terry Jones Koran burning to go ahead on 11 Sep 2010,6,5.5,Sep/11/2010 00:07:47
736490,KORAN.BURNING.11SEP,Reverend Terry Jones Koran burning to go ahead on 11 Sep 2010,4,5.6,Sep/11/2010 00:07:47
736490,KORAN.BURNING.11SEP,Reverend Terry Jones Koran burning to go ahead on 11 Sep 2010,14,5.5,Sep/11/2010 00:08:01
736490,KORAN.BURNING.11SEP,Reverend Terry Jones Koran burning to go ahead on 11 Sep 2010,10,4.1,Sep/11/2010 00:08:01
736490,KORAN.BURNING.11SEP,Reverend Terry Jones Koran burning to go ahead on 11 Sep 2010,3,4.2,Sep/11/2010 00:08:01
736490,KORAN.BURNING.11SEP,Reverend Terry Jones Koran burning to go ahead on 11 Sep 2010,23,4.0,Sep/11/2010 00:08:01
736490,KORAN.BURNING.11SEP,Reverend Terry Jones Koran burning to go ahead on 11 Sep 2010,27,4.0,Sep/11/2010 00:08:39
736490,KORAN.BURNING.11SEP,Reverend Terry Jones Koran burning to go ahead on 11 Sep 2010,1,5.0,Sep/11/2010 01:53:52
736490,KORAN.BURNING.11SEP,Reverend Terry Jones Koran burning to go ahead on 11 Sep 2010,1,4.0,Sep/11/2010 01:55:03
736490,KORAN.BURNING.11SEP,Reverend Terry Jones Koran burning to go ahead on 11 Sep 2010,1,9.0,Sep/11/2010 03:37:01
736490,KORAN.BURNING.11SEP,Reverend Terry Jones Koran burning to go ahead on 11 Sep 2010,3,5.5,Sep/11/2010 09:58:24
736490,KORAN.BURNING.11SEP,Reverend Terry Jones Koran burning to go ahead on 11 Sep 2010,7,5.0,Sep/11/2010 09:58:24
736490,KORAN.BURNING.11SEP,Reverend Terry Jones Koran burning to go ahead on 11 Sep 2010,3,5.0,Sep/11/2010 10:17:49
736490,KORAN.BURNING.11SEP,Reverend Terry Jones Koran burning to go ahead on 11 Sep 2010,2,4.1,Sep/11/2010 10:17:49
736490,KORAN.BURNING.11SEP,Reverend Terry Jones Koran burning to go ahead on 11 Sep 2010,4,4.0,Sep/11/2010 10:18:09
736490,KORAN.BURNING.11SEP,Reverend Terry Jones Koran burning to go ahead on 11 Sep 2010,1,4.0,Sep/11/2010 10:18:28
736490,KORAN.BURNING.11SEP,Reverend Terry Jones Koran burning to go ahead on 11 Sep 2010,11,4.0,Sep/11/2010 12:00:03
736490,KORAN.BURNING.11SEP,Reverend Terry Jones Koran burning to go ahead on 11 Sep 2010,8,1.2,Sep/11/2010 13:32:12
736490,KORAN.BURNING.11SEP,Reverend Terry Jones Koran burning to go ahead on 11 Sep 2010,2,1.2,Sep/11/2010 17:09:38
736490,KORAN.BURNING.11SEP,Reverend Terry Jones Koran burning to go ahead on 11 Sep 2010,2,1.2,Sep/11/2010 17:09:38
736490,KORAN.BURNING.11SEP,Reverend Terry Jones Koran burning to go ahead on 11 Sep 2010,2,1.2,Sep/11/2010 17:09:38
736490,KORAN.BURNING.11SEP,Reverend Terry Jones Koran burning to go ahead on 11 Sep 2010,5,1.0,Sep/11/2010 17:10:01
736490,KORAN.BURNING.11SEP,Reverend Terry Jones Koran burning to go ahead on 11 Sep 2010,20,1.5,Sep/11/2010 17:21:25
736490,KORAN.BURNING.11SEP,Reverend Terry Jones Koran burning to go ahead on 11 Sep 2010,35,1.5,Sep/11/2010 17:21:36
736490,KORAN.BURNING.11SEP,Reverend Terry Jones Koran burning to go ahead on 11 Sep 2010,1,1.5,Sep/11/2010 21:05:13
736490,KORAN.BURNING.11SEP,Reverend Terry Jones Koran burning to go ahead on 11 Sep 2010,8,1.5,Sep/11/2010 21:06:03
736490,KORAN.BURNING.11SEP,Reverend Terry Jones Koran burning to go ahead on 11 Sep 2010,4,1.6,Sep/11/2010 22:28:27
736490,KORAN.BURNING.11SEP,Reverend Terry Jones Koran burning to go ahead on 11 Sep 2010,10,1.5,Sep/11/2010 22:31:39
736490,KORAN.BURNING.11SEP,Reverend Terry Jones Koran burning to go ahead on 11 Sep 2010,26,1.5,Sep/11/2010 22:47:51
736490,KORAN.BURNING.11SEP,Reverend Terry Jones Koran burning to go ahead on 11 Sep 2010,4,1.5,Sep/11/2010 22:47:51
736490,KORAN.BURNING.11SEP,Reverend Terry Jones Koran burning to go ahead on 11 Sep 2010,19,1.5,Sep/11/2010 22:49:22
736490,KORAN.BURNING.11SEP,Reverend Terry Jones Koran burning to go ahead on 11 Sep 2010,5,2.5,Sep/12/2010 01:39:37
736490,KORAN.BURNING.11SEP,Reverend Terry Jones Koran burning to go ahead on 11 Sep 2010,5,1.2,Sep/12/2010 05:33:21
736490,KORAN.BURNING.11SEP,Reverend Terry Jones Koran burning to go ahead on 11 Sep 2010,5,1.2,Sep/12/2010 07:19:16
736490,KORAN.BURNING.11SEP,Reverend Terry Jones Koran burning to go ahead on 11 Sep 2010,45,1.0,Sep/12/2010 07:19:32
