market id,market symbol,market name,trade quantity,trade price,date/time [utc]
302255,SC.CONFIRM.ALITO,Samuel A Alito to be Confirmed to the Supreme Court by the US Senate,9,80.0,Oct/31/2005 14:18:21
302255,SC.CONFIRM.ALITO,Samuel A Alito to be Confirmed to the Supreme Court by the US Senate,1,79.9,Oct/31/2005 14:18:21
302255,SC.CONFIRM.ALITO,Samuel A Alito to be Confirmed to the Supreme Court by the US Senate,20,80.0,Oct/31/2005 14:19:08
302255,SC.CONFIRM.ALITO,Samuel A Alito to be Confirmed to the Supreme Court by the US Senate,3,80.0,Oct/31/2005 14:33:01
302255,SC.CONFIRM.ALITO,Samuel A Alito to be Confirmed to the Supreme Court by the US Senate,3,75.1,Oct/31/2005 14:41:35
302255,SC.CONFIRM.ALITO,Samuel A Alito to be Confirmed to the Supreme Court by the US Senate,10,75.1,Oct/31/2005 14:43:17
302255,SC.CONFIRM.ALITO,Samuel A Alito to be Confirmed to the Supreme Court by the US Senate,5,75.1,Oct/31/2005 14:43:57
302255,SC.CONFIRM.ALITO,Samuel A Alito to be Confirmed to the Supreme Court by the US Senate,2,75.1,Oct/31/2005 14:44:17
302255,SC.CONFIRM.ALITO,Samuel A Alito to be Confirmed to the Supreme Court by the US Senate,5,75.0,Oct/31/2005 14:45:20
302255,SC.CONFIRM.ALITO,Samuel A Alito to be Confirmed to the Supreme Court by the US Senate,1,75.0,Oct/31/2005 14:45:35
302255,SC.CONFIRM.ALITO,Samuel A Alito to be Confirmed to the Supreme Court by the US Senate,2,80.0,Oct/31/2005 14:49:35
302255,SC.CONFIRM.ALITO,Samuel A Alito to be Confirmed to the Supreme Court by the US Senate,2,79.0,Oct/31/2005 14:49:35
302255,SC.CONFIRM.ALITO,Samuel A Alito to be Confirmed to the Supreme Court by the US Senate,1,75.1,Oct/31/2005 14:49:35
302255,SC.CONFIRM.ALITO,Samuel A Alito to be Confirmed to the Supreme Court by the US Senate,2,81.0,Oct/31/2005 15:05:42
302255,SC.CONFIRM.ALITO,Samuel A Alito to be Confirmed to the Supreme Court by the US Senate,30,82.0,Oct/31/2005 15:08:46
302255,SC.CONFIRM.ALITO,Samuel A Alito to be Confirmed to the Supreme Court by the US Senate,1,81.0,Oct/31/2005 15:08:46
302255,SC.CONFIRM.ALITO,Samuel A Alito to be Confirmed to the Supreme Court by the US Senate,7,82.0,Oct/31/2005 15:27:50
302255,SC.CONFIRM.ALITO,Samuel A Alito to be Confirmed to the Supreme Court by the US Senate,3,82.0,Oct/31/2005 15:28:51
302255,SC.CONFIRM.ALITO,Samuel A Alito to be Confirmed to the Supreme Court by the US Senate,2,80.5,Oct/31/2005 15:39:17
302255,SC.CONFIRM.ALITO,Samuel A Alito to be Confirmed to the Supreme Court by the US Senate,10,80.0,Oct/31/2005 15:39:45
302255,SC.CONFIRM.ALITO,Samuel A Alito to be Confirmed to the Supreme Court by the US Senate,10,80.0,Oct/31/2005 15:39:45
302255,SC.CONFIRM.ALITO,Samuel A Alito to be Confirmed to the Supreme Court by the US Senate,1,78.0,Oct/31/2005 15:47:55
302255,SC.CONFIRM.ALITO,Samuel A Alito to be Confirmed to the Supreme Court by the US Senate,2,77.1,Oct/31/2005 15:56:03
302255,SC.CONFIRM.ALITO,Samuel A Alito to be Confirmed to the Supreme Court by the US Senate,2,77.0,Oct/31/2005 15:56:48
302255,SC.CONFIRM.ALITO,Samuel A Alito to be Confirmed to the Supreme Court by the US Senate,1,78.0,Oct/31/2005 15:59:16
302255,SC.CONFIRM.ALITO,Samuel A Alito to be Confirmed to the Supreme Court by the US Senate,1,80.0,Oct/31/2005 16:03:43
302255,SC.CONFIRM.ALITO,Samuel A Alito to be Confirmed to the Supreme Court by the US Senate,2,78.5,Oct/31/2005 16:19:44
302255,SC.CONFIRM.ALITO,Samuel A Alito to be Confirmed to the Supreme Court by the US Senate,1,78.5,Oct/31/2005 16:24:03
302255,SC.CONFIRM.ALITO,Samuel A Alito to be Confirmed to the Supreme Court by the US Senate,1,78.0,Oct/31/2005 16:24:03
302255,SC.CONFIRM.ALITO,Samuel A Alito to be Confirmed to the Supreme Court by the US Senate,1,76.2,Oct/31/2005 16:29:11
302255,SC.CONFIRM.ALITO,Samuel A Alito to be Confirmed to the Supreme Court by the US Senate,11,80.0,Oct/31/2005 16:39:15
302255,SC.CONFIRM.ALITO,Samuel A Alito to be Confirmed to the Supreme Court by the US Senate,3,78.0,Oct/31/2005 16:39:15
302255,SC.CONFIRM.ALITO,Samuel A Alito to be Confirmed to the Supreme Court by the US Senate,8,80.0,Oct/31/2005 16:47:14
302255,SC.CONFIRM.ALITO,Samuel A Alito to be Confirmed to the Supreme Court by the US Senate,1,80.0,Oct/31/2005 16:52:31
302255,SC.CONFIRM.ALITO,Samuel A Alito to be Confirmed to the Supreme Court by the US Senate,9,80.0,Oct/31/2005 16:52:31
302255,SC.CONFIRM.ALITO,Samuel A Alito to be Confirmed to the Supreme Court by the US Senate,1,80.0,Oct/31/2005 16:58:21
302255,SC.CONFIRM.ALITO,Samuel A Alito to be Confirmed to the Supreme Court by the US Senate,1,79.9,Oct/31/2005 17:14:51
302255,SC.CONFIRM.ALITO,Samuel A Alito to be Confirmed to the Supreme Court by the US Senate,39,80.0,Oct/31/2005 17:17:07
302255,SC.CONFIRM.ALITO,Samuel A Alito to be Confirmed to the Supreme Court by the US Senate,22,77.5,Oct/31/2005 17:30:23
302255,SC.CONFIRM.ALITO,Samuel A Alito to be Confirmed to the Supreme Court by the US Senate,2,77.8,Oct/31/2005 17:30:23
302255,SC.CONFIRM.ALITO,Samuel A Alito to be Confirmed to the Supreme Court by the US Senate,1,77.9,Oct/31/2005 17:30:23
302255,SC.CONFIRM.ALITO,Samuel A Alito to be Confirmed to the Supreme Court by the US Senate,3,78.0,Oct/31/2005 17:30:23
302255,SC.CONFIRM.ALITO,Samuel A Alito to be Confirmed to the Supreme Court by the US Senate,2,78.3,Oct/31/2005 17:30:23
302255,SC.CONFIRM.ALITO,Samuel A Alito to be Confirmed to the Supreme Court by the US Senate,3,77.5,Oct/31/2005 17:30:48
302255,SC.CONFIRM.ALITO,Samuel A Alito to be Confirmed to the Supreme Court by the US Senate,5,78.5,Oct/31/2005 17:31:41
302255,SC.CONFIRM.ALITO,Samuel A Alito to be Confirmed to the Supreme Court by the US Senate,3,77.8,Oct/31/2005 18:07:19
302255,SC.CONFIRM.ALITO,Samuel A Alito to be Confirmed to the Supreme Court by the US Senate,1,77.7,Oct/31/2005 18:11:03
302255,SC.CONFIRM.ALITO,Samuel A Alito to be Confirmed to the Supreme Court by the US Senate,1,79.4,Oct/31/2005 18:18:58
302255,SC.CONFIRM.ALITO,Samuel A Alito to be Confirmed to the Supreme Court by the US Senate,2,77.8,Oct/31/2005 18:23:50
302255,SC.CONFIRM.ALITO,Samuel A Alito to be Confirmed to the Supreme Court by the US Senate,1,77.8,Oct/31/2005 18:23:50
302255,SC.CONFIRM.ALITO,Samuel A Alito to be Confirmed to the Supreme Court by the US Senate,4,78.1,Oct/31/2005 18:24:04
302255,SC.CONFIRM.ALITO,Samuel A Alito to be Confirmed to the Supreme Court by the US Senate,29,78.9,Oct/31/2005 18:28:29
302255,SC.CONFIRM.ALITO,Samuel A Alito to be Confirmed to the Supreme Court by the US Senate,3,78.5,Oct/31/2005 18:28:29
302255,SC.CONFIRM.ALITO,Samuel A Alito to be Confirmed to the Supreme Court by the US Senate,5,78.0,Oct/31/2005 18:29:48
302255,SC.CONFIRM.ALITO,Samuel A Alito to be Confirmed to the Supreme Court by the US Senate,12,78.2,Oct/31/2005 18:29:48
302255,SC.CONFIRM.ALITO,Samuel A Alito to be Confirmed to the Supreme Court by the US Senate,5,78.3,Oct/31/2005 18:29:48
302255,SC.CONFIRM.ALITO,Samuel A Alito to be Confirmed to the Supreme Court by the US Senate,3,78.4,Oct/31/2005 18:29:48
302255,SC.CONFIRM.ALITO,Samuel A Alito to be Confirmed to the Supreme Court by the US Senate,1,80.0,Oct/31/2005 18:39:00
302255,SC.CONFIRM.ALITO,Samuel A Alito to be Confirmed to the Supreme Court by the US Senate,29,80.0,Oct/31/2005 18:39:00
302255,SC.CONFIRM.ALITO,Samuel A Alito to be Confirmed to the Supreme Court by the US Senate,1,79.9,Oct/31/2005 18:39:00
302255,SC.CONFIRM.ALITO,Samuel A Alito to be Confirmed to the Supreme Court by the US Senate,1,78.9,Oct/31/2005 18:39:00
302255,SC.CONFIRM.ALITO,Samuel A Alito to be Confirmed to the Supreme Court by the US Senate,16,82.0,Oct/31/2005 18:42:25
302255,SC.CONFIRM.ALITO,Samuel A Alito to be Confirmed to the Supreme Court by the US Senate,1,80.0,Oct/31/2005 18:42:25
302255,SC.CONFIRM.ALITO,Samuel A Alito to be Confirmed to the Supreme Court by the US Senate,1,79.1,Oct/31/2005 18:44:15
302255,SC.CONFIRM.ALITO,Samuel A Alito to be Confirmed to the Supreme Court by the US Senate,3,79.1,Oct/31/2005 18:46:00
302255,SC.CONFIRM.ALITO,Samuel A Alito to be Confirmed to the Supreme Court by the US Senate,1,78.6,Oct/31/2005 18:46:28
302255,SC.CONFIRM.ALITO,Samuel A Alito to be Confirmed to the Supreme Court by the US Senate,2,78.6,Oct/31/2005 18:47:15
302255,SC.CONFIRM.ALITO,Samuel A Alito to be Confirmed to the Supreme Court by the US Senate,1,78.4,Oct/31/2005 18:48:39
302255,SC.CONFIRM.ALITO,Samuel A Alito to be Confirmed to the Supreme Court by the US Senate,10,78.5,Oct/31/2005 18:50:55
302255,SC.CONFIRM.ALITO,Samuel A Alito to be Confirmed to the Supreme Court by the US Senate,4,78.5,Oct/31/2005 18:58:37
302255,SC.CONFIRM.ALITO,Samuel A Alito to be Confirmed to the Supreme Court by the US Senate,3,78.4,Oct/31/2005 18:58:51
302255,SC.CONFIRM.ALITO,Samuel A Alito to be Confirmed to the Supreme Court by the US Senate,2,78.2,Oct/31/2005 18:59:11
302255,SC.CONFIRM.ALITO,Samuel A Alito to be Confirmed to the Supreme Court by the US Senate,1,78.1,Oct/31/2005 18:59:34
302255,SC.CONFIRM.ALITO,Samuel A Alito to be Confirmed to the Supreme Court by the US Senate,1,79.9,Oct/31/2005 19:08:35
302255,SC.CONFIRM.ALITO,Samuel A Alito to be Confirmed to the Supreme Court by the US Senate,10,80.0,Oct/31/2005 19:08:55
302255,SC.CONFIRM.ALITO,Samuel A Alito to be Confirmed to the Supreme Court by the US Senate,10,80.0,Oct/31/2005 19:08:57
302255,SC.CONFIRM.ALITO,Samuel A Alito to be Confirmed to the Supreme Court by the US Senate,5,80.1,Oct/31/2005 19:17:32
302255,SC.CONFIRM.ALITO,Samuel A Alito to be Confirmed to the Supreme Court by the US Senate,3,80.3,Oct/31/2005 19:17:32
302255,SC.CONFIRM.ALITO,Samuel A Alito to be Confirmed to the Supreme Court by the US Senate,3,80.0,Oct/31/2005 19:24:32
302255,SC.CONFIRM.ALITO,Samuel A Alito to be Confirmed to the Supreme Court by the US Senate,4,78.1,Oct/31/2005 19:45:45
302255,SC.CONFIRM.ALITO,Samuel A Alito to be Confirmed to the Supreme Court by the US Senate,5,79.9,Oct/31/2005 19:45:45
302255,SC.CONFIRM.ALITO,Samuel A Alito to be Confirmed to the Supreme Court by the US Senate,7,78.3,Oct/31/2005 19:45:45
302255,SC.CONFIRM.ALITO,Samuel A Alito to be Confirmed to the Supreme Court by the US Senate,5,78.0,Oct/31/2005 19:45:45
302255,SC.CONFIRM.ALITO,Samuel A Alito to be Confirmed to the Supreme Court by the US Senate,4,77.9,Oct/31/2005 19:47:37
302255,SC.CONFIRM.ALITO,Samuel A Alito to be Confirmed to the Supreme Court by the US Senate,6,77.8,Oct/31/2005 19:54:11
302255,SC.CONFIRM.ALITO,Samuel A Alito to be Confirmed to the Supreme Court by the US Senate,4,77.8,Oct/31/2005 19:54:11
302255,SC.CONFIRM.ALITO,Samuel A Alito to be Confirmed to the Supreme Court by the US Senate,1,77.6,Oct/31/2005 19:54:11
302255,SC.CONFIRM.ALITO,Samuel A Alito to be Confirmed to the Supreme Court by the US Senate,1,77.7,Oct/31/2005 19:54:11
302255,SC.CONFIRM.ALITO,Samuel A Alito to be Confirmed to the Supreme Court by the US Senate,20,78.0,Oct/31/2005 19:59:21
302255,SC.CONFIRM.ALITO,Samuel A Alito to be Confirmed to the Supreme Court by the US Senate,5,78.0,Oct/31/2005 20:01:51
302255,SC.CONFIRM.ALITO,Samuel A Alito to be Confirmed to the Supreme Court by the US Senate,10,78.0,Oct/31/2005 20:03:32
302255,SC.CONFIRM.ALITO,Samuel A Alito to be Confirmed to the Supreme Court by the US Senate,40,78.0,Oct/31/2005 20:04:02
302255,SC.CONFIRM.ALITO,Samuel A Alito to be Confirmed to the Supreme Court by the US Senate,3,78.0,Oct/31/2005 20:05:15
302255,SC.CONFIRM.ALITO,Samuel A Alito to be Confirmed to the Supreme Court by the US Senate,1,77.4,Oct/31/2005 20:14:16
302255,SC.CONFIRM.ALITO,Samuel A Alito to be Confirmed to the Supreme Court by the US Senate,3,77.6,Oct/31/2005 20:14:16
302255,SC.CONFIRM.ALITO,Samuel A Alito to be Confirmed to the Supreme Court by the US Senate,5,77.1,Oct/31/2005 20:14:16
302255,SC.CONFIRM.ALITO,Samuel A Alito to be Confirmed to the Supreme Court by the US Senate,8,77.2,Oct/31/2005 20:14:16
302255,SC.CONFIRM.ALITO,Samuel A Alito to be Confirmed to the Supreme Court by the US Senate,10,77.3,Oct/31/2005 20:14:16
302255,SC.CONFIRM.ALITO,Samuel A Alito to be Confirmed to the Supreme Court by the US Senate,2,77.0,Oct/31/2005 20:15:00
302255,SC.CONFIRM.ALITO,Samuel A Alito to be Confirmed to the Supreme Court by the US Senate,1,76.2,Oct/31/2005 20:15:00
302255,SC.CONFIRM.ALITO,Samuel A Alito to be Confirmed to the Supreme Court by the US Senate,7,76.3,Oct/31/2005 20:15:00
302255,SC.CONFIRM.ALITO,Samuel A Alito to be Confirmed to the Supreme Court by the US Senate,10,76.4,Oct/31/2005 20:15:00
302255,SC.CONFIRM.ALITO,Samuel A Alito to be Confirmed to the Supreme Court by the US Senate,5,76.5,Oct/31/2005 20:15:00
302255,SC.CONFIRM.ALITO,Samuel A Alito to be Confirmed to the Supreme Court by the US Senate,8,76.1,Oct/31/2005 20:15:28
302255,SC.CONFIRM.ALITO,Samuel A Alito to be Confirmed to the Supreme Court by the US Senate,1,78.0,Oct/31/2005 20:23:35
302255,SC.CONFIRM.ALITO,Samuel A Alito to be Confirmed to the Supreme Court by the US Senate,1,80.0,Oct/31/2005 20:25:51
302255,SC.CONFIRM.ALITO,Samuel A Alito to be Confirmed to the Supreme Court by the US Senate,1,81.6,Oct/31/2005 20:55:29
302255,SC.CONFIRM.ALITO,Samuel A Alito to be Confirmed to the Supreme Court by the US Senate,1,81.6,Oct/31/2005 20:55:29
302255,SC.CONFIRM.ALITO,Samuel A Alito to be Confirmed to the Supreme Court by the US Senate,1,81.7,Oct/31/2005 21:05:52
302255,SC.CONFIRM.ALITO,Samuel A Alito to be Confirmed to the Supreme Court by the US Senate,1,80.0,Oct/31/2005 21:12:49
302255,SC.CONFIRM.ALITO,Samuel A Alito to be Confirmed to the Supreme Court by the US Senate,20,80.0,Oct/31/2005 21:12:49
302255,SC.CONFIRM.ALITO,Samuel A Alito to be Confirmed to the Supreme Court by the US Senate,1,81.9,Oct/31/2005 21:27:34
302255,SC.CONFIRM.ALITO,Samuel A Alito to be Confirmed to the Supreme Court by the US Senate,1,81.7,Oct/31/2005 21:27:34
302255,SC.CONFIRM.ALITO,Samuel A Alito to be Confirmed to the Supreme Court by the US Senate,5,81.7,Oct/31/2005 21:27:34
302255,SC.CONFIRM.ALITO,Samuel A Alito to be Confirmed to the Supreme Court by the US Senate,1,81.9,Oct/31/2005 21:27:34
302255,SC.CONFIRM.ALITO,Samuel A Alito to be Confirmed to the Supreme Court by the US Senate,1,82.6,Oct/31/2005 21:27:34
302255,SC.CONFIRM.ALITO,Samuel A Alito to be Confirmed to the Supreme Court by the US Senate,2,82.5,Oct/31/2005 21:27:34
302255,SC.CONFIRM.ALITO,Samuel A Alito to be Confirmed to the Supreme Court by the US Senate,3,83.0,Oct/31/2005 21:28:20
302255,SC.CONFIRM.ALITO,Samuel A Alito to be Confirmed to the Supreme Court by the US Senate,3,84.8,Oct/31/2005 21:29:41
302255,SC.CONFIRM.ALITO,Samuel A Alito to be Confirmed to the Supreme Court by the US Senate,10,84.8,Oct/31/2005 21:30:08
302255,SC.CONFIRM.ALITO,Samuel A Alito to be Confirmed to the Supreme Court by the US Senate,1,84.9,Oct/31/2005 21:30:33
302255,SC.CONFIRM.ALITO,Samuel A Alito to be Confirmed to the Supreme Court by the US Senate,5,79.0,Oct/31/2005 21:35:59
302255,SC.CONFIRM.ALITO,Samuel A Alito to be Confirmed to the Supreme Court by the US Senate,2,78.5,Oct/31/2005 21:36:49
302255,SC.CONFIRM.ALITO,Samuel A Alito to be Confirmed to the Supreme Court by the US Senate,3,78.4,Oct/31/2005 21:38:11
302255,SC.CONFIRM.ALITO,Samuel A Alito to be Confirmed to the Supreme Court by the US Senate,7,78.2,Oct/31/2005 21:45:56
302255,SC.CONFIRM.ALITO,Samuel A Alito to be Confirmed to the Supreme Court by the US Senate,2,78.4,Oct/31/2005 21:45:56
302255,SC.CONFIRM.ALITO,Samuel A Alito to be Confirmed to the Supreme Court by the US Senate,1,78.5,Oct/31/2005 21:45:56
302255,SC.CONFIRM.ALITO,Samuel A Alito to be Confirmed to the Supreme Court by the US Senate,5,78.3,Oct/31/2005 22:00:33
302255,SC.CONFIRM.ALITO,Samuel A Alito to be Confirmed to the Supreme Court by the US Senate,1,78.1,Oct/31/2005 22:00:45
302255,SC.CONFIRM.ALITO,Samuel A Alito to be Confirmed to the Supreme Court by the US Senate,1,78.0,Oct/31/2005 22:01:20
302255,SC.CONFIRM.ALITO,Samuel A Alito to be Confirmed to the Supreme Court by the US Senate,2,78.0,Oct/31/2005 22:01:20
302255,SC.CONFIRM.ALITO,Samuel A Alito to be Confirmed to the Supreme Court by the US Senate,3,77.6,Oct/31/2005 22:02:47
302255,SC.CONFIRM.ALITO,Samuel A Alito to be Confirmed to the Supreme Court by the US Senate,5,77.4,Oct/31/2005 22:03:06
302255,SC.CONFIRM.ALITO,Samuel A Alito to be Confirmed to the Supreme Court by the US Senate,10,79.0,Oct/31/2005 22:06:37
302255,SC.CONFIRM.ALITO,Samuel A Alito to be Confirmed to the Supreme Court by the US Senate,7,77.1,Oct/31/2005 22:11:26
302255,SC.CONFIRM.ALITO,Samuel A Alito to be Confirmed to the Supreme Court by the US Senate,4,77.2,Oct/31/2005 22:11:26
302255,SC.CONFIRM.ALITO,Samuel A Alito to be Confirmed to the Supreme Court by the US Senate,1,77.0,Oct/31/2005 22:11:26
302255,SC.CONFIRM.ALITO,Samuel A Alito to be Confirmed to the Supreme Court by the US Senate,3,77.4,Oct/31/2005 22:11:26
302255,SC.CONFIRM.ALITO,Samuel A Alito to be Confirmed to the Supreme Court by the US Senate,5,76.8,Oct/31/2005 22:13:20
302255,SC.CONFIRM.ALITO,Samuel A Alito to be Confirmed to the Supreme Court by the US Senate,8,76.6,Oct/31/2005 22:13:20
302255,SC.CONFIRM.ALITO,Samuel A Alito to be Confirmed to the Supreme Court by the US Senate,5,76.7,Oct/31/2005 22:13:20
302255,SC.CONFIRM.ALITO,Samuel A Alito to be Confirmed to the Supreme Court by the US Senate,1,76.7,Oct/31/2005 22:13:20
302255,SC.CONFIRM.ALITO,Samuel A Alito to be Confirmed to the Supreme Court by the US Senate,7,76.1,Oct/31/2005 22:14:47
302255,SC.CONFIRM.ALITO,Samuel A Alito to be Confirmed to the Supreme Court by the US Senate,20,76.3,Oct/31/2005 22:14:47
302255,SC.CONFIRM.ALITO,Samuel A Alito to be Confirmed to the Supreme Court by the US Senate,2,76.4,Oct/31/2005 22:14:47
302255,SC.CONFIRM.ALITO,Samuel A Alito to be Confirmed to the Supreme Court by the US Senate,3,76.3,Oct/31/2005 22:26:20
302255,SC.CONFIRM.ALITO,Samuel A Alito to be Confirmed to the Supreme Court by the US Senate,5,79.8,Oct/31/2005 22:31:37
302255,SC.CONFIRM.ALITO,Samuel A Alito to be Confirmed to the Supreme Court by the US Senate,2,78.0,Oct/31/2005 22:46:29
302255,SC.CONFIRM.ALITO,Samuel A Alito to be Confirmed to the Supreme Court by the US Senate,2,78.7,Oct/31/2005 23:24:47
302255,SC.CONFIRM.ALITO,Samuel A Alito to be Confirmed to the Supreme Court by the US Senate,1,79.7,Oct/31/2005 23:38:08
302255,SC.CONFIRM.ALITO,Samuel A Alito to be Confirmed to the Supreme Court by the US Senate,15,79.8,Oct/31/2005 23:38:48
302255,SC.CONFIRM.ALITO,Samuel A Alito to be Confirmed to the Supreme Court by the US Senate,1,79.8,Oct/31/2005 23:38:48
302255,SC.CONFIRM.ALITO,Samuel A Alito to be Confirmed to the Supreme Court by the US Senate,4,79.8,Oct/31/2005 23:38:48
302255,SC.CONFIRM.ALITO,Samuel A Alito to be Confirmed to the Supreme Court by the US Senate,6,79.8,Oct/31/2005 23:39:24
302255,SC.CONFIRM.ALITO,Samuel A Alito to be Confirmed to the Supreme Court by the US Senate,19,79.8,Oct/31/2005 23:39:24
302255,SC.CONFIRM.ALITO,Samuel A Alito to be Confirmed to the Supreme Court by the US Senate,1,79.8,Oct/31/2005 23:50:55
302255,SC.CONFIRM.ALITO,Samuel A Alito to be Confirmed to the Supreme Court by the US Senate,10,79.7,Nov/01/2005 00:11:51
302255,SC.CONFIRM.ALITO,Samuel A Alito to be Confirmed to the Supreme Court by the US Senate,1,79.8,Nov/01/2005 00:21:10
302255,SC.CONFIRM.ALITO,Samuel A Alito to be Confirmed to the Supreme Court by the US Senate,4,79.8,Nov/01/2005 00:33:01
302255,SC.CONFIRM.ALITO,Samuel A Alito to be Confirmed to the Supreme Court by the US Senate,8,79.9,Nov/01/2005 00:36:54
302255,SC.CONFIRM.ALITO,Samuel A Alito to be Confirmed to the Supreme Court by the US Senate,1,78.0,Nov/01/2005 00:41:13
302255,SC.CONFIRM.ALITO,Samuel A Alito to be Confirmed to the Supreme Court by the US Senate,5,79.9,Nov/01/2005 00:48:25
302255,SC.CONFIRM.ALITO,Samuel A Alito to be Confirmed to the Supreme Court by the US Senate,1,79.6,Nov/01/2005 01:05:22
302255,SC.CONFIRM.ALITO,Samuel A Alito to be Confirmed to the Supreme Court by the US Senate,10,78.5,Nov/01/2005 01:05:22
302255,SC.CONFIRM.ALITO,Samuel A Alito to be Confirmed to the Supreme Court by the US Senate,20,78.5,Nov/01/2005 01:05:22
302255,SC.CONFIRM.ALITO,Samuel A Alito to be Confirmed to the Supreme Court by the US Senate,5,79.5,Nov/01/2005 01:05:22
302255,SC.CONFIRM.ALITO,Samuel A Alito to be Confirmed to the Supreme Court by the US Senate,1,78.5,Nov/01/2005 01:27:01
302255,SC.CONFIRM.ALITO,Samuel A Alito to be Confirmed to the Supreme Court by the US Senate,1,78.0,Nov/01/2005 01:27:49
302255,SC.CONFIRM.ALITO,Samuel A Alito to be Confirmed to the Supreme Court by the US Senate,2,78.0,Nov/01/2005 01:27:49
302255,SC.CONFIRM.ALITO,Samuel A Alito to be Confirmed to the Supreme Court by the US Senate,5,78.5,Nov/01/2005 01:55:25
302255,SC.CONFIRM.ALITO,Samuel A Alito to be Confirmed to the Supreme Court by the US Senate,5,78.5,Nov/01/2005 02:16:14
302255,SC.CONFIRM.ALITO,Samuel A Alito to be Confirmed to the Supreme Court by the US Senate,3,78.4,Nov/01/2005 02:42:56
302255,SC.CONFIRM.ALITO,Samuel A Alito to be Confirmed to the Supreme Court by the US Senate,2,78.0,Nov/01/2005 02:43:39
302255,SC.CONFIRM.ALITO,Samuel A Alito to be Confirmed to the Supreme Court by the US Senate,1,78.1,Nov/01/2005 02:43:39
302255,SC.CONFIRM.ALITO,Samuel A Alito to be Confirmed to the Supreme Court by the US Senate,2,78.0,Nov/01/2005 03:18:35
302255,SC.CONFIRM.ALITO,Samuel A Alito to be Confirmed to the Supreme Court by the US Senate,10,78.0,Nov/01/2005 03:18:35
302255,SC.CONFIRM.ALITO,Samuel A Alito to be Confirmed to the Supreme Court by the US Senate,8,78.5,Nov/01/2005 03:22:31
302255,SC.CONFIRM.ALITO,Samuel A Alito to be Confirmed to the Supreme Court by the US Senate,2,78.4,Nov/01/2005 03:22:31
302255,SC.CONFIRM.ALITO,Samuel A Alito to be Confirmed to the Supreme Court by the US Senate,2,77.2,Nov/01/2005 03:35:32
302255,SC.CONFIRM.ALITO,Samuel A Alito to be Confirmed to the Supreme Court by the US Senate,5,77.3,Nov/01/2005 03:35:32
302255,SC.CONFIRM.ALITO,Samuel A Alito to be Confirmed to the Supreme Court by the US Senate,6,77.6,Nov/01/2005 03:35:32
302255,SC.CONFIRM.ALITO,Samuel A Alito to be Confirmed to the Supreme Court by the US Senate,10,78.0,Nov/01/2005 03:35:32
302255,SC.CONFIRM.ALITO,Samuel A Alito to be Confirmed to the Supreme Court by the US Senate,2,78.2,Nov/01/2005 03:35:32
302255,SC.CONFIRM.ALITO,Samuel A Alito to be Confirmed to the Supreme Court by the US Senate,2,78.5,Nov/01/2005 04:12:35
302255,SC.CONFIRM.ALITO,Samuel A Alito to be Confirmed to the Supreme Court by the US Senate,25,78.5,Nov/01/2005 05:07:56
302255,SC.CONFIRM.ALITO,Samuel A Alito to be Confirmed to the Supreme Court by the US Senate,18,78.5,Nov/01/2005 05:22:56
302255,SC.CONFIRM.ALITO,Samuel A Alito to be Confirmed to the Supreme Court by the US Senate,10,78.5,Nov/01/2005 05:22:56
302255,SC.CONFIRM.ALITO,Samuel A Alito to be Confirmed to the Supreme Court by the US Senate,7,78.1,Nov/01/2005 05:24:13
302255,SC.CONFIRM.ALITO,Samuel A Alito to be Confirmed to the Supreme Court by the US Senate,2,78.2,Nov/01/2005 06:06:13
302255,SC.CONFIRM.ALITO,Samuel A Alito to be Confirmed to the Supreme Court by the US Senate,8,78.5,Nov/01/2005 11:06:20
302255,SC.CONFIRM.ALITO,Samuel A Alito to be Confirmed to the Supreme Court by the US Senate,2,78.4,Nov/01/2005 11:06:20
302255,SC.CONFIRM.ALITO,Samuel A Alito to be Confirmed to the Supreme Court by the US Senate,32,78.0,Nov/01/2005 11:11:11
302255,SC.CONFIRM.ALITO,Samuel A Alito to be Confirmed to the Supreme Court by the US Senate,10,77.5,Nov/01/2005 12:14:27
302255,SC.CONFIRM.ALITO,Samuel A Alito to be Confirmed to the Supreme Court by the US Senate,10,77.5,Nov/01/2005 12:14:54
302255,SC.CONFIRM.ALITO,Samuel A Alito to be Confirmed to the Supreme Court by the US Senate,10,77.5,Nov/01/2005 12:40:14
302255,SC.CONFIRM.ALITO,Samuel A Alito to be Confirmed to the Supreme Court by the US Senate,10,77.5,Nov/01/2005 12:40:14
302255,SC.CONFIRM.ALITO,Samuel A Alito to be Confirmed to the Supreme Court by the US Senate,1,77.3,Nov/01/2005 12:40:26
302255,SC.CONFIRM.ALITO,Samuel A Alito to be Confirmed to the Supreme Court by the US Senate,1,77.3,Nov/01/2005 12:40:42
302255,SC.CONFIRM.ALITO,Samuel A Alito to be Confirmed to the Supreme Court by the US Senate,30,78.0,Nov/01/2005 13:39:25
302255,SC.CONFIRM.ALITO,Samuel A Alito to be Confirmed to the Supreme Court by the US Senate,1,78.4,Nov/01/2005 13:44:36
302255,SC.CONFIRM.ALITO,Samuel A Alito to be Confirmed to the Supreme Court by the US Senate,1,78.4,Nov/01/2005 13:45:43
302255,SC.CONFIRM.ALITO,Samuel A Alito to be Confirmed to the Supreme Court by the US Senate,1,78.4,Nov/01/2005 13:46:46
302255,SC.CONFIRM.ALITO,Samuel A Alito to be Confirmed to the Supreme Court by the US Senate,1,78.4,Nov/01/2005 13:47:35
302255,SC.CONFIRM.ALITO,Samuel A Alito to be Confirmed to the Supreme Court by the US Senate,1,78.4,Nov/01/2005 13:49:47
302255,SC.CONFIRM.ALITO,Samuel A Alito to be Confirmed to the Supreme Court by the US Senate,1,78.4,Nov/01/2005 13:50:17
302255,SC.CONFIRM.ALITO,Samuel A Alito to be Confirmed to the Supreme Court by the US Senate,3,78.4,Nov/01/2005 14:16:53
302255,SC.CONFIRM.ALITO,Samuel A Alito to be Confirmed to the Supreme Court by the US Senate,2,78.4,Nov/01/2005 14:31:49
302255,SC.CONFIRM.ALITO,Samuel A Alito to be Confirmed to the Supreme Court by the US Senate,5,78.3,Nov/01/2005 15:14:41
302255,SC.CONFIRM.ALITO,Samuel A Alito to be Confirmed to the Supreme Court by the US Senate,1,78.3,Nov/01/2005 15:19:42
302255,SC.CONFIRM.ALITO,Samuel A Alito to be Confirmed to the Supreme Court by the US Senate,10,78.3,Nov/01/2005 15:47:33
302255,SC.CONFIRM.ALITO,Samuel A Alito to be Confirmed to the Supreme Court by the US Senate,9,78.3,Nov/01/2005 16:06:59
302255,SC.CONFIRM.ALITO,Samuel A Alito to be Confirmed to the Supreme Court by the US Senate,5,78.4,Nov/01/2005 16:12:13
302255,SC.CONFIRM.ALITO,Samuel A Alito to be Confirmed to the Supreme Court by the US Senate,8,78.5,Nov/01/2005 16:18:20
302255,SC.CONFIRM.ALITO,Samuel A Alito to be Confirmed to the Supreme Court by the US Senate,2,78.4,Nov/01/2005 16:18:20
302255,SC.CONFIRM.ALITO,Samuel A Alito to be Confirmed to the Supreme Court by the US Senate,34,78.5,Nov/01/2005 16:48:28
302255,SC.CONFIRM.ALITO,Samuel A Alito to be Confirmed to the Supreme Court by the US Senate,100,80.0,Nov/01/2005 16:55:58
302255,SC.CONFIRM.ALITO,Samuel A Alito to be Confirmed to the Supreme Court by the US Senate,20,79.5,Nov/01/2005 16:55:58
302255,SC.CONFIRM.ALITO,Samuel A Alito to be Confirmed to the Supreme Court by the US Senate,1,79.8,Nov/01/2005 16:55:58
302255,SC.CONFIRM.ALITO,Samuel A Alito to be Confirmed to the Supreme Court by the US Senate,1,78.6,Nov/01/2005 17:30:24
302255,SC.CONFIRM.ALITO,Samuel A Alito to be Confirmed to the Supreme Court by the US Senate,2,78.6,Nov/01/2005 17:30:24
302255,SC.CONFIRM.ALITO,Samuel A Alito to be Confirmed to the Supreme Court by the US Senate,1,78.6,Nov/01/2005 17:32:41
302255,SC.CONFIRM.ALITO,Samuel A Alito to be Confirmed to the Supreme Court by the US Senate,1,78.6,Nov/01/2005 17:45:54
302255,SC.CONFIRM.ALITO,Samuel A Alito to be Confirmed to the Supreme Court by the US Senate,2,78.6,Nov/01/2005 17:45:54
302255,SC.CONFIRM.ALITO,Samuel A Alito to be Confirmed to the Supreme Court by the US Senate,2,83.9,Nov/01/2005 18:01:42
302255,SC.CONFIRM.ALITO,Samuel A Alito to be Confirmed to the Supreme Court by the US Senate,4,84.7,Nov/01/2005 18:01:42
302255,SC.CONFIRM.ALITO,Samuel A Alito to be Confirmed to the Supreme Court by the US Senate,1,83.7,Nov/01/2005 18:01:42
302255,SC.CONFIRM.ALITO,Samuel A Alito to be Confirmed to the Supreme Court by the US Senate,3,83.6,Nov/01/2005 18:01:42
302255,SC.CONFIRM.ALITO,Samuel A Alito to be Confirmed to the Supreme Court by the US Senate,1,84.4,Nov/01/2005 18:14:48
302255,SC.CONFIRM.ALITO,Samuel A Alito to be Confirmed to the Supreme Court by the US Senate,1,79.1,Nov/01/2005 18:46:02
302255,SC.CONFIRM.ALITO,Samuel A Alito to be Confirmed to the Supreme Court by the US Senate,1,79.1,Nov/01/2005 18:47:05
302255,SC.CONFIRM.ALITO,Samuel A Alito to be Confirmed to the Supreme Court by the US Senate,2,79.5,Nov/01/2005 19:54:36
302255,SC.CONFIRM.ALITO,Samuel A Alito to be Confirmed to the Supreme Court by the US Senate,3,82.0,Nov/01/2005 20:25:34
302255,SC.CONFIRM.ALITO,Samuel A Alito to be Confirmed to the Supreme Court by the US Senate,3,82.0,Nov/01/2005 20:26:20
302255,SC.CONFIRM.ALITO,Samuel A Alito to be Confirmed to the Supreme Court by the US Senate,1,80.6,Nov/01/2005 20:31:10
302255,SC.CONFIRM.ALITO,Samuel A Alito to be Confirmed to the Supreme Court by the US Senate,1,82.0,Nov/01/2005 20:54:31
302255,SC.CONFIRM.ALITO,Samuel A Alito to be Confirmed to the Supreme Court by the US Senate,3,82.0,Nov/01/2005 20:57:30
302255,SC.CONFIRM.ALITO,Samuel A Alito to be Confirmed to the Supreme Court by the US Senate,23,80.1,Nov/01/2005 21:19:53
302255,SC.CONFIRM.ALITO,Samuel A Alito to be Confirmed to the Supreme Court by the US Senate,4,80.6,Nov/01/2005 21:19:53
302255,SC.CONFIRM.ALITO,Samuel A Alito to be Confirmed to the Supreme Court by the US Senate,2,80.3,Nov/01/2005 21:19:53
302255,SC.CONFIRM.ALITO,Samuel A Alito to be Confirmed to the Supreme Court by the US Senate,4,81.0,Nov/01/2005 21:19:53
302255,SC.CONFIRM.ALITO,Samuel A Alito to be Confirmed to the Supreme Court by the US Senate,4,81.0,Nov/01/2005 21:19:53
302255,SC.CONFIRM.ALITO,Samuel A Alito to be Confirmed to the Supreme Court by the US Senate,3,82.1,Nov/01/2005 21:19:53
302255,SC.CONFIRM.ALITO,Samuel A Alito to be Confirmed to the Supreme Court by the US Senate,10,80.5,Nov/01/2005 21:21:45
302255,SC.CONFIRM.ALITO,Samuel A Alito to be Confirmed to the Supreme Court by the US Senate,10,80.2,Nov/01/2005 21:53:35
302255,SC.CONFIRM.ALITO,Samuel A Alito to be Confirmed to the Supreme Court by the US Senate,10,80.2,Nov/01/2005 21:53:35
302255,SC.CONFIRM.ALITO,Samuel A Alito to be Confirmed to the Supreme Court by the US Senate,20,82.0,Nov/01/2005 22:31:30
302255,SC.CONFIRM.ALITO,Samuel A Alito to be Confirmed to the Supreme Court by the US Senate,5,81.0,Nov/01/2005 22:31:30
302255,SC.CONFIRM.ALITO,Samuel A Alito to be Confirmed to the Supreme Court by the US Senate,5,82.4,Nov/01/2005 23:48:39
302255,SC.CONFIRM.ALITO,Samuel A Alito to be Confirmed to the Supreme Court by the US Senate,2,82.8,Nov/01/2005 23:48:39
302255,SC.CONFIRM.ALITO,Samuel A Alito to be Confirmed to the Supreme Court by the US Senate,3,82.7,Nov/01/2005 23:48:39
302255,SC.CONFIRM.ALITO,Samuel A Alito to be Confirmed to the Supreme Court by the US Senate,10,81.0,Nov/02/2005 01:09:42
302255,SC.CONFIRM.ALITO,Samuel A Alito to be Confirmed to the Supreme Court by the US Senate,3,80.6,Nov/02/2005 01:31:32
302255,SC.CONFIRM.ALITO,Samuel A Alito to be Confirmed to the Supreme Court by the US Senate,2,80.7,Nov/02/2005 01:31:32
302255,SC.CONFIRM.ALITO,Samuel A Alito to be Confirmed to the Supreme Court by the US Senate,1,80.3,Nov/02/2005 01:32:36
302255,SC.CONFIRM.ALITO,Samuel A Alito to be Confirmed to the Supreme Court by the US Senate,2,80.4,Nov/02/2005 01:32:36
302255,SC.CONFIRM.ALITO,Samuel A Alito to be Confirmed to the Supreme Court by the US Senate,1,80.6,Nov/02/2005 01:32:36
302255,SC.CONFIRM.ALITO,Samuel A Alito to be Confirmed to the Supreme Court by the US Senate,2,80.1,Nov/02/2005 01:34:10
302255,SC.CONFIRM.ALITO,Samuel A Alito to be Confirmed to the Supreme Court by the US Senate,2,80.3,Nov/02/2005 01:34:10
302255,SC.CONFIRM.ALITO,Samuel A Alito to be Confirmed to the Supreme Court by the US Senate,4,80.1,Nov/02/2005 01:34:46
302255,SC.CONFIRM.ALITO,Samuel A Alito to be Confirmed to the Supreme Court by the US Senate,10,81.0,Nov/02/2005 02:05:39
302255,SC.CONFIRM.ALITO,Samuel A Alito to be Confirmed to the Supreme Court by the US Senate,3,81.0,Nov/02/2005 02:43:34
302255,SC.CONFIRM.ALITO,Samuel A Alito to be Confirmed to the Supreme Court by the US Senate,77,81.0,Nov/02/2005 02:51:52
302255,SC.CONFIRM.ALITO,Samuel A Alito to be Confirmed to the Supreme Court by the US Senate,3,81.7,Nov/02/2005 03:02:30
302255,SC.CONFIRM.ALITO,Samuel A Alito to be Confirmed to the Supreme Court by the US Senate,6,81.9,Nov/02/2005 03:02:42
302255,SC.CONFIRM.ALITO,Samuel A Alito to be Confirmed to the Supreme Court by the US Senate,6,82.0,Nov/02/2005 03:02:54
302255,SC.CONFIRM.ALITO,Samuel A Alito to be Confirmed to the Supreme Court by the US Senate,2,81.1,Nov/02/2005 03:59:01
302255,SC.CONFIRM.ALITO,Samuel A Alito to be Confirmed to the Supreme Court by the US Senate,2,80.7,Nov/02/2005 04:00:28
302255,SC.CONFIRM.ALITO,Samuel A Alito to be Confirmed to the Supreme Court by the US Senate,3,81.0,Nov/02/2005 04:00:28
302255,SC.CONFIRM.ALITO,Samuel A Alito to be Confirmed to the Supreme Court by the US Senate,2,80.7,Nov/02/2005 04:00:28
302255,SC.CONFIRM.ALITO,Samuel A Alito to be Confirmed to the Supreme Court by the US Senate,2,81.1,Nov/02/2005 04:00:28
302255,SC.CONFIRM.ALITO,Samuel A Alito to be Confirmed to the Supreme Court by the US Senate,5,80.8,Nov/02/2005 04:00:28
302255,SC.CONFIRM.ALITO,Samuel A Alito to be Confirmed to the Supreme Court by the US Senate,6,80.5,Nov/02/2005 04:00:28
302255,SC.CONFIRM.ALITO,Samuel A Alito to be Confirmed to the Supreme Court by the US Senate,2,80.9,Nov/02/2005 04:00:54
302255,SC.CONFIRM.ALITO,Samuel A Alito to be Confirmed to the Supreme Court by the US Senate,11,80.1,Nov/02/2005 04:01:07
302255,SC.CONFIRM.ALITO,Samuel A Alito to be Confirmed to the Supreme Court by the US Senate,2,80.4,Nov/02/2005 04:01:07
302255,SC.CONFIRM.ALITO,Samuel A Alito to be Confirmed to the Supreme Court by the US Senate,7,80.2,Nov/02/2005 04:01:07
302255,SC.CONFIRM.ALITO,Samuel A Alito to be Confirmed to the Supreme Court by the US Senate,3,80.1,Nov/02/2005 04:01:27
302255,SC.CONFIRM.ALITO,Samuel A Alito to be Confirmed to the Supreme Court by the US Senate,5,80.3,Nov/02/2005 04:01:27
302255,SC.CONFIRM.ALITO,Samuel A Alito to be Confirmed to the Supreme Court by the US Senate,5,81.0,Nov/02/2005 04:07:18
302255,SC.CONFIRM.ALITO,Samuel A Alito to be Confirmed to the Supreme Court by the US Senate,5,81.0,Nov/02/2005 04:30:24
302255,SC.CONFIRM.ALITO,Samuel A Alito to be Confirmed to the Supreme Court by the US Senate,5,80.9,Nov/02/2005 04:30:24
302255,SC.CONFIRM.ALITO,Samuel A Alito to be Confirmed to the Supreme Court by the US Senate,10,80.5,Nov/02/2005 04:30:24
302255,SC.CONFIRM.ALITO,Samuel A Alito to be Confirmed to the Supreme Court by the US Senate,3,81.5,Nov/02/2005 04:32:37
302255,SC.CONFIRM.ALITO,Samuel A Alito to be Confirmed to the Supreme Court by the US Senate,2,81.4,Nov/02/2005 04:32:37
302255,SC.CONFIRM.ALITO,Samuel A Alito to be Confirmed to the Supreme Court by the US Senate,3,81.3,Nov/02/2005 04:32:37
302255,SC.CONFIRM.ALITO,Samuel A Alito to be Confirmed to the Supreme Court by the US Senate,3,81.3,Nov/02/2005 04:32:37
302255,SC.CONFIRM.ALITO,Samuel A Alito to be Confirmed to the Supreme Court by the US Senate,4,81.2,Nov/02/2005 04:32:37
302255,SC.CONFIRM.ALITO,Samuel A Alito to be Confirmed to the Supreme Court by the US Senate,2,80.4,Nov/02/2005 04:43:55
302255,SC.CONFIRM.ALITO,Samuel A Alito to be Confirmed to the Supreme Court by the US Senate,10,80.0,Nov/02/2005 04:43:55
302255,SC.CONFIRM.ALITO,Samuel A Alito to be Confirmed to the Supreme Court by the US Senate,7,80.1,Nov/02/2005 04:43:55
302255,SC.CONFIRM.ALITO,Samuel A Alito to be Confirmed to the Supreme Court by the US Senate,100,80.0,Nov/02/2005 04:43:55
302255,SC.CONFIRM.ALITO,Samuel A Alito to be Confirmed to the Supreme Court by the US Senate,7,80.2,Nov/02/2005 04:43:55
302255,SC.CONFIRM.ALITO,Samuel A Alito to be Confirmed to the Supreme Court by the US Senate,3,80.3,Nov/02/2005 04:43:55
302255,SC.CONFIRM.ALITO,Samuel A Alito to be Confirmed to the Supreme Court by the US Senate,5,80.3,Nov/02/2005 04:43:55
302255,SC.CONFIRM.ALITO,Samuel A Alito to be Confirmed to the Supreme Court by the US Senate,2,80.3,Nov/02/2005 04:43:55
302255,SC.CONFIRM.ALITO,Samuel A Alito to be Confirmed to the Supreme Court by the US Senate,2,80.1,Nov/02/2005 04:43:55
302255,SC.CONFIRM.ALITO,Samuel A Alito to be Confirmed to the Supreme Court by the US Senate,30,80.0,Nov/02/2005 05:10:04
302255,SC.CONFIRM.ALITO,Samuel A Alito to be Confirmed to the Supreme Court by the US Senate,30,80.0,Nov/02/2005 05:50:20
302255,SC.CONFIRM.ALITO,Samuel A Alito to be Confirmed to the Supreme Court by the US Senate,10,80.0,Nov/02/2005 05:53:17
302255,SC.CONFIRM.ALITO,Samuel A Alito to be Confirmed to the Supreme Court by the US Senate,4,79.0,Nov/02/2005 06:49:45
302255,SC.CONFIRM.ALITO,Samuel A Alito to be Confirmed to the Supreme Court by the US Senate,8,79.3,Nov/02/2005 06:49:45
302255,SC.CONFIRM.ALITO,Samuel A Alito to be Confirmed to the Supreme Court by the US Senate,2,79.1,Nov/02/2005 06:49:45
302255,SC.CONFIRM.ALITO,Samuel A Alito to be Confirmed to the Supreme Court by the US Senate,2,79.4,Nov/02/2005 06:49:45
302255,SC.CONFIRM.ALITO,Samuel A Alito to be Confirmed to the Supreme Court by the US Senate,2,78.7,Nov/02/2005 11:45:42
302255,SC.CONFIRM.ALITO,Samuel A Alito to be Confirmed to the Supreme Court by the US Senate,5,78.6,Nov/02/2005 11:45:42
302255,SC.CONFIRM.ALITO,Samuel A Alito to be Confirmed to the Supreme Court by the US Senate,3,78.3,Nov/02/2005 11:45:42
302255,SC.CONFIRM.ALITO,Samuel A Alito to be Confirmed to the Supreme Court by the US Senate,5,79.0,Nov/02/2005 13:05:25
302255,SC.CONFIRM.ALITO,Samuel A Alito to be Confirmed to the Supreme Court by the US Senate,2,79.6,Nov/02/2005 13:07:30
302255,SC.CONFIRM.ALITO,Samuel A Alito to be Confirmed to the Supreme Court by the US Senate,3,79.7,Nov/02/2005 13:07:46
302255,SC.CONFIRM.ALITO,Samuel A Alito to be Confirmed to the Supreme Court by the US Senate,5,79.8,Nov/02/2005 13:09:25
302255,SC.CONFIRM.ALITO,Samuel A Alito to be Confirmed to the Supreme Court by the US Senate,1,79.8,Nov/02/2005 13:12:02
302255,SC.CONFIRM.ALITO,Samuel A Alito to be Confirmed to the Supreme Court by the US Senate,2,79.8,Nov/02/2005 13:32:26
302255,SC.CONFIRM.ALITO,Samuel A Alito to be Confirmed to the Supreme Court by the US Senate,5,79.9,Nov/02/2005 13:32:44
302255,SC.CONFIRM.ALITO,Samuel A Alito to be Confirmed to the Supreme Court by the US Senate,1,79.9,Nov/02/2005 16:54:35
302255,SC.CONFIRM.ALITO,Samuel A Alito to be Confirmed to the Supreme Court by the US Senate,25,80.0,Nov/02/2005 16:54:35
302255,SC.CONFIRM.ALITO,Samuel A Alito to be Confirmed to the Supreme Court by the US Senate,10,80.5,Nov/02/2005 16:54:56
302255,SC.CONFIRM.ALITO,Samuel A Alito to be Confirmed to the Supreme Court by the US Senate,7,80.4,Nov/02/2005 16:54:56
302255,SC.CONFIRM.ALITO,Samuel A Alito to be Confirmed to the Supreme Court by the US Senate,2,79.8,Nov/02/2005 17:03:24
302255,SC.CONFIRM.ALITO,Samuel A Alito to be Confirmed to the Supreme Court by the US Senate,1,79.7,Nov/02/2005 17:09:08
302255,SC.CONFIRM.ALITO,Samuel A Alito to be Confirmed to the Supreme Court by the US Senate,15,79.5,Nov/02/2005 17:09:08
302255,SC.CONFIRM.ALITO,Samuel A Alito to be Confirmed to the Supreme Court by the US Senate,2,79.7,Nov/02/2005 17:09:08
302255,SC.CONFIRM.ALITO,Samuel A Alito to be Confirmed to the Supreme Court by the US Senate,1,79.5,Nov/02/2005 17:09:08
302255,SC.CONFIRM.ALITO,Samuel A Alito to be Confirmed to the Supreme Court by the US Senate,1,79.8,Nov/02/2005 17:09:08
302255,SC.CONFIRM.ALITO,Samuel A Alito to be Confirmed to the Supreme Court by the US Senate,2,79.0,Nov/02/2005 17:10:33
302255,SC.CONFIRM.ALITO,Samuel A Alito to be Confirmed to the Supreme Court by the US Senate,1,79.5,Nov/02/2005 17:10:33
302255,SC.CONFIRM.ALITO,Samuel A Alito to be Confirmed to the Supreme Court by the US Senate,5,79.0,Nov/02/2005 18:04:53
302255,SC.CONFIRM.ALITO,Samuel A Alito to be Confirmed to the Supreme Court by the US Senate,3,79.6,Nov/02/2005 18:43:06
302255,SC.CONFIRM.ALITO,Samuel A Alito to be Confirmed to the Supreme Court by the US Senate,2,79.6,Nov/02/2005 18:45:14
302255,SC.CONFIRM.ALITO,Samuel A Alito to be Confirmed to the Supreme Court by the US Senate,1,79.1,Nov/02/2005 18:54:31
302255,SC.CONFIRM.ALITO,Samuel A Alito to be Confirmed to the Supreme Court by the US Senate,2,79.1,Nov/02/2005 19:12:21
302255,SC.CONFIRM.ALITO,Samuel A Alito to be Confirmed to the Supreme Court by the US Senate,1,79.4,Nov/02/2005 19:12:59
302255,SC.CONFIRM.ALITO,Samuel A Alito to be Confirmed to the Supreme Court by the US Senate,1,79.3,Nov/02/2005 19:12:59
302255,SC.CONFIRM.ALITO,Samuel A Alito to be Confirmed to the Supreme Court by the US Senate,1,79.2,Nov/02/2005 19:12:59
302255,SC.CONFIRM.ALITO,Samuel A Alito to be Confirmed to the Supreme Court by the US Senate,20,80.0,Nov/02/2005 20:08:58
302255,SC.CONFIRM.ALITO,Samuel A Alito to be Confirmed to the Supreme Court by the US Senate,2,79.8,Nov/02/2005 20:08:58
302255,SC.CONFIRM.ALITO,Samuel A Alito to be Confirmed to the Supreme Court by the US Senate,5,79.7,Nov/02/2005 20:08:58
302255,SC.CONFIRM.ALITO,Samuel A Alito to be Confirmed to the Supreme Court by the US Senate,8,79.9,Nov/02/2005 20:08:58
302255,SC.CONFIRM.ALITO,Samuel A Alito to be Confirmed to the Supreme Court by the US Senate,5,80.0,Nov/02/2005 20:11:46
302255,SC.CONFIRM.ALITO,Samuel A Alito to be Confirmed to the Supreme Court by the US Senate,5,80.0,Nov/02/2005 20:11:46
302255,SC.CONFIRM.ALITO,Samuel A Alito to be Confirmed to the Supreme Court by the US Senate,2,80.0,Nov/02/2005 20:28:19
302255,SC.CONFIRM.ALITO,Samuel A Alito to be Confirmed to the Supreme Court by the US Senate,3,80.0,Nov/02/2005 21:31:32
302255,SC.CONFIRM.ALITO,Samuel A Alito to be Confirmed to the Supreme Court by the US Senate,4,80.4,Nov/02/2005 22:18:45
302255,SC.CONFIRM.ALITO,Samuel A Alito to be Confirmed to the Supreme Court by the US Senate,3,80.7,Nov/02/2005 22:19:14
302255,SC.CONFIRM.ALITO,Samuel A Alito to be Confirmed to the Supreme Court by the US Senate,2,80.6,Nov/02/2005 22:19:14
302255,SC.CONFIRM.ALITO,Samuel A Alito to be Confirmed to the Supreme Court by the US Senate,4,80.9,Nov/02/2005 22:48:20
302255,SC.CONFIRM.ALITO,Samuel A Alito to be Confirmed to the Supreme Court by the US Senate,4,80.9,Nov/02/2005 23:43:44
302255,SC.CONFIRM.ALITO,Samuel A Alito to be Confirmed to the Supreme Court by the US Senate,1,81.1,Nov/03/2005 00:00:32
302255,SC.CONFIRM.ALITO,Samuel A Alito to be Confirmed to the Supreme Court by the US Senate,1,81.2,Nov/03/2005 00:13:08
302255,SC.CONFIRM.ALITO,Samuel A Alito to be Confirmed to the Supreme Court by the US Senate,4,81.1,Nov/03/2005 00:13:08
302255,SC.CONFIRM.ALITO,Samuel A Alito to be Confirmed to the Supreme Court by the US Senate,1,81.0,Nov/03/2005 00:39:04
302255,SC.CONFIRM.ALITO,Samuel A Alito to be Confirmed to the Supreme Court by the US Senate,4,81.3,Nov/03/2005 00:45:17
302255,SC.CONFIRM.ALITO,Samuel A Alito to be Confirmed to the Supreme Court by the US Senate,7,81.0,Nov/03/2005 00:51:40
302255,SC.CONFIRM.ALITO,Samuel A Alito to be Confirmed to the Supreme Court by the US Senate,5,81.6,Nov/03/2005 00:58:31
302255,SC.CONFIRM.ALITO,Samuel A Alito to be Confirmed to the Supreme Court by the US Senate,5,81.4,Nov/03/2005 00:58:31
302255,SC.CONFIRM.ALITO,Samuel A Alito to be Confirmed to the Supreme Court by the US Senate,1,81.0,Nov/03/2005 00:58:31
302255,SC.CONFIRM.ALITO,Samuel A Alito to be Confirmed to the Supreme Court by the US Senate,3,81.3,Nov/03/2005 00:58:31
302255,SC.CONFIRM.ALITO,Samuel A Alito to be Confirmed to the Supreme Court by the US Senate,5,80.5,Nov/03/2005 01:06:20
302255,SC.CONFIRM.ALITO,Samuel A Alito to be Confirmed to the Supreme Court by the US Senate,2,80.6,Nov/03/2005 01:06:20
302255,SC.CONFIRM.ALITO,Samuel A Alito to be Confirmed to the Supreme Court by the US Senate,3,80.7,Nov/03/2005 01:06:20
302255,SC.CONFIRM.ALITO,Samuel A Alito to be Confirmed to the Supreme Court by the US Senate,5,80.1,Nov/03/2005 01:06:56
302255,SC.CONFIRM.ALITO,Samuel A Alito to be Confirmed to the Supreme Court by the US Senate,4,80.2,Nov/03/2005 01:06:56
302255,SC.CONFIRM.ALITO,Samuel A Alito to be Confirmed to the Supreme Court by the US Senate,10,80.0,Nov/03/2005 01:06:56
302255,SC.CONFIRM.ALITO,Samuel A Alito to be Confirmed to the Supreme Court by the US Senate,10,80.0,Nov/03/2005 01:36:35
302255,SC.CONFIRM.ALITO,Samuel A Alito to be Confirmed to the Supreme Court by the US Senate,4,80.1,Nov/03/2005 01:36:35
302255,SC.CONFIRM.ALITO,Samuel A Alito to be Confirmed to the Supreme Court by the US Senate,7,81.7,Nov/03/2005 01:40:50
302255,SC.CONFIRM.ALITO,Samuel A Alito to be Confirmed to the Supreme Court by the US Senate,50,81.0,Nov/03/2005 01:40:50
302255,SC.CONFIRM.ALITO,Samuel A Alito to be Confirmed to the Supreme Court by the US Senate,3,80.9,Nov/03/2005 01:40:50
302255,SC.CONFIRM.ALITO,Samuel A Alito to be Confirmed to the Supreme Court by the US Senate,2,81.9,Nov/03/2005 02:19:14
302255,SC.CONFIRM.ALITO,Samuel A Alito to be Confirmed to the Supreme Court by the US Senate,1,81.7,Nov/03/2005 02:19:14
302255,SC.CONFIRM.ALITO,Samuel A Alito to be Confirmed to the Supreme Court by the US Senate,9,81.8,Nov/03/2005 02:19:14
302255,SC.CONFIRM.ALITO,Samuel A Alito to be Confirmed to the Supreme Court by the US Senate,3,82.4,Nov/03/2005 02:19:14
302255,SC.CONFIRM.ALITO,Samuel A Alito to be Confirmed to the Supreme Court by the US Senate,50,82.0,Nov/03/2005 02:19:14
302255,SC.CONFIRM.ALITO,Samuel A Alito to be Confirmed to the Supreme Court by the US Senate,4,82.4,Nov/03/2005 02:43:51
302255,SC.CONFIRM.ALITO,Samuel A Alito to be Confirmed to the Supreme Court by the US Senate,3,82.3,Nov/03/2005 02:43:51
302255,SC.CONFIRM.ALITO,Samuel A Alito to be Confirmed to the Supreme Court by the US Senate,3,82.4,Nov/03/2005 02:47:03
302255,SC.CONFIRM.ALITO,Samuel A Alito to be Confirmed to the Supreme Court by the US Senate,1,82.2,Nov/03/2005 03:12:51
302255,SC.CONFIRM.ALITO,Samuel A Alito to be Confirmed to the Supreme Court by the US Senate,7,81.2,Nov/03/2005 03:26:06
302255,SC.CONFIRM.ALITO,Samuel A Alito to be Confirmed to the Supreme Court by the US Senate,2,81.0,Nov/03/2005 03:26:23
302255,SC.CONFIRM.ALITO,Samuel A Alito to be Confirmed to the Supreme Court by the US Senate,5,81.1,Nov/03/2005 03:26:23
302255,SC.CONFIRM.ALITO,Samuel A Alito to be Confirmed to the Supreme Court by the US Senate,10,81.0,Nov/03/2005 03:26:23
302255,SC.CONFIRM.ALITO,Samuel A Alito to be Confirmed to the Supreme Court by the US Senate,50,80.8,Nov/03/2005 03:26:38
302255,SC.CONFIRM.ALITO,Samuel A Alito to be Confirmed to the Supreme Court by the US Senate,4,80.7,Nov/03/2005 03:27:14
302255,SC.CONFIRM.ALITO,Samuel A Alito to be Confirmed to the Supreme Court by the US Senate,5,80.7,Nov/03/2005 03:27:14
302255,SC.CONFIRM.ALITO,Samuel A Alito to be Confirmed to the Supreme Court by the US Senate,7,80.6,Nov/03/2005 03:27:23
302255,SC.CONFIRM.ALITO,Samuel A Alito to be Confirmed to the Supreme Court by the US Senate,5,80.6,Nov/03/2005 03:27:23
302255,SC.CONFIRM.ALITO,Samuel A Alito to be Confirmed to the Supreme Court by the US Senate,50,80.5,Nov/03/2005 03:27:35
302255,SC.CONFIRM.ALITO,Samuel A Alito to be Confirmed to the Supreme Court by the US Senate,13,81.0,Nov/03/2005 04:12:30
302255,SC.CONFIRM.ALITO,Samuel A Alito to be Confirmed to the Supreme Court by the US Senate,5,81.0,Nov/03/2005 04:38:23
302255,SC.CONFIRM.ALITO,Samuel A Alito to be Confirmed to the Supreme Court by the US Senate,7,81.0,Nov/03/2005 05:05:34
302255,SC.CONFIRM.ALITO,Samuel A Alito to be Confirmed to the Supreme Court by the US Senate,5,82.0,Nov/03/2005 05:10:44
302255,SC.CONFIRM.ALITO,Samuel A Alito to be Confirmed to the Supreme Court by the US Senate,30,82.0,Nov/03/2005 05:11:52
302255,SC.CONFIRM.ALITO,Samuel A Alito to be Confirmed to the Supreme Court by the US Senate,3,80.0,Nov/03/2005 05:29:35
302255,SC.CONFIRM.ALITO,Samuel A Alito to be Confirmed to the Supreme Court by the US Senate,9,80.0,Nov/03/2005 05:29:35
302255,SC.CONFIRM.ALITO,Samuel A Alito to be Confirmed to the Supreme Court by the US Senate,2,80.9,Nov/03/2005 11:43:02
302255,SC.CONFIRM.ALITO,Samuel A Alito to be Confirmed to the Supreme Court by the US Senate,2,80.5,Nov/03/2005 11:43:02
302255,SC.CONFIRM.ALITO,Samuel A Alito to be Confirmed to the Supreme Court by the US Senate,5,81.0,Nov/03/2005 11:43:02
302255,SC.CONFIRM.ALITO,Samuel A Alito to be Confirmed to the Supreme Court by the US Senate,7,81.7,Nov/03/2005 11:43:02
302255,SC.CONFIRM.ALITO,Samuel A Alito to be Confirmed to the Supreme Court by the US Senate,5,81.6,Nov/03/2005 11:43:02
302255,SC.CONFIRM.ALITO,Samuel A Alito to be Confirmed to the Supreme Court by the US Senate,2,82.2,Nov/03/2005 13:58:29
302255,SC.CONFIRM.ALITO,Samuel A Alito to be Confirmed to the Supreme Court by the US Senate,15,82.0,Nov/03/2005 13:58:29
302255,SC.CONFIRM.ALITO,Samuel A Alito to be Confirmed to the Supreme Court by the US Senate,10,82.1,Nov/03/2005 13:58:29
302255,SC.CONFIRM.ALITO,Samuel A Alito to be Confirmed to the Supreme Court by the US Senate,25,82.0,Nov/03/2005 13:58:29
302255,SC.CONFIRM.ALITO,Samuel A Alito to be Confirmed to the Supreme Court by the US Senate,9,81.8,Nov/03/2005 13:58:29
302255,SC.CONFIRM.ALITO,Samuel A Alito to be Confirmed to the Supreme Court by the US Senate,4,81.9,Nov/03/2005 13:58:29
302255,SC.CONFIRM.ALITO,Samuel A Alito to be Confirmed to the Supreme Court by the US Senate,5,82.3,Nov/03/2005 14:37:32
302255,SC.CONFIRM.ALITO,Samuel A Alito to be Confirmed to the Supreme Court by the US Senate,4,82.4,Nov/03/2005 14:37:47
302255,SC.CONFIRM.ALITO,Samuel A Alito to be Confirmed to the Supreme Court by the US Senate,1,82.4,Nov/03/2005 14:37:47
302255,SC.CONFIRM.ALITO,Samuel A Alito to be Confirmed to the Supreme Court by the US Senate,8,82.4,Nov/03/2005 14:49:15
302255,SC.CONFIRM.ALITO,Samuel A Alito to be Confirmed to the Supreme Court by the US Senate,5,82.4,Nov/03/2005 14:49:15
302255,SC.CONFIRM.ALITO,Samuel A Alito to be Confirmed to the Supreme Court by the US Senate,1,82.4,Nov/03/2005 14:57:19
302255,SC.CONFIRM.ALITO,Samuel A Alito to be Confirmed to the Supreme Court by the US Senate,1,82.4,Nov/03/2005 14:57:57
302255,SC.CONFIRM.ALITO,Samuel A Alito to be Confirmed to the Supreme Court by the US Senate,5,82.4,Nov/03/2005 15:10:24
302255,SC.CONFIRM.ALITO,Samuel A Alito to be Confirmed to the Supreme Court by the US Senate,10,82.5,Nov/03/2005 15:13:47
302255,SC.CONFIRM.ALITO,Samuel A Alito to be Confirmed to the Supreme Court by the US Senate,10,82.5,Nov/03/2005 15:14:00
302255,SC.CONFIRM.ALITO,Samuel A Alito to be Confirmed to the Supreme Court by the US Senate,10,82.0,Nov/03/2005 16:34:30
302255,SC.CONFIRM.ALITO,Samuel A Alito to be Confirmed to the Supreme Court by the US Senate,10,81.0,Nov/03/2005 16:34:58
302255,SC.CONFIRM.ALITO,Samuel A Alito to be Confirmed to the Supreme Court by the US Senate,1,82.5,Nov/03/2005 16:37:06
302255,SC.CONFIRM.ALITO,Samuel A Alito to be Confirmed to the Supreme Court by the US Senate,1,82.5,Nov/03/2005 16:37:37
302255,SC.CONFIRM.ALITO,Samuel A Alito to be Confirmed to the Supreme Court by the US Senate,2,81.0,Nov/03/2005 18:21:13
302255,SC.CONFIRM.ALITO,Samuel A Alito to be Confirmed to the Supreme Court by the US Senate,49,81.0,Nov/03/2005 18:21:13
302255,SC.CONFIRM.ALITO,Samuel A Alito to be Confirmed to the Supreme Court by the US Senate,10,81.0,Nov/03/2005 18:33:01
302255,SC.CONFIRM.ALITO,Samuel A Alito to be Confirmed to the Supreme Court by the US Senate,5,82.4,Nov/03/2005 19:29:40
302255,SC.CONFIRM.ALITO,Samuel A Alito to be Confirmed to the Supreme Court by the US Senate,10,84.0,Nov/03/2005 19:29:40
302255,SC.CONFIRM.ALITO,Samuel A Alito to be Confirmed to the Supreme Court by the US Senate,4,83.8,Nov/03/2005 19:29:40
302255,SC.CONFIRM.ALITO,Samuel A Alito to be Confirmed to the Supreme Court by the US Senate,7,83.7,Nov/03/2005 19:29:40
302255,SC.CONFIRM.ALITO,Samuel A Alito to be Confirmed to the Supreme Court by the US Senate,9,83.9,Nov/03/2005 19:29:40
302255,SC.CONFIRM.ALITO,Samuel A Alito to be Confirmed to the Supreme Court by the US Senate,5,83.4,Nov/03/2005 19:29:40
302255,SC.CONFIRM.ALITO,Samuel A Alito to be Confirmed to the Supreme Court by the US Senate,18,84.0,Nov/03/2005 19:29:40
302255,SC.CONFIRM.ALITO,Samuel A Alito to be Confirmed to the Supreme Court by the US Senate,5,83.0,Nov/03/2005 19:29:40
302255,SC.CONFIRM.ALITO,Samuel A Alito to be Confirmed to the Supreme Court by the US Senate,7,82.7,Nov/03/2005 19:29:40
302255,SC.CONFIRM.ALITO,Samuel A Alito to be Confirmed to the Supreme Court by the US Senate,5,82.6,Nov/03/2005 19:29:40
302255,SC.CONFIRM.ALITO,Samuel A Alito to be Confirmed to the Supreme Court by the US Senate,12,82.9,Nov/03/2005 19:29:40
302255,SC.CONFIRM.ALITO,Samuel A Alito to be Confirmed to the Supreme Court by the US Senate,13,83.5,Nov/03/2005 19:29:40
302255,SC.CONFIRM.ALITO,Samuel A Alito to be Confirmed to the Supreme Court by the US Senate,28,83.0,Nov/03/2005 19:42:00
302255,SC.CONFIRM.ALITO,Samuel A Alito to be Confirmed to the Supreme Court by the US Senate,2,84.6,Nov/03/2005 21:22:51
302255,SC.CONFIRM.ALITO,Samuel A Alito to be Confirmed to the Supreme Court by the US Senate,1,84.5,Nov/03/2005 21:22:51
302255,SC.CONFIRM.ALITO,Samuel A Alito to be Confirmed to the Supreme Court by the US Senate,3,84.6,Nov/03/2005 21:29:15
302255,SC.CONFIRM.ALITO,Samuel A Alito to be Confirmed to the Supreme Court by the US Senate,3,84.7,Nov/03/2005 21:29:15
302255,SC.CONFIRM.ALITO,Samuel A Alito to be Confirmed to the Supreme Court by the US Senate,1,84.5,Nov/03/2005 21:29:15
302255,SC.CONFIRM.ALITO,Samuel A Alito to be Confirmed to the Supreme Court by the US Senate,8,84.8,Nov/03/2005 21:35:05
302255,SC.CONFIRM.ALITO,Samuel A Alito to be Confirmed to the Supreme Court by the US Senate,9,84.7,Nov/03/2005 21:35:05
302255,SC.CONFIRM.ALITO,Samuel A Alito to be Confirmed to the Supreme Court by the US Senate,20,84.0,Nov/03/2005 22:31:35
302255,SC.CONFIRM.ALITO,Samuel A Alito to be Confirmed to the Supreme Court by the US Senate,1,83.5,Nov/04/2005 00:18:06
302255,SC.CONFIRM.ALITO,Samuel A Alito to be Confirmed to the Supreme Court by the US Senate,2,83.9,Nov/04/2005 00:38:52
302255,SC.CONFIRM.ALITO,Samuel A Alito to be Confirmed to the Supreme Court by the US Senate,10,84.0,Nov/04/2005 00:38:52
302255,SC.CONFIRM.ALITO,Samuel A Alito to be Confirmed to the Supreme Court by the US Senate,20,85.0,Nov/04/2005 00:39:12
302255,SC.CONFIRM.ALITO,Samuel A Alito to be Confirmed to the Supreme Court by the US Senate,5,84.9,Nov/04/2005 00:39:12
302255,SC.CONFIRM.ALITO,Samuel A Alito to be Confirmed to the Supreme Court by the US Senate,1,84.9,Nov/04/2005 00:39:12
302255,SC.CONFIRM.ALITO,Samuel A Alito to be Confirmed to the Supreme Court by the US Senate,5,84.7,Nov/04/2005 00:39:12
302255,SC.CONFIRM.ALITO,Samuel A Alito to be Confirmed to the Supreme Court by the US Senate,7,85.7,Nov/04/2005 01:36:56
302255,SC.CONFIRM.ALITO,Samuel A Alito to be Confirmed to the Supreme Court by the US Senate,15,85.9,Nov/04/2005 01:36:56
302255,SC.CONFIRM.ALITO,Samuel A Alito to be Confirmed to the Supreme Court by the US Senate,7,86.0,Nov/04/2005 01:36:56
302255,SC.CONFIRM.ALITO,Samuel A Alito to be Confirmed to the Supreme Court by the US Senate,1,85.8,Nov/04/2005 01:36:56
302255,SC.CONFIRM.ALITO,Samuel A Alito to be Confirmed to the Supreme Court by the US Senate,18,86.7,Nov/04/2005 02:25:28
302255,SC.CONFIRM.ALITO,Samuel A Alito to be Confirmed to the Supreme Court by the US Senate,5,85.1,Nov/04/2005 04:35:08
302255,SC.CONFIRM.ALITO,Samuel A Alito to be Confirmed to the Supreme Court by the US Senate,5,87.7,Nov/04/2005 04:39:38
302255,SC.CONFIRM.ALITO,Samuel A Alito to be Confirmed to the Supreme Court by the US Senate,1,87.3,Nov/04/2005 04:50:56
302255,SC.CONFIRM.ALITO,Samuel A Alito to be Confirmed to the Supreme Court by the US Senate,8,85.0,Nov/04/2005 04:51:16
302255,SC.CONFIRM.ALITO,Samuel A Alito to be Confirmed to the Supreme Court by the US Senate,3,85.1,Nov/04/2005 04:51:16
302255,SC.CONFIRM.ALITO,Samuel A Alito to be Confirmed to the Supreme Court by the US Senate,3,85.0,Nov/04/2005 05:01:07
302255,SC.CONFIRM.ALITO,Samuel A Alito to be Confirmed to the Supreme Court by the US Senate,25,85.0,Nov/04/2005 05:04:52
302255,SC.CONFIRM.ALITO,Samuel A Alito to be Confirmed to the Supreme Court by the US Senate,3,85.0,Nov/04/2005 05:11:08
302255,SC.CONFIRM.ALITO,Samuel A Alito to be Confirmed to the Supreme Court by the US Senate,2,86.5,Nov/04/2005 13:54:55
302255,SC.CONFIRM.ALITO,Samuel A Alito to be Confirmed to the Supreme Court by the US Senate,2,87.0,Nov/04/2005 13:54:55
302255,SC.CONFIRM.ALITO,Samuel A Alito to be Confirmed to the Supreme Court by the US Senate,5,85.1,Nov/04/2005 14:17:58
302255,SC.CONFIRM.ALITO,Samuel A Alito to be Confirmed to the Supreme Court by the US Senate,4,84.9,Nov/04/2005 14:18:34
302255,SC.CONFIRM.ALITO,Samuel A Alito to be Confirmed to the Supreme Court by the US Senate,10,86.0,Nov/04/2005 14:29:36
302255,SC.CONFIRM.ALITO,Samuel A Alito to be Confirmed to the Supreme Court by the US Senate,6,86.0,Nov/04/2005 14:50:48
302255,SC.CONFIRM.ALITO,Samuel A Alito to be Confirmed to the Supreme Court by the US Senate,2,87.3,Nov/04/2005 14:51:01
302255,SC.CONFIRM.ALITO,Samuel A Alito to be Confirmed to the Supreme Court by the US Senate,3,87.2,Nov/04/2005 14:51:01
302255,SC.CONFIRM.ALITO,Samuel A Alito to be Confirmed to the Supreme Court by the US Senate,8,87.0,Nov/04/2005 14:51:01
302255,SC.CONFIRM.ALITO,Samuel A Alito to be Confirmed to the Supreme Court by the US Senate,5,84.5,Nov/04/2005 16:07:05
302255,SC.CONFIRM.ALITO,Samuel A Alito to be Confirmed to the Supreme Court by the US Senate,3,84.7,Nov/04/2005 16:07:05
302255,SC.CONFIRM.ALITO,Samuel A Alito to be Confirmed to the Supreme Court by the US Senate,2,84.8,Nov/04/2005 16:07:05
302255,SC.CONFIRM.ALITO,Samuel A Alito to be Confirmed to the Supreme Court by the US Senate,1,87.0,Nov/04/2005 16:19:11
302255,SC.CONFIRM.ALITO,Samuel A Alito to be Confirmed to the Supreme Court by the US Senate,4,86.0,Nov/04/2005 17:22:20
302255,SC.CONFIRM.ALITO,Samuel A Alito to be Confirmed to the Supreme Court by the US Senate,1,86.0,Nov/04/2005 17:35:20
302255,SC.CONFIRM.ALITO,Samuel A Alito to be Confirmed to the Supreme Court by the US Senate,1,86.0,Nov/04/2005 17:50:47
302255,SC.CONFIRM.ALITO,Samuel A Alito to be Confirmed to the Supreme Court by the US Senate,10,85.2,Nov/04/2005 19:32:29
302255,SC.CONFIRM.ALITO,Samuel A Alito to be Confirmed to the Supreme Court by the US Senate,5,85.3,Nov/04/2005 19:32:29
302255,SC.CONFIRM.ALITO,Samuel A Alito to be Confirmed to the Supreme Court by the US Senate,9,87.0,Nov/04/2005 21:15:09
302255,SC.CONFIRM.ALITO,Samuel A Alito to be Confirmed to the Supreme Court by the US Senate,3,87.0,Nov/04/2005 21:15:09
302255,SC.CONFIRM.ALITO,Samuel A Alito to be Confirmed to the Supreme Court by the US Senate,7,86.9,Nov/04/2005 21:15:09
302255,SC.CONFIRM.ALITO,Samuel A Alito to be Confirmed to the Supreme Court by the US Senate,5,86.7,Nov/04/2005 21:15:09
302255,SC.CONFIRM.ALITO,Samuel A Alito to be Confirmed to the Supreme Court by the US Senate,1,86.0,Nov/04/2005 21:15:09
302255,SC.CONFIRM.ALITO,Samuel A Alito to be Confirmed to the Supreme Court by the US Senate,1,87.0,Nov/04/2005 21:26:32
302255,SC.CONFIRM.ALITO,Samuel A Alito to be Confirmed to the Supreme Court by the US Senate,19,87.0,Nov/04/2005 22:34:45
302255,SC.CONFIRM.ALITO,Samuel A Alito to be Confirmed to the Supreme Court by the US Senate,4,86.9,Nov/04/2005 22:34:45
302255,SC.CONFIRM.ALITO,Samuel A Alito to be Confirmed to the Supreme Court by the US Senate,77,87.0,Nov/04/2005 23:10:46
302255,SC.CONFIRM.ALITO,Samuel A Alito to be Confirmed to the Supreme Court by the US Senate,5,86.9,Nov/04/2005 23:10:46
302255,SC.CONFIRM.ALITO,Samuel A Alito to be Confirmed to the Supreme Court by the US Senate,2,86.0,Nov/04/2005 23:26:50
302255,SC.CONFIRM.ALITO,Samuel A Alito to be Confirmed to the Supreme Court by the US Senate,10,87.0,Nov/04/2005 23:48:35
302255,SC.CONFIRM.ALITO,Samuel A Alito to be Confirmed to the Supreme Court by the US Senate,2,87.0,Nov/05/2005 00:11:47
302255,SC.CONFIRM.ALITO,Samuel A Alito to be Confirmed to the Supreme Court by the US Senate,3,86.9,Nov/05/2005 00:34:56
302255,SC.CONFIRM.ALITO,Samuel A Alito to be Confirmed to the Supreme Court by the US Senate,1,86.6,Nov/05/2005 03:08:56
302255,SC.CONFIRM.ALITO,Samuel A Alito to be Confirmed to the Supreme Court by the US Senate,6,86.5,Nov/05/2005 03:26:01
302255,SC.CONFIRM.ALITO,Samuel A Alito to be Confirmed to the Supreme Court by the US Senate,5,86.6,Nov/05/2005 04:25:43
302255,SC.CONFIRM.ALITO,Samuel A Alito to be Confirmed to the Supreme Court by the US Senate,7,86.9,Nov/05/2005 04:26:05
302255,SC.CONFIRM.ALITO,Samuel A Alito to be Confirmed to the Supreme Court by the US Senate,16,87.0,Nov/05/2005 04:26:31
302255,SC.CONFIRM.ALITO,Samuel A Alito to be Confirmed to the Supreme Court by the US Senate,100,87.0,Nov/05/2005 04:26:31
302255,SC.CONFIRM.ALITO,Samuel A Alito to be Confirmed to the Supreme Court by the US Senate,5,86.5,Nov/05/2005 06:27:56
302255,SC.CONFIRM.ALITO,Samuel A Alito to be Confirmed to the Supreme Court by the US Senate,29,86.5,Nov/05/2005 06:44:11
302255,SC.CONFIRM.ALITO,Samuel A Alito to be Confirmed to the Supreme Court by the US Senate,4,86.6,Nov/05/2005 17:36:58
302255,SC.CONFIRM.ALITO,Samuel A Alito to be Confirmed to the Supreme Court by the US Senate,26,87.0,Nov/05/2005 17:36:58
302255,SC.CONFIRM.ALITO,Samuel A Alito to be Confirmed to the Supreme Court by the US Senate,7,86.9,Nov/05/2005 17:36:58
302255,SC.CONFIRM.ALITO,Samuel A Alito to be Confirmed to the Supreme Court by the US Senate,5,86.7,Nov/05/2005 17:36:58
302255,SC.CONFIRM.ALITO,Samuel A Alito to be Confirmed to the Supreme Court by the US Senate,8,86.8,Nov/05/2005 17:36:58
302255,SC.CONFIRM.ALITO,Samuel A Alito to be Confirmed to the Supreme Court by the US Senate,3,86.5,Nov/05/2005 17:44:10
302255,SC.CONFIRM.ALITO,Samuel A Alito to be Confirmed to the Supreme Court by the US Senate,3,86.5,Nov/05/2005 18:25:28
302255,SC.CONFIRM.ALITO,Samuel A Alito to be Confirmed to the Supreme Court by the US Senate,2,86.3,Nov/05/2005 22:15:10
302255,SC.CONFIRM.ALITO,Samuel A Alito to be Confirmed to the Supreme Court by the US Senate,1,86.4,Nov/05/2005 22:51:16
302255,SC.CONFIRM.ALITO,Samuel A Alito to be Confirmed to the Supreme Court by the US Senate,5,86.1,Nov/06/2005 00:36:52
302255,SC.CONFIRM.ALITO,Samuel A Alito to be Confirmed to the Supreme Court by the US Senate,2,86.2,Nov/06/2005 00:36:52
302255,SC.CONFIRM.ALITO,Samuel A Alito to be Confirmed to the Supreme Court by the US Senate,8,85.6,Nov/06/2005 00:36:52
302255,SC.CONFIRM.ALITO,Samuel A Alito to be Confirmed to the Supreme Court by the US Senate,3,85.7,Nov/06/2005 00:36:52
302255,SC.CONFIRM.ALITO,Samuel A Alito to be Confirmed to the Supreme Court by the US Senate,2,85.8,Nov/06/2005 00:36:52
302255,SC.CONFIRM.ALITO,Samuel A Alito to be Confirmed to the Supreme Court by the US Senate,20,86.0,Nov/06/2005 03:43:03
302255,SC.CONFIRM.ALITO,Samuel A Alito to be Confirmed to the Supreme Court by the US Senate,1,85.5,Nov/06/2005 04:11:30
302255,SC.CONFIRM.ALITO,Samuel A Alito to be Confirmed to the Supreme Court by the US Senate,2,85.1,Nov/06/2005 12:36:10
302255,SC.CONFIRM.ALITO,Samuel A Alito to be Confirmed to the Supreme Court by the US Senate,4,85.5,Nov/06/2005 12:36:10
302255,SC.CONFIRM.ALITO,Samuel A Alito to be Confirmed to the Supreme Court by the US Senate,2,86.1,Nov/06/2005 13:22:30
302255,SC.CONFIRM.ALITO,Samuel A Alito to be Confirmed to the Supreme Court by the US Senate,16,86.2,Nov/06/2005 13:25:16
302255,SC.CONFIRM.ALITO,Samuel A Alito to be Confirmed to the Supreme Court by the US Senate,3,86.1,Nov/06/2005 13:25:16
302255,SC.CONFIRM.ALITO,Samuel A Alito to be Confirmed to the Supreme Court by the US Senate,17,86.5,Nov/06/2005 13:25:16
302255,SC.CONFIRM.ALITO,Samuel A Alito to be Confirmed to the Supreme Court by the US Senate,6,86.4,Nov/06/2005 13:25:16
302255,SC.CONFIRM.ALITO,Samuel A Alito to be Confirmed to the Supreme Court by the US Senate,3,86.3,Nov/06/2005 13:25:16
302255,SC.CONFIRM.ALITO,Samuel A Alito to be Confirmed to the Supreme Court by the US Senate,9,86.8,Nov/06/2005 15:57:26
302255,SC.CONFIRM.ALITO,Samuel A Alito to be Confirmed to the Supreme Court by the US Senate,1,86.9,Nov/06/2005 15:57:26
302255,SC.CONFIRM.ALITO,Samuel A Alito to be Confirmed to the Supreme Court by the US Senate,3,86.7,Nov/06/2005 18:16:31
302255,SC.CONFIRM.ALITO,Samuel A Alito to be Confirmed to the Supreme Court by the US Senate,3,86.7,Nov/06/2005 21:59:16
302255,SC.CONFIRM.ALITO,Samuel A Alito to be Confirmed to the Supreme Court by the US Senate,24,87.0,Nov/06/2005 23:34:20
302255,SC.CONFIRM.ALITO,Samuel A Alito to be Confirmed to the Supreme Court by the US Senate,20,87.0,Nov/06/2005 23:34:20
302255,SC.CONFIRM.ALITO,Samuel A Alito to be Confirmed to the Supreme Court by the US Senate,15,87.7,Nov/06/2005 23:36:08
302255,SC.CONFIRM.ALITO,Samuel A Alito to be Confirmed to the Supreme Court by the US Senate,1,87.1,Nov/07/2005 01:58:59
302255,SC.CONFIRM.ALITO,Samuel A Alito to be Confirmed to the Supreme Court by the US Senate,1,88.4,Nov/07/2005 02:02:59
302255,SC.CONFIRM.ALITO,Samuel A Alito to be Confirmed to the Supreme Court by the US Senate,1,88.5,Nov/07/2005 02:03:25
302255,SC.CONFIRM.ALITO,Samuel A Alito to be Confirmed to the Supreme Court by the US Senate,75,88.4,Nov/07/2005 03:14:28
302255,SC.CONFIRM.ALITO,Samuel A Alito to be Confirmed to the Supreme Court by the US Senate,2,88.5,Nov/07/2005 03:15:08
302255,SC.CONFIRM.ALITO,Samuel A Alito to be Confirmed to the Supreme Court by the US Senate,1,90.0,Nov/07/2005 05:11:27
302255,SC.CONFIRM.ALITO,Samuel A Alito to be Confirmed to the Supreme Court by the US Senate,10,90.0,Nov/07/2005 05:16:05
302255,SC.CONFIRM.ALITO,Samuel A Alito to be Confirmed to the Supreme Court by the US Senate,50,90.0,Nov/07/2005 05:25:22
302255,SC.CONFIRM.ALITO,Samuel A Alito to be Confirmed to the Supreme Court by the US Senate,1,90.0,Nov/07/2005 06:07:27
302255,SC.CONFIRM.ALITO,Samuel A Alito to be Confirmed to the Supreme Court by the US Senate,7,89.1,Nov/07/2005 06:57:08
302255,SC.CONFIRM.ALITO,Samuel A Alito to be Confirmed to the Supreme Court by the US Senate,6,89.0,Nov/07/2005 06:57:19
302255,SC.CONFIRM.ALITO,Samuel A Alito to be Confirmed to the Supreme Court by the US Senate,1,88.9,Nov/07/2005 06:57:25
302255,SC.CONFIRM.ALITO,Samuel A Alito to be Confirmed to the Supreme Court by the US Senate,4,88.9,Nov/07/2005 10:14:08
302255,SC.CONFIRM.ALITO,Samuel A Alito to be Confirmed to the Supreme Court by the US Senate,3,88.8,Nov/07/2005 10:45:29
302255,SC.CONFIRM.ALITO,Samuel A Alito to be Confirmed to the Supreme Court by the US Senate,4,87.1,Nov/07/2005 10:45:42
302255,SC.CONFIRM.ALITO,Samuel A Alito to be Confirmed to the Supreme Court by the US Senate,5,87.3,Nov/07/2005 10:45:42
302255,SC.CONFIRM.ALITO,Samuel A Alito to be Confirmed to the Supreme Court by the US Senate,5,88.6,Nov/07/2005 10:45:42
302255,SC.CONFIRM.ALITO,Samuel A Alito to be Confirmed to the Supreme Court by the US Senate,4,88.7,Nov/07/2005 10:45:42
302255,SC.CONFIRM.ALITO,Samuel A Alito to be Confirmed to the Supreme Court by the US Senate,2,87.9,Nov/07/2005 10:45:42
302255,SC.CONFIRM.ALITO,Samuel A Alito to be Confirmed to the Supreme Court by the US Senate,3,87.1,Nov/07/2005 11:39:37
302255,SC.CONFIRM.ALITO,Samuel A Alito to be Confirmed to the Supreme Court by the US Senate,7,87.0,Nov/07/2005 11:39:37
302255,SC.CONFIRM.ALITO,Samuel A Alito to be Confirmed to the Supreme Court by the US Senate,2,87.0,Nov/07/2005 11:39:37
302255,SC.CONFIRM.ALITO,Samuel A Alito to be Confirmed to the Supreme Court by the US Senate,1,87.2,Nov/07/2005 11:39:37
302255,SC.CONFIRM.ALITO,Samuel A Alito to be Confirmed to the Supreme Court by the US Senate,1,86.1,Nov/07/2005 11:39:37
302255,SC.CONFIRM.ALITO,Samuel A Alito to be Confirmed to the Supreme Court by the US Senate,3,86.7,Nov/07/2005 11:39:37
302255,SC.CONFIRM.ALITO,Samuel A Alito to be Confirmed to the Supreme Court by the US Senate,2,86.8,Nov/07/2005 11:39:37
302255,SC.CONFIRM.ALITO,Samuel A Alito to be Confirmed to the Supreme Court by the US Senate,3,86.9,Nov/07/2005 11:39:37
302255,SC.CONFIRM.ALITO,Samuel A Alito to be Confirmed to the Supreme Court by the US Senate,6,87.6,Nov/07/2005 15:47:46
302255,SC.CONFIRM.ALITO,Samuel A Alito to be Confirmed to the Supreme Court by the US Senate,1,87.4,Nov/07/2005 19:12:52
302255,SC.CONFIRM.ALITO,Samuel A Alito to be Confirmed to the Supreme Court by the US Senate,5,87.5,Nov/07/2005 19:13:32
302255,SC.CONFIRM.ALITO,Samuel A Alito to be Confirmed to the Supreme Court by the US Senate,8,87.6,Nov/07/2005 19:14:06
302255,SC.CONFIRM.ALITO,Samuel A Alito to be Confirmed to the Supreme Court by the US Senate,5,86.6,Nov/07/2005 20:31:46
302255,SC.CONFIRM.ALITO,Samuel A Alito to be Confirmed to the Supreme Court by the US Senate,8,86.7,Nov/07/2005 20:31:46
302255,SC.CONFIRM.ALITO,Samuel A Alito to be Confirmed to the Supreme Court by the US Senate,7,87.1,Nov/07/2005 20:31:46
302255,SC.CONFIRM.ALITO,Samuel A Alito to be Confirmed to the Supreme Court by the US Senate,2,87.4,Nov/07/2005 20:31:46
302255,SC.CONFIRM.ALITO,Samuel A Alito to be Confirmed to the Supreme Court by the US Senate,3,87.6,Nov/07/2005 20:31:46
302255,SC.CONFIRM.ALITO,Samuel A Alito to be Confirmed to the Supreme Court by the US Senate,4,87.7,Nov/07/2005 20:31:46
302255,SC.CONFIRM.ALITO,Samuel A Alito to be Confirmed to the Supreme Court by the US Senate,3,85.0,Nov/07/2005 20:31:46
302255,SC.CONFIRM.ALITO,Samuel A Alito to be Confirmed to the Supreme Court by the US Senate,5,85.1,Nov/07/2005 20:31:46
302255,SC.CONFIRM.ALITO,Samuel A Alito to be Confirmed to the Supreme Court by the US Senate,4,85.2,Nov/07/2005 20:31:46
302255,SC.CONFIRM.ALITO,Samuel A Alito to be Confirmed to the Supreme Court by the US Senate,7,85.3,Nov/07/2005 20:31:46
302255,SC.CONFIRM.ALITO,Samuel A Alito to be Confirmed to the Supreme Court by the US Senate,6,86.1,Nov/07/2005 20:31:46
302255,SC.CONFIRM.ALITO,Samuel A Alito to be Confirmed to the Supreme Court by the US Senate,1,86.1,Nov/07/2005 20:31:46
302255,SC.CONFIRM.ALITO,Samuel A Alito to be Confirmed to the Supreme Court by the US Senate,30,86.2,Nov/07/2005 20:31:46
302255,SC.CONFIRM.ALITO,Samuel A Alito to be Confirmed to the Supreme Court by the US Senate,2,86.3,Nov/07/2005 20:31:46
302255,SC.CONFIRM.ALITO,Samuel A Alito to be Confirmed to the Supreme Court by the US Senate,100,85.0,Nov/07/2005 20:31:46
302255,SC.CONFIRM.ALITO,Samuel A Alito to be Confirmed to the Supreme Court by the US Senate,6,85.0,Nov/07/2005 20:41:15
302255,SC.CONFIRM.ALITO,Samuel A Alito to be Confirmed to the Supreme Court by the US Senate,7,85.0,Nov/07/2005 20:42:32
302255,SC.CONFIRM.ALITO,Samuel A Alito to be Confirmed to the Supreme Court by the US Senate,2,86.9,Nov/07/2005 21:48:27
302255,SC.CONFIRM.ALITO,Samuel A Alito to be Confirmed to the Supreme Court by the US Senate,1,85.5,Nov/07/2005 21:55:56
302255,SC.CONFIRM.ALITO,Samuel A Alito to be Confirmed to the Supreme Court by the US Senate,1,85.8,Nov/07/2005 22:55:55
302255,SC.CONFIRM.ALITO,Samuel A Alito to be Confirmed to the Supreme Court by the US Senate,40,87.0,Nov/08/2005 05:06:47
302255,SC.CONFIRM.ALITO,Samuel A Alito to be Confirmed to the Supreme Court by the US Senate,2,87.1,Nov/08/2005 05:06:47
302255,SC.CONFIRM.ALITO,Samuel A Alito to be Confirmed to the Supreme Court by the US Senate,4,87.4,Nov/08/2005 05:06:47
302255,SC.CONFIRM.ALITO,Samuel A Alito to be Confirmed to the Supreme Court by the US Senate,3,85.1,Nov/08/2005 05:50:18
302255,SC.CONFIRM.ALITO,Samuel A Alito to be Confirmed to the Supreme Court by the US Senate,1,85.5,Nov/08/2005 05:50:18
302255,SC.CONFIRM.ALITO,Samuel A Alito to be Confirmed to the Supreme Court by the US Senate,2,85.7,Nov/08/2005 05:50:18
302255,SC.CONFIRM.ALITO,Samuel A Alito to be Confirmed to the Supreme Court by the US Senate,1,85.8,Nov/08/2005 05:50:18
302255,SC.CONFIRM.ALITO,Samuel A Alito to be Confirmed to the Supreme Court by the US Senate,5,86.0,Nov/08/2005 05:50:18
302255,SC.CONFIRM.ALITO,Samuel A Alito to be Confirmed to the Supreme Court by the US Senate,8,85.9,Nov/08/2005 05:50:18
302255,SC.CONFIRM.ALITO,Samuel A Alito to be Confirmed to the Supreme Court by the US Senate,3,86.1,Nov/08/2005 05:50:18
302255,SC.CONFIRM.ALITO,Samuel A Alito to be Confirmed to the Supreme Court by the US Senate,4,87.0,Nov/08/2005 06:53:36
302255,SC.CONFIRM.ALITO,Samuel A Alito to be Confirmed to the Supreme Court by the US Senate,6,87.7,Nov/08/2005 06:53:51
302255,SC.CONFIRM.ALITO,Samuel A Alito to be Confirmed to the Supreme Court by the US Senate,2,87.5,Nov/08/2005 15:56:31
302255,SC.CONFIRM.ALITO,Samuel A Alito to be Confirmed to the Supreme Court by the US Senate,2,87.5,Nov/08/2005 17:22:17
302255,SC.CONFIRM.ALITO,Samuel A Alito to be Confirmed to the Supreme Court by the US Senate,6,87.6,Nov/08/2005 17:22:30
302255,SC.CONFIRM.ALITO,Samuel A Alito to be Confirmed to the Supreme Court by the US Senate,3,87.7,Nov/08/2005 17:22:39
302255,SC.CONFIRM.ALITO,Samuel A Alito to be Confirmed to the Supreme Court by the US Senate,2,87.9,Nov/08/2005 20:18:27
302255,SC.CONFIRM.ALITO,Samuel A Alito to be Confirmed to the Supreme Court by the US Senate,6,87.8,Nov/08/2005 20:18:27
302255,SC.CONFIRM.ALITO,Samuel A Alito to be Confirmed to the Supreme Court by the US Senate,5,87.9,Nov/08/2005 20:18:27
302255,SC.CONFIRM.ALITO,Samuel A Alito to be Confirmed to the Supreme Court by the US Senate,2,87.9,Nov/08/2005 20:18:27
302255,SC.CONFIRM.ALITO,Samuel A Alito to be Confirmed to the Supreme Court by the US Senate,2,87.8,Nov/08/2005 20:18:27
302255,SC.CONFIRM.ALITO,Samuel A Alito to be Confirmed to the Supreme Court by the US Senate,25,88.0,Nov/08/2005 20:18:27
302255,SC.CONFIRM.ALITO,Samuel A Alito to be Confirmed to the Supreme Court by the US Senate,20,90.0,Nov/08/2005 20:20:12
302255,SC.CONFIRM.ALITO,Samuel A Alito to be Confirmed to the Supreme Court by the US Senate,3,89.7,Nov/08/2005 20:20:12
302255,SC.CONFIRM.ALITO,Samuel A Alito to be Confirmed to the Supreme Court by the US Senate,9,89.9,Nov/08/2005 20:20:12
302255,SC.CONFIRM.ALITO,Samuel A Alito to be Confirmed to the Supreme Court by the US Senate,5,88.9,Nov/08/2005 20:20:12
302255,SC.CONFIRM.ALITO,Samuel A Alito to be Confirmed to the Supreme Court by the US Senate,100,90.0,Nov/08/2005 20:20:12
302255,SC.CONFIRM.ALITO,Samuel A Alito to be Confirmed to the Supreme Court by the US Senate,5,89.7,Nov/08/2005 20:20:12
302255,SC.CONFIRM.ALITO,Samuel A Alito to be Confirmed to the Supreme Court by the US Senate,7,89.8,Nov/08/2005 20:20:12
302255,SC.CONFIRM.ALITO,Samuel A Alito to be Confirmed to the Supreme Court by the US Senate,4,91.9,Nov/08/2005 20:22:08
302255,SC.CONFIRM.ALITO,Samuel A Alito to be Confirmed to the Supreme Court by the US Senate,1,92.4,Nov/08/2005 20:22:08
302255,SC.CONFIRM.ALITO,Samuel A Alito to be Confirmed to the Supreme Court by the US Senate,3,92.3,Nov/08/2005 20:22:08
302255,SC.CONFIRM.ALITO,Samuel A Alito to be Confirmed to the Supreme Court by the US Senate,1,90.6,Nov/08/2005 21:18:52
302255,SC.CONFIRM.ALITO,Samuel A Alito to be Confirmed to the Supreme Court by the US Senate,3,87.4,Nov/08/2005 21:44:35
302255,SC.CONFIRM.ALITO,Samuel A Alito to be Confirmed to the Supreme Court by the US Senate,6,87.6,Nov/08/2005 21:44:35
302255,SC.CONFIRM.ALITO,Samuel A Alito to be Confirmed to the Supreme Court by the US Senate,1,87.7,Nov/08/2005 21:44:35
302255,SC.CONFIRM.ALITO,Samuel A Alito to be Confirmed to the Supreme Court by the US Senate,2,89.6,Nov/09/2005 00:10:02
302255,SC.CONFIRM.ALITO,Samuel A Alito to be Confirmed to the Supreme Court by the US Senate,1,89.5,Nov/09/2005 01:47:36
302255,SC.CONFIRM.ALITO,Samuel A Alito to be Confirmed to the Supreme Court by the US Senate,4,87.4,Nov/09/2005 04:43:54
302255,SC.CONFIRM.ALITO,Samuel A Alito to be Confirmed to the Supreme Court by the US Senate,7,87.6,Nov/09/2005 04:43:54
302255,SC.CONFIRM.ALITO,Samuel A Alito to be Confirmed to the Supreme Court by the US Senate,4,87.0,Nov/09/2005 04:43:54
302255,SC.CONFIRM.ALITO,Samuel A Alito to be Confirmed to the Supreme Court by the US Senate,3,87.1,Nov/09/2005 04:43:54
302255,SC.CONFIRM.ALITO,Samuel A Alito to be Confirmed to the Supreme Court by the US Senate,5,87.2,Nov/09/2005 04:43:54
302255,SC.CONFIRM.ALITO,Samuel A Alito to be Confirmed to the Supreme Court by the US Senate,4,87.3,Nov/09/2005 04:43:54
302255,SC.CONFIRM.ALITO,Samuel A Alito to be Confirmed to the Supreme Court by the US Senate,6,87.1,Nov/09/2005 04:43:54
302255,SC.CONFIRM.ALITO,Samuel A Alito to be Confirmed to the Supreme Court by the US Senate,2,87.4,Nov/09/2005 04:43:54
302255,SC.CONFIRM.ALITO,Samuel A Alito to be Confirmed to the Supreme Court by the US Senate,5,87.1,Nov/09/2005 04:43:54
302255,SC.CONFIRM.ALITO,Samuel A Alito to be Confirmed to the Supreme Court by the US Senate,30,87.0,Nov/09/2005 04:44:51
302255,SC.CONFIRM.ALITO,Samuel A Alito to be Confirmed to the Supreme Court by the US Senate,2,87.0,Nov/09/2005 05:20:20
302255,SC.CONFIRM.ALITO,Samuel A Alito to be Confirmed to the Supreme Court by the US Senate,38,87.0,Nov/09/2005 11:50:56
302255,SC.CONFIRM.ALITO,Samuel A Alito to be Confirmed to the Supreme Court by the US Senate,10,88.5,Nov/09/2005 13:55:21
302255,SC.CONFIRM.ALITO,Samuel A Alito to be Confirmed to the Supreme Court by the US Senate,1,88.6,Nov/09/2005 13:56:34
302255,SC.CONFIRM.ALITO,Samuel A Alito to be Confirmed to the Supreme Court by the US Senate,2,88.6,Nov/09/2005 14:24:30
302255,SC.CONFIRM.ALITO,Samuel A Alito to be Confirmed to the Supreme Court by the US Senate,1,87.1,Nov/09/2005 14:25:11
302255,SC.CONFIRM.ALITO,Samuel A Alito to be Confirmed to the Supreme Court by the US Senate,9,86.2,Nov/09/2005 17:24:20
302255,SC.CONFIRM.ALITO,Samuel A Alito to be Confirmed to the Supreme Court by the US Senate,3,86.7,Nov/09/2005 20:06:12
302255,SC.CONFIRM.ALITO,Samuel A Alito to be Confirmed to the Supreme Court by the US Senate,1,86.7,Nov/09/2005 20:06:12
302255,SC.CONFIRM.ALITO,Samuel A Alito to be Confirmed to the Supreme Court by the US Senate,10,88.0,Nov/09/2005 20:52:54
302255,SC.CONFIRM.ALITO,Samuel A Alito to be Confirmed to the Supreme Court by the US Senate,8,88.0,Nov/09/2005 22:46:03
302255,SC.CONFIRM.ALITO,Samuel A Alito to be Confirmed to the Supreme Court by the US Senate,2,87.9,Nov/09/2005 22:46:03
302255,SC.CONFIRM.ALITO,Samuel A Alito to be Confirmed to the Supreme Court by the US Senate,20,86.5,Nov/09/2005 22:50:41
302255,SC.CONFIRM.ALITO,Samuel A Alito to be Confirmed to the Supreme Court by the US Senate,4,86.6,Nov/09/2005 22:50:41
302255,SC.CONFIRM.ALITO,Samuel A Alito to be Confirmed to the Supreme Court by the US Senate,1,86.8,Nov/09/2005 22:50:41
302255,SC.CONFIRM.ALITO,Samuel A Alito to be Confirmed to the Supreme Court by the US Senate,3,85.9,Nov/09/2005 22:53:48
302255,SC.CONFIRM.ALITO,Samuel A Alito to be Confirmed to the Supreme Court by the US Senate,1,86.1,Nov/09/2005 22:53:48
302255,SC.CONFIRM.ALITO,Samuel A Alito to be Confirmed to the Supreme Court by the US Senate,2,85.7,Nov/09/2005 23:07:20
302255,SC.CONFIRM.ALITO,Samuel A Alito to be Confirmed to the Supreme Court by the US Senate,2,85.8,Nov/09/2005 23:07:20
302255,SC.CONFIRM.ALITO,Samuel A Alito to be Confirmed to the Supreme Court by the US Senate,2,85.8,Nov/09/2005 23:07:20
302255,SC.CONFIRM.ALITO,Samuel A Alito to be Confirmed to the Supreme Court by the US Senate,3,86.0,Nov/09/2005 23:15:08
302255,SC.CONFIRM.ALITO,Samuel A Alito to be Confirmed to the Supreme Court by the US Senate,2,86.1,Nov/09/2005 23:15:08
302255,SC.CONFIRM.ALITO,Samuel A Alito to be Confirmed to the Supreme Court by the US Senate,1,85.7,Nov/09/2005 23:27:45
302255,SC.CONFIRM.ALITO,Samuel A Alito to be Confirmed to the Supreme Court by the US Senate,5,85.6,Nov/09/2005 23:28:19
302255,SC.CONFIRM.ALITO,Samuel A Alito to be Confirmed to the Supreme Court by the US Senate,3,85.6,Nov/09/2005 23:28:19
302255,SC.CONFIRM.ALITO,Samuel A Alito to be Confirmed to the Supreme Court by the US Senate,2,85.4,Nov/09/2005 23:28:43
302255,SC.CONFIRM.ALITO,Samuel A Alito to be Confirmed to the Supreme Court by the US Senate,9,85.4,Nov/09/2005 23:46:40
302255,SC.CONFIRM.ALITO,Samuel A Alito to be Confirmed to the Supreme Court by the US Senate,2,85.6,Nov/09/2005 23:46:40
302255,SC.CONFIRM.ALITO,Samuel A Alito to be Confirmed to the Supreme Court by the US Senate,2,86.2,Nov/10/2005 00:49:03
302255,SC.CONFIRM.ALITO,Samuel A Alito to be Confirmed to the Supreme Court by the US Senate,9,86.0,Nov/10/2005 01:25:57
302255,SC.CONFIRM.ALITO,Samuel A Alito to be Confirmed to the Supreme Court by the US Senate,1,86.9,Nov/10/2005 01:38:31
302255,SC.CONFIRM.ALITO,Samuel A Alito to be Confirmed to the Supreme Court by the US Senate,3,86.1,Nov/10/2005 03:21:05
302255,SC.CONFIRM.ALITO,Samuel A Alito to be Confirmed to the Supreme Court by the US Senate,20,87.0,Nov/10/2005 14:14:31
302255,SC.CONFIRM.ALITO,Samuel A Alito to be Confirmed to the Supreme Court by the US Senate,2,86.9,Nov/10/2005 14:14:31
302255,SC.CONFIRM.ALITO,Samuel A Alito to be Confirmed to the Supreme Court by the US Senate,1,86.1,Nov/10/2005 14:43:01
302255,SC.CONFIRM.ALITO,Samuel A Alito to be Confirmed to the Supreme Court by the US Senate,2,87.6,Nov/10/2005 17:50:43
302255,SC.CONFIRM.ALITO,Samuel A Alito to be Confirmed to the Supreme Court by the US Senate,3,87.6,Nov/10/2005 18:00:14
302255,SC.CONFIRM.ALITO,Samuel A Alito to be Confirmed to the Supreme Court by the US Senate,3,86.1,Nov/10/2005 20:06:48
302255,SC.CONFIRM.ALITO,Samuel A Alito to be Confirmed to the Supreme Court by the US Senate,11,86.0,Nov/10/2005 20:06:48
302255,SC.CONFIRM.ALITO,Samuel A Alito to be Confirmed to the Supreme Court by the US Senate,4,85.9,Nov/10/2005 20:10:35
302255,SC.CONFIRM.ALITO,Samuel A Alito to be Confirmed to the Supreme Court by the US Senate,1,85.3,Nov/10/2005 20:32:31
302255,SC.CONFIRM.ALITO,Samuel A Alito to be Confirmed to the Supreme Court by the US Senate,7,85.4,Nov/10/2005 20:32:31
302255,SC.CONFIRM.ALITO,Samuel A Alito to be Confirmed to the Supreme Court by the US Senate,4,85.4,Nov/10/2005 20:32:31
302255,SC.CONFIRM.ALITO,Samuel A Alito to be Confirmed to the Supreme Court by the US Senate,10,87.6,Nov/10/2005 20:37:52
302255,SC.CONFIRM.ALITO,Samuel A Alito to be Confirmed to the Supreme Court by the US Senate,14,87.0,Nov/11/2005 05:00:59
302255,SC.CONFIRM.ALITO,Samuel A Alito to be Confirmed to the Supreme Court by the US Senate,4,86.5,Nov/11/2005 18:43:30
302255,SC.CONFIRM.ALITO,Samuel A Alito to be Confirmed to the Supreme Court by the US Senate,3,86.5,Nov/11/2005 18:43:30
302255,SC.CONFIRM.ALITO,Samuel A Alito to be Confirmed to the Supreme Court by the US Senate,1,87.7,Nov/11/2005 20:04:34
302255,SC.CONFIRM.ALITO,Samuel A Alito to be Confirmed to the Supreme Court by the US Senate,3,87.8,Nov/11/2005 20:04:57
302255,SC.CONFIRM.ALITO,Samuel A Alito to be Confirmed to the Supreme Court by the US Senate,5,86.6,Nov/11/2005 21:38:09
302255,SC.CONFIRM.ALITO,Samuel A Alito to be Confirmed to the Supreme Court by the US Senate,3,86.7,Nov/11/2005 21:38:09
302255,SC.CONFIRM.ALITO,Samuel A Alito to be Confirmed to the Supreme Court by the US Senate,2,86.8,Nov/11/2005 21:38:09
302255,SC.CONFIRM.ALITO,Samuel A Alito to be Confirmed to the Supreme Court by the US Senate,3,87.1,Nov/11/2005 21:38:09
302255,SC.CONFIRM.ALITO,Samuel A Alito to be Confirmed to the Supreme Court by the US Senate,4,86.7,Nov/11/2005 21:38:09
302255,SC.CONFIRM.ALITO,Samuel A Alito to be Confirmed to the Supreme Court by the US Senate,3,86.6,Nov/11/2005 21:38:09
302255,SC.CONFIRM.ALITO,Samuel A Alito to be Confirmed to the Supreme Court by the US Senate,1,86.7,Nov/11/2005 21:49:12
302255,SC.CONFIRM.ALITO,Samuel A Alito to be Confirmed to the Supreme Court by the US Senate,3,87.8,Nov/11/2005 23:51:37
302255,SC.CONFIRM.ALITO,Samuel A Alito to be Confirmed to the Supreme Court by the US Senate,2,87.9,Nov/11/2005 23:51:53
302255,SC.CONFIRM.ALITO,Samuel A Alito to be Confirmed to the Supreme Court by the US Senate,1,88.0,Nov/11/2005 23:52:04
302255,SC.CONFIRM.ALITO,Samuel A Alito to be Confirmed to the Supreme Court by the US Senate,2,88.1,Nov/11/2005 23:52:11
302255,SC.CONFIRM.ALITO,Samuel A Alito to be Confirmed to the Supreme Court by the US Senate,2,88.0,Nov/12/2005 00:32:16
302255,SC.CONFIRM.ALITO,Samuel A Alito to be Confirmed to the Supreme Court by the US Senate,2,87.2,Nov/12/2005 15:26:38
302255,SC.CONFIRM.ALITO,Samuel A Alito to be Confirmed to the Supreme Court by the US Senate,5,87.1,Nov/12/2005 15:27:45
302255,SC.CONFIRM.ALITO,Samuel A Alito to be Confirmed to the Supreme Court by the US Senate,1,87.0,Nov/12/2005 15:28:03
302255,SC.CONFIRM.ALITO,Samuel A Alito to be Confirmed to the Supreme Court by the US Senate,2,88.2,Nov/12/2005 21:03:51
302255,SC.CONFIRM.ALITO,Samuel A Alito to be Confirmed to the Supreme Court by the US Senate,2,87.1,Nov/12/2005 23:23:11
302255,SC.CONFIRM.ALITO,Samuel A Alito to be Confirmed to the Supreme Court by the US Senate,1,88.1,Nov/12/2005 23:42:21
302255,SC.CONFIRM.ALITO,Samuel A Alito to be Confirmed to the Supreme Court by the US Senate,3,87.1,Nov/13/2005 03:51:22
302255,SC.CONFIRM.ALITO,Samuel A Alito to be Confirmed to the Supreme Court by the US Senate,10,87.1,Nov/13/2005 03:51:22
302255,SC.CONFIRM.ALITO,Samuel A Alito to be Confirmed to the Supreme Court by the US Senate,4,87.0,Nov/13/2005 03:51:22
302255,SC.CONFIRM.ALITO,Samuel A Alito to be Confirmed to the Supreme Court by the US Senate,3,86.9,Nov/13/2005 03:51:22
302255,SC.CONFIRM.ALITO,Samuel A Alito to be Confirmed to the Supreme Court by the US Senate,4,88.0,Nov/13/2005 04:29:56
302255,SC.CONFIRM.ALITO,Samuel A Alito to be Confirmed to the Supreme Court by the US Senate,1,87.8,Nov/13/2005 15:01:59
302255,SC.CONFIRM.ALITO,Samuel A Alito to be Confirmed to the Supreme Court by the US Senate,2,87.9,Nov/13/2005 17:13:27
302255,SC.CONFIRM.ALITO,Samuel A Alito to be Confirmed to the Supreme Court by the US Senate,2,87.9,Nov/13/2005 19:15:41
302255,SC.CONFIRM.ALITO,Samuel A Alito to be Confirmed to the Supreme Court by the US Senate,1,87.9,Nov/13/2005 21:36:11
302255,SC.CONFIRM.ALITO,Samuel A Alito to be Confirmed to the Supreme Court by the US Senate,1,87.9,Nov/13/2005 22:03:54
302255,SC.CONFIRM.ALITO,Samuel A Alito to be Confirmed to the Supreme Court by the US Senate,5,88.0,Nov/13/2005 22:55:18
302255,SC.CONFIRM.ALITO,Samuel A Alito to be Confirmed to the Supreme Court by the US Senate,1,88.1,Nov/13/2005 22:55:47
302255,SC.CONFIRM.ALITO,Samuel A Alito to be Confirmed to the Supreme Court by the US Senate,1,88.2,Nov/13/2005 22:56:48
302255,SC.CONFIRM.ALITO,Samuel A Alito to be Confirmed to the Supreme Court by the US Senate,30,88.0,Nov/14/2005 00:31:22
302255,SC.CONFIRM.ALITO,Samuel A Alito to be Confirmed to the Supreme Court by the US Senate,1,88.1,Nov/14/2005 03:04:23
302255,SC.CONFIRM.ALITO,Samuel A Alito to be Confirmed to the Supreme Court by the US Senate,1,88.0,Nov/14/2005 03:04:23
302255,SC.CONFIRM.ALITO,Samuel A Alito to be Confirmed to the Supreme Court by the US Senate,2,88.1,Nov/14/2005 03:10:05
302255,SC.CONFIRM.ALITO,Samuel A Alito to be Confirmed to the Supreme Court by the US Senate,4,88.4,Nov/14/2005 03:18:23
302255,SC.CONFIRM.ALITO,Samuel A Alito to be Confirmed to the Supreme Court by the US Senate,4,88.3,Nov/14/2005 03:18:23
302255,SC.CONFIRM.ALITO,Samuel A Alito to be Confirmed to the Supreme Court by the US Senate,2,88.2,Nov/14/2005 03:18:23
302255,SC.CONFIRM.ALITO,Samuel A Alito to be Confirmed to the Supreme Court by the US Senate,1,87.8,Nov/14/2005 05:17:13
302255,SC.CONFIRM.ALITO,Samuel A Alito to be Confirmed to the Supreme Court by the US Senate,132,87.9,Nov/14/2005 05:17:13
302255,SC.CONFIRM.ALITO,Samuel A Alito to be Confirmed to the Supreme Court by the US Senate,4,87.8,Nov/14/2005 05:17:13
302255,SC.CONFIRM.ALITO,Samuel A Alito to be Confirmed to the Supreme Court by the US Senate,6,87.7,Nov/14/2005 05:17:13
302255,SC.CONFIRM.ALITO,Samuel A Alito to be Confirmed to the Supreme Court by the US Senate,7,87.6,Nov/14/2005 05:17:13
302255,SC.CONFIRM.ALITO,Samuel A Alito to be Confirmed to the Supreme Court by the US Senate,3,85.1,Nov/14/2005 05:18:00
302255,SC.CONFIRM.ALITO,Samuel A Alito to be Confirmed to the Supreme Court by the US Senate,2,87.5,Nov/14/2005 05:18:00
302255,SC.CONFIRM.ALITO,Samuel A Alito to be Confirmed to the Supreme Court by the US Senate,2,87.2,Nov/14/2005 05:18:00
302255,SC.CONFIRM.ALITO,Samuel A Alito to be Confirmed to the Supreme Court by the US Senate,2,86.9,Nov/14/2005 05:18:00
302255,SC.CONFIRM.ALITO,Samuel A Alito to be Confirmed to the Supreme Court by the US Senate,15,85.0,Nov/14/2005 05:38:14
302255,SC.CONFIRM.ALITO,Samuel A Alito to be Confirmed to the Supreme Court by the US Senate,1,83.1,Nov/14/2005 11:44:54
302255,SC.CONFIRM.ALITO,Samuel A Alito to be Confirmed to the Supreme Court by the US Senate,20,83.0,Nov/14/2005 12:40:01
302255,SC.CONFIRM.ALITO,Samuel A Alito to be Confirmed to the Supreme Court by the US Senate,1,85.0,Nov/14/2005 14:07:25
302255,SC.CONFIRM.ALITO,Samuel A Alito to be Confirmed to the Supreme Court by the US Senate,2,85.5,Nov/14/2005 14:13:28
302255,SC.CONFIRM.ALITO,Samuel A Alito to be Confirmed to the Supreme Court by the US Senate,3,85.0,Nov/14/2005 14:13:28
302255,SC.CONFIRM.ALITO,Samuel A Alito to be Confirmed to the Supreme Court by the US Senate,5,87.0,Nov/14/2005 15:35:32
302255,SC.CONFIRM.ALITO,Samuel A Alito to be Confirmed to the Supreme Court by the US Senate,5,87.1,Nov/14/2005 15:35:32
302255,SC.CONFIRM.ALITO,Samuel A Alito to be Confirmed to the Supreme Court by the US Senate,7,87.2,Nov/14/2005 15:35:32
302255,SC.CONFIRM.ALITO,Samuel A Alito to be Confirmed to the Supreme Court by the US Senate,6,87.4,Nov/14/2005 15:35:32
302255,SC.CONFIRM.ALITO,Samuel A Alito to be Confirmed to the Supreme Court by the US Senate,2,87.0,Nov/14/2005 18:11:37
302255,SC.CONFIRM.ALITO,Samuel A Alito to be Confirmed to the Supreme Court by the US Senate,3,86.4,Nov/14/2005 19:59:44
302255,SC.CONFIRM.ALITO,Samuel A Alito to be Confirmed to the Supreme Court by the US Senate,5,86.3,Nov/14/2005 19:59:57
302255,SC.CONFIRM.ALITO,Samuel A Alito to be Confirmed to the Supreme Court by the US Senate,4,86.3,Nov/14/2005 19:59:57
302255,SC.CONFIRM.ALITO,Samuel A Alito to be Confirmed to the Supreme Court by the US Senate,2,86.4,Nov/14/2005 22:10:53
302255,SC.CONFIRM.ALITO,Samuel A Alito to be Confirmed to the Supreme Court by the US Senate,1,86.7,Nov/15/2005 00:36:51
302255,SC.CONFIRM.ALITO,Samuel A Alito to be Confirmed to the Supreme Court by the US Senate,2,86.7,Nov/15/2005 00:39:01
302255,SC.CONFIRM.ALITO,Samuel A Alito to be Confirmed to the Supreme Court by the US Senate,3,86.8,Nov/15/2005 00:39:32
302255,SC.CONFIRM.ALITO,Samuel A Alito to be Confirmed to the Supreme Court by the US Senate,10,86.8,Nov/15/2005 00:43:59
302255,SC.CONFIRM.ALITO,Samuel A Alito to be Confirmed to the Supreme Court by the US Senate,4,86.8,Nov/15/2005 00:44:31
302255,SC.CONFIRM.ALITO,Samuel A Alito to be Confirmed to the Supreme Court by the US Senate,12,86.8,Nov/15/2005 00:44:35
302255,SC.CONFIRM.ALITO,Samuel A Alito to be Confirmed to the Supreme Court by the US Senate,30,86.0,Nov/15/2005 02:31:43
302255,SC.CONFIRM.ALITO,Samuel A Alito to be Confirmed to the Supreme Court by the US Senate,5,86.2,Nov/15/2005 02:31:43
302255,SC.CONFIRM.ALITO,Samuel A Alito to be Confirmed to the Supreme Court by the US Senate,5,86.1,Nov/15/2005 02:31:43
302255,SC.CONFIRM.ALITO,Samuel A Alito to be Confirmed to the Supreme Court by the US Senate,5,86.0,Nov/15/2005 02:31:43
302255,SC.CONFIRM.ALITO,Samuel A Alito to be Confirmed to the Supreme Court by the US Senate,3,85.9,Nov/15/2005 02:51:34
302255,SC.CONFIRM.ALITO,Samuel A Alito to be Confirmed to the Supreme Court by the US Senate,1,85.0,Nov/15/2005 04:25:59
302255,SC.CONFIRM.ALITO,Samuel A Alito to be Confirmed to the Supreme Court by the US Senate,4,85.8,Nov/15/2005 13:59:04
302255,SC.CONFIRM.ALITO,Samuel A Alito to be Confirmed to the Supreme Court by the US Senate,3,85.7,Nov/15/2005 13:59:04
302255,SC.CONFIRM.ALITO,Samuel A Alito to be Confirmed to the Supreme Court by the US Senate,5,85.6,Nov/15/2005 13:59:04
302255,SC.CONFIRM.ALITO,Samuel A Alito to be Confirmed to the Supreme Court by the US Senate,3,85.4,Nov/15/2005 13:59:04
302255,SC.CONFIRM.ALITO,Samuel A Alito to be Confirmed to the Supreme Court by the US Senate,5,85.7,Nov/15/2005 13:59:04
302255,SC.CONFIRM.ALITO,Samuel A Alito to be Confirmed to the Supreme Court by the US Senate,4,85.8,Nov/15/2005 17:16:27
302255,SC.CONFIRM.ALITO,Samuel A Alito to be Confirmed to the Supreme Court by the US Senate,4,85.9,Nov/15/2005 17:46:43
302255,SC.CONFIRM.ALITO,Samuel A Alito to be Confirmed to the Supreme Court by the US Senate,2,86.0,Nov/15/2005 17:46:59
302255,SC.CONFIRM.ALITO,Samuel A Alito to be Confirmed to the Supreme Court by the US Senate,2,86.3,Nov/15/2005 20:28:04
302255,SC.CONFIRM.ALITO,Samuel A Alito to be Confirmed to the Supreme Court by the US Senate,4,86.2,Nov/15/2005 20:28:04
302255,SC.CONFIRM.ALITO,Samuel A Alito to be Confirmed to the Supreme Court by the US Senate,3,86.1,Nov/15/2005 20:28:04
302255,SC.CONFIRM.ALITO,Samuel A Alito to be Confirmed to the Supreme Court by the US Senate,1,86.1,Nov/15/2005 20:28:04
302255,SC.CONFIRM.ALITO,Samuel A Alito to be Confirmed to the Supreme Court by the US Senate,33,86.0,Nov/15/2005 20:28:04
302255,SC.CONFIRM.ALITO,Samuel A Alito to be Confirmed to the Supreme Court by the US Senate,18,86.5,Nov/15/2005 20:28:04
302255,SC.CONFIRM.ALITO,Samuel A Alito to be Confirmed to the Supreme Court by the US Senate,5,86.4,Nov/15/2005 20:28:04
302255,SC.CONFIRM.ALITO,Samuel A Alito to be Confirmed to the Supreme Court by the US Senate,5,86.4,Nov/15/2005 20:28:04
302255,SC.CONFIRM.ALITO,Samuel A Alito to be Confirmed to the Supreme Court by the US Senate,26,86.5,Nov/15/2005 20:29:05
302255,SC.CONFIRM.ALITO,Samuel A Alito to be Confirmed to the Supreme Court by the US Senate,7,86.5,Nov/15/2005 20:29:05
302255,SC.CONFIRM.ALITO,Samuel A Alito to be Confirmed to the Supreme Court by the US Senate,9,86.4,Nov/16/2005 04:04:05
302255,SC.CONFIRM.ALITO,Samuel A Alito to be Confirmed to the Supreme Court by the US Senate,1,86.3,Nov/16/2005 04:04:05
302255,SC.CONFIRM.ALITO,Samuel A Alito to be Confirmed to the Supreme Court by the US Senate,1,86.4,Nov/16/2005 04:11:27
302255,SC.CONFIRM.ALITO,Samuel A Alito to be Confirmed to the Supreme Court by the US Senate,3,86.2,Nov/16/2005 06:16:48
302255,SC.CONFIRM.ALITO,Samuel A Alito to be Confirmed to the Supreme Court by the US Senate,20,85.5,Nov/16/2005 08:12:24
302255,SC.CONFIRM.ALITO,Samuel A Alito to be Confirmed to the Supreme Court by the US Senate,1,85.8,Nov/16/2005 08:12:24
302255,SC.CONFIRM.ALITO,Samuel A Alito to be Confirmed to the Supreme Court by the US Senate,1,85.6,Nov/16/2005 08:12:24
302255,SC.CONFIRM.ALITO,Samuel A Alito to be Confirmed to the Supreme Court by the US Senate,1,85.0,Nov/16/2005 08:41:06
302255,SC.CONFIRM.ALITO,Samuel A Alito to be Confirmed to the Supreme Court by the US Senate,3,84.7,Nov/16/2005 10:05:21
302255,SC.CONFIRM.ALITO,Samuel A Alito to be Confirmed to the Supreme Court by the US Senate,12,85.0,Nov/16/2005 10:43:04
302255,SC.CONFIRM.ALITO,Samuel A Alito to be Confirmed to the Supreme Court by the US Senate,1,84.1,Nov/16/2005 15:45:34
302255,SC.CONFIRM.ALITO,Samuel A Alito to be Confirmed to the Supreme Court by the US Senate,38,85.0,Nov/16/2005 19:20:53
302255,SC.CONFIRM.ALITO,Samuel A Alito to be Confirmed to the Supreme Court by the US Senate,6,84.8,Nov/16/2005 19:20:53
302255,SC.CONFIRM.ALITO,Samuel A Alito to be Confirmed to the Supreme Court by the US Senate,2,84.6,Nov/16/2005 19:20:53
302255,SC.CONFIRM.ALITO,Samuel A Alito to be Confirmed to the Supreme Court by the US Senate,10,84.7,Nov/17/2005 04:35:47
302255,SC.CONFIRM.ALITO,Samuel A Alito to be Confirmed to the Supreme Court by the US Senate,13,84.7,Nov/17/2005 08:44:12
302255,SC.CONFIRM.ALITO,Samuel A Alito to be Confirmed to the Supreme Court by the US Senate,2,84.7,Nov/17/2005 08:44:12
302255,SC.CONFIRM.ALITO,Samuel A Alito to be Confirmed to the Supreme Court by the US Senate,4,84.7,Nov/17/2005 08:44:12
302255,SC.CONFIRM.ALITO,Samuel A Alito to be Confirmed to the Supreme Court by the US Senate,6,84.8,Nov/17/2005 08:45:29
302255,SC.CONFIRM.ALITO,Samuel A Alito to be Confirmed to the Supreme Court by the US Senate,1,84.5,Nov/17/2005 12:25:43
302255,SC.CONFIRM.ALITO,Samuel A Alito to be Confirmed to the Supreme Court by the US Senate,4,83.0,Nov/17/2005 15:09:29
302255,SC.CONFIRM.ALITO,Samuel A Alito to be Confirmed to the Supreme Court by the US Senate,2,84.0,Nov/17/2005 15:09:29
302255,SC.CONFIRM.ALITO,Samuel A Alito to be Confirmed to the Supreme Court by the US Senate,16,83.0,Nov/17/2005 16:21:32
302255,SC.CONFIRM.ALITO,Samuel A Alito to be Confirmed to the Supreme Court by the US Senate,1,83.1,Nov/17/2005 16:21:32
302255,SC.CONFIRM.ALITO,Samuel A Alito to be Confirmed to the Supreme Court by the US Senate,5,83.0,Nov/17/2005 16:21:32
302255,SC.CONFIRM.ALITO,Samuel A Alito to be Confirmed to the Supreme Court by the US Senate,19,84.5,Nov/17/2005 17:21:33
302255,SC.CONFIRM.ALITO,Samuel A Alito to be Confirmed to the Supreme Court by the US Senate,4,84.6,Nov/17/2005 17:21:47
302255,SC.CONFIRM.ALITO,Samuel A Alito to be Confirmed to the Supreme Court by the US Senate,7,84.7,Nov/17/2005 17:22:01
302255,SC.CONFIRM.ALITO,Samuel A Alito to be Confirmed to the Supreme Court by the US Senate,1,84.8,Nov/17/2005 18:28:36
302255,SC.CONFIRM.ALITO,Samuel A Alito to be Confirmed to the Supreme Court by the US Senate,6,85.0,Nov/17/2005 18:57:15
302255,SC.CONFIRM.ALITO,Samuel A Alito to be Confirmed to the Supreme Court by the US Senate,4,84.9,Nov/17/2005 18:57:15
302255,SC.CONFIRM.ALITO,Samuel A Alito to be Confirmed to the Supreme Court by the US Senate,93,84.8,Nov/17/2005 18:57:15
302255,SC.CONFIRM.ALITO,Samuel A Alito to be Confirmed to the Supreme Court by the US Senate,7,84.6,Nov/17/2005 18:57:15
302255,SC.CONFIRM.ALITO,Samuel A Alito to be Confirmed to the Supreme Court by the US Senate,2,84.9,Nov/17/2005 18:57:15
302255,SC.CONFIRM.ALITO,Samuel A Alito to be Confirmed to the Supreme Court by the US Senate,4,85.0,Nov/17/2005 18:57:15
302255,SC.CONFIRM.ALITO,Samuel A Alito to be Confirmed to the Supreme Court by the US Senate,34,85.0,Nov/17/2005 19:34:21
302255,SC.CONFIRM.ALITO,Samuel A Alito to be Confirmed to the Supreme Court by the US Senate,3,84.1,Nov/17/2005 21:19:52
302255,SC.CONFIRM.ALITO,Samuel A Alito to be Confirmed to the Supreme Court by the US Senate,2,84.0,Nov/17/2005 21:20:03
302255,SC.CONFIRM.ALITO,Samuel A Alito to be Confirmed to the Supreme Court by the US Senate,4,84.0,Nov/17/2005 21:20:03
302255,SC.CONFIRM.ALITO,Samuel A Alito to be Confirmed to the Supreme Court by the US Senate,3,84.6,Nov/17/2005 21:40:21
302255,SC.CONFIRM.ALITO,Samuel A Alito to be Confirmed to the Supreme Court by the US Senate,5,83.5,Nov/18/2005 01:14:40
302255,SC.CONFIRM.ALITO,Samuel A Alito to be Confirmed to the Supreme Court by the US Senate,4,83.5,Nov/18/2005 01:18:19
302255,SC.CONFIRM.ALITO,Samuel A Alito to be Confirmed to the Supreme Court by the US Senate,1,83.4,Nov/18/2005 01:22:42
302255,SC.CONFIRM.ALITO,Samuel A Alito to be Confirmed to the Supreme Court by the US Senate,5,83.4,Nov/18/2005 05:13:46
