market id,market symbol,market name,trade quantity,trade price,date/time [utc]
746828,AMES.2011.BACHMANN,Michele Bachmann to win 2011 Ames Straw Poll,1,15.0,May/05/2011 17:06:59
746828,AMES.2011.BACHMANN,Michele Bachmann to win 2011 Ames Straw Poll,1,15.0,May/05/2011 17:06:59
746828,AMES.2011.BACHMANN,Michele Bachmann to win 2011 Ames Straw Poll,3,10.0,May/10/2011 15:44:36
746828,AMES.2011.BACHMANN,Michele Bachmann to win 2011 Ames Straw Poll,1,20.0,May/17/2011 19:56:55
746828,AMES.2011.BACHMANN,Michele Bachmann to win 2011 Ames Straw Poll,2,29.0,May/17/2011 19:56:55
746828,AMES.2011.BACHMANN,Michele Bachmann to win 2011 Ames Straw Poll,2,30.0,May/17/2011 19:56:55
746828,AMES.2011.BACHMANN,Michele Bachmann to win 2011 Ames Straw Poll,2,30.0,May/17/2011 19:56:55
746828,AMES.2011.BACHMANN,Michele Bachmann to win 2011 Ames Straw Poll,1,30.0,May/18/2011 03:30:31
746828,AMES.2011.BACHMANN,Michele Bachmann to win 2011 Ames Straw Poll,1,29.0,May/18/2011 03:30:31
746828,AMES.2011.BACHMANN,Michele Bachmann to win 2011 Ames Straw Poll,1,28.0,May/18/2011 03:30:31
746828,AMES.2011.BACHMANN,Michele Bachmann to win 2011 Ames Straw Poll,1,27.0,May/29/2011 15:04:59
746828,AMES.2011.BACHMANN,Michele Bachmann to win 2011 Ames Straw Poll,4,27.0,Jun/01/2011 20:51:42
746828,AMES.2011.BACHMANN,Michele Bachmann to win 2011 Ames Straw Poll,2,43.0,Jun/14/2011 22:45:42
746828,AMES.2011.BACHMANN,Michele Bachmann to win 2011 Ames Straw Poll,4,45.0,Jun/19/2011 02:50:38
746828,AMES.2011.BACHMANN,Michele Bachmann to win 2011 Ames Straw Poll,1,50.0,Jun/19/2011 23:16:00
746828,AMES.2011.BACHMANN,Michele Bachmann to win 2011 Ames Straw Poll,6,50.0,Jun/22/2011 00:54:41
746828,AMES.2011.BACHMANN,Michele Bachmann to win 2011 Ames Straw Poll,5,49.9,Jun/24/2011 23:53:58
746828,AMES.2011.BACHMANN,Michele Bachmann to win 2011 Ames Straw Poll,2,49.9,Jun/25/2011 00:24:53
746828,AMES.2011.BACHMANN,Michele Bachmann to win 2011 Ames Straw Poll,3,49.9,Jun/25/2011 07:40:05
746828,AMES.2011.BACHMANN,Michele Bachmann to win 2011 Ames Straw Poll,1,52.5,Jun/27/2011 18:10:23
746828,AMES.2011.BACHMANN,Michele Bachmann to win 2011 Ames Straw Poll,3,58.8,Jun/28/2011 19:30:08
746828,AMES.2011.BACHMANN,Michele Bachmann to win 2011 Ames Straw Poll,3,58.8,Jun/28/2011 19:30:28
746828,AMES.2011.BACHMANN,Michele Bachmann to win 2011 Ames Straw Poll,3,58.8,Jun/28/2011 19:30:48
746828,AMES.2011.BACHMANN,Michele Bachmann to win 2011 Ames Straw Poll,1,51.5,Jun/30/2011 01:07:42
746828,AMES.2011.BACHMANN,Michele Bachmann to win 2011 Ames Straw Poll,5,65.0,Jun/30/2011 17:46:13
746828,AMES.2011.BACHMANN,Michele Bachmann to win 2011 Ames Straw Poll,4,67.0,Jun/30/2011 17:53:14
746828,AMES.2011.BACHMANN,Michele Bachmann to win 2011 Ames Straw Poll,21,65.0,Jun/30/2011 19:39:01
746828,AMES.2011.BACHMANN,Michele Bachmann to win 2011 Ames Straw Poll,1,74.7,Jul/02/2011 00:11:01
746828,AMES.2011.BACHMANN,Michele Bachmann to win 2011 Ames Straw Poll,2,72.9,Jul/04/2011 15:04:45
746828,AMES.2011.BACHMANN,Michele Bachmann to win 2011 Ames Straw Poll,1,64.0,Jul/06/2011 20:45:46
746828,AMES.2011.BACHMANN,Michele Bachmann to win 2011 Ames Straw Poll,1,66.4,Jul/07/2011 11:07:07
746828,AMES.2011.BACHMANN,Michele Bachmann to win 2011 Ames Straw Poll,1,66.5,Jul/07/2011 11:55:34
746828,AMES.2011.BACHMANN,Michele Bachmann to win 2011 Ames Straw Poll,1,67.4,Jul/07/2011 15:09:54
746828,AMES.2011.BACHMANN,Michele Bachmann to win 2011 Ames Straw Poll,1,66.6,Jul/07/2011 16:19:24
746828,AMES.2011.BACHMANN,Michele Bachmann to win 2011 Ames Straw Poll,2,66.6,Jul/07/2011 17:48:19
746828,AMES.2011.BACHMANN,Michele Bachmann to win 2011 Ames Straw Poll,5,66.5,Jul/07/2011 17:52:24
746828,AMES.2011.BACHMANN,Michele Bachmann to win 2011 Ames Straw Poll,1,74.7,Jul/08/2011 00:50:34
746828,AMES.2011.BACHMANN,Michele Bachmann to win 2011 Ames Straw Poll,1,73.9,Jul/09/2011 05:15:16
746828,AMES.2011.BACHMANN,Michele Bachmann to win 2011 Ames Straw Poll,9,66.5,Jul/09/2011 21:03:21
746828,AMES.2011.BACHMANN,Michele Bachmann to win 2011 Ames Straw Poll,1,66.6,Jul/09/2011 21:03:21
746828,AMES.2011.BACHMANN,Michele Bachmann to win 2011 Ames Straw Poll,2,72.0,Jul/10/2011 20:28:21
746828,AMES.2011.BACHMANN,Michele Bachmann to win 2011 Ames Straw Poll,30,72.9,Jul/11/2011 15:17:01
746828,AMES.2011.BACHMANN,Michele Bachmann to win 2011 Ames Straw Poll,20,72.9,Jul/11/2011 15:17:08
746828,AMES.2011.BACHMANN,Michele Bachmann to win 2011 Ames Straw Poll,15,72.9,Jul/11/2011 15:17:12
746828,AMES.2011.BACHMANN,Michele Bachmann to win 2011 Ames Straw Poll,10,72.9,Jul/11/2011 15:17:17
746828,AMES.2011.BACHMANN,Michele Bachmann to win 2011 Ames Straw Poll,5,72.9,Jul/11/2011 15:17:26
746828,AMES.2011.BACHMANN,Michele Bachmann to win 2011 Ames Straw Poll,5,72.9,Jul/11/2011 15:17:34
746828,AMES.2011.BACHMANN,Michele Bachmann to win 2011 Ames Straw Poll,1,72.9,Jul/11/2011 15:17:39
746828,AMES.2011.BACHMANN,Michele Bachmann to win 2011 Ames Straw Poll,1,72.9,Jul/11/2011 15:17:43
746828,AMES.2011.BACHMANN,Michele Bachmann to win 2011 Ames Straw Poll,1,72.9,Jul/11/2011 15:17:47
746828,AMES.2011.BACHMANN,Michele Bachmann to win 2011 Ames Straw Poll,1,72.9,Jul/11/2011 15:17:50
746828,AMES.2011.BACHMANN,Michele Bachmann to win 2011 Ames Straw Poll,1,72.9,Jul/11/2011 15:18:36
746828,AMES.2011.BACHMANN,Michele Bachmann to win 2011 Ames Straw Poll,2,71.0,Jul/11/2011 15:44:16
746828,AMES.2011.BACHMANN,Michele Bachmann to win 2011 Ames Straw Poll,10,73.0,Jul/11/2011 15:44:21
746828,AMES.2011.BACHMANN,Michele Bachmann to win 2011 Ames Straw Poll,5,73.0,Jul/11/2011 15:44:26
746828,AMES.2011.BACHMANN,Michele Bachmann to win 2011 Ames Straw Poll,1,73.0,Jul/11/2011 15:44:30
746828,AMES.2011.BACHMANN,Michele Bachmann to win 2011 Ames Straw Poll,1,73.0,Jul/11/2011 15:44:33
746828,AMES.2011.BACHMANN,Michele Bachmann to win 2011 Ames Straw Poll,1,73.0,Jul/11/2011 15:44:38
746828,AMES.2011.BACHMANN,Michele Bachmann to win 2011 Ames Straw Poll,1,73.0,Jul/11/2011 15:44:44
746828,AMES.2011.BACHMANN,Michele Bachmann to win 2011 Ames Straw Poll,1,73.0,Jul/11/2011 15:44:50
746828,AMES.2011.BACHMANN,Michele Bachmann to win 2011 Ames Straw Poll,1,63.1,Jul/11/2011 15:45:02
746828,AMES.2011.BACHMANN,Michele Bachmann to win 2011 Ames Straw Poll,1,63.1,Jul/11/2011 15:45:08
746828,AMES.2011.BACHMANN,Michele Bachmann to win 2011 Ames Straw Poll,1,63.1,Jul/11/2011 15:45:19
746828,AMES.2011.BACHMANN,Michele Bachmann to win 2011 Ames Straw Poll,1,69.0,Jul/11/2011 15:45:35
746828,AMES.2011.BACHMANN,Michele Bachmann to win 2011 Ames Straw Poll,1,65.1,Jul/11/2011 15:46:44
746828,AMES.2011.BACHMANN,Michele Bachmann to win 2011 Ames Straw Poll,5,71.3,Jul/11/2011 15:50:40
746828,AMES.2011.BACHMANN,Michele Bachmann to win 2011 Ames Straw Poll,5,72.3,Jul/11/2011 15:51:06
746828,AMES.2011.BACHMANN,Michele Bachmann to win 2011 Ames Straw Poll,5,73.0,Jul/11/2011 16:01:23
746828,AMES.2011.BACHMANN,Michele Bachmann to win 2011 Ames Straw Poll,1,73.0,Jul/11/2011 16:01:27
746828,AMES.2011.BACHMANN,Michele Bachmann to win 2011 Ames Straw Poll,1,73.0,Jul/11/2011 16:01:31
746828,AMES.2011.BACHMANN,Michele Bachmann to win 2011 Ames Straw Poll,1,73.0,Jul/11/2011 16:01:37
746828,AMES.2011.BACHMANN,Michele Bachmann to win 2011 Ames Straw Poll,1,73.0,Jul/11/2011 16:01:41
746828,AMES.2011.BACHMANN,Michele Bachmann to win 2011 Ames Straw Poll,1,73.0,Jul/11/2011 16:01:52
746828,AMES.2011.BACHMANN,Michele Bachmann to win 2011 Ames Straw Poll,5,73.0,Jul/11/2011 16:56:25
746828,AMES.2011.BACHMANN,Michele Bachmann to win 2011 Ames Straw Poll,1,73.0,Jul/11/2011 16:56:30
746828,AMES.2011.BACHMANN,Michele Bachmann to win 2011 Ames Straw Poll,1,73.0,Jul/11/2011 16:56:35
746828,AMES.2011.BACHMANN,Michele Bachmann to win 2011 Ames Straw Poll,1,73.0,Jul/11/2011 16:56:40
746828,AMES.2011.BACHMANN,Michele Bachmann to win 2011 Ames Straw Poll,1,73.0,Jul/11/2011 16:56:45
746828,AMES.2011.BACHMANN,Michele Bachmann to win 2011 Ames Straw Poll,1,73.0,Jul/11/2011 16:56:53
746828,AMES.2011.BACHMANN,Michele Bachmann to win 2011 Ames Straw Poll,1,65.1,Jul/11/2011 16:56:59
746828,AMES.2011.BACHMANN,Michele Bachmann to win 2011 Ames Straw Poll,1,65.1,Jul/11/2011 16:57:27
746828,AMES.2011.BACHMANN,Michele Bachmann to win 2011 Ames Straw Poll,1,65.1,Jul/11/2011 17:01:45
746828,AMES.2011.BACHMANN,Michele Bachmann to win 2011 Ames Straw Poll,10,73.0,Jul/11/2011 17:04:46
746828,AMES.2011.BACHMANN,Michele Bachmann to win 2011 Ames Straw Poll,5,73.0,Jul/11/2011 17:04:50
746828,AMES.2011.BACHMANN,Michele Bachmann to win 2011 Ames Straw Poll,1,73.0,Jul/11/2011 17:04:55
746828,AMES.2011.BACHMANN,Michele Bachmann to win 2011 Ames Straw Poll,1,73.0,Jul/11/2011 17:04:59
746828,AMES.2011.BACHMANN,Michele Bachmann to win 2011 Ames Straw Poll,1,73.0,Jul/11/2011 17:05:04
746828,AMES.2011.BACHMANN,Michele Bachmann to win 2011 Ames Straw Poll,1,73.0,Jul/11/2011 17:05:07
746828,AMES.2011.BACHMANN,Michele Bachmann to win 2011 Ames Straw Poll,1,73.0,Jul/11/2011 17:05:16
746828,AMES.2011.BACHMANN,Michele Bachmann to win 2011 Ames Straw Poll,1,65.1,Jul/11/2011 17:06:03
746828,AMES.2011.BACHMANN,Michele Bachmann to win 2011 Ames Straw Poll,10,73.0,Jul/11/2011 17:06:36
746828,AMES.2011.BACHMANN,Michele Bachmann to win 2011 Ames Straw Poll,5,73.0,Jul/11/2011 17:06:39
746828,AMES.2011.BACHMANN,Michele Bachmann to win 2011 Ames Straw Poll,1,73.0,Jul/11/2011 17:06:43
746828,AMES.2011.BACHMANN,Michele Bachmann to win 2011 Ames Straw Poll,1,73.0,Jul/11/2011 17:06:47
746828,AMES.2011.BACHMANN,Michele Bachmann to win 2011 Ames Straw Poll,1,73.0,Jul/11/2011 17:06:51
746828,AMES.2011.BACHMANN,Michele Bachmann to win 2011 Ames Straw Poll,1,73.0,Jul/11/2011 17:06:58
746828,AMES.2011.BACHMANN,Michele Bachmann to win 2011 Ames Straw Poll,1,73.0,Jul/11/2011 17:07:03
746828,AMES.2011.BACHMANN,Michele Bachmann to win 2011 Ames Straw Poll,10,73.0,Jul/11/2011 17:07:47
746828,AMES.2011.BACHMANN,Michele Bachmann to win 2011 Ames Straw Poll,5,73.0,Jul/11/2011 17:07:51
746828,AMES.2011.BACHMANN,Michele Bachmann to win 2011 Ames Straw Poll,1,73.0,Jul/11/2011 17:07:55
746828,AMES.2011.BACHMANN,Michele Bachmann to win 2011 Ames Straw Poll,1,73.0,Jul/11/2011 17:08:01
746828,AMES.2011.BACHMANN,Michele Bachmann to win 2011 Ames Straw Poll,1,73.0,Jul/11/2011 17:08:04
746828,AMES.2011.BACHMANN,Michele Bachmann to win 2011 Ames Straw Poll,1,73.0,Jul/11/2011 17:08:08
746828,AMES.2011.BACHMANN,Michele Bachmann to win 2011 Ames Straw Poll,1,73.0,Jul/11/2011 17:08:18
746828,AMES.2011.BACHMANN,Michele Bachmann to win 2011 Ames Straw Poll,1,72.5,Jul/11/2011 17:32:59
746828,AMES.2011.BACHMANN,Michele Bachmann to win 2011 Ames Straw Poll,1,72.5,Jul/11/2011 17:33:46
746828,AMES.2011.BACHMANN,Michele Bachmann to win 2011 Ames Straw Poll,1,72.5,Jul/11/2011 17:34:21
746828,AMES.2011.BACHMANN,Michele Bachmann to win 2011 Ames Straw Poll,1,72.5,Jul/11/2011 17:35:02
746828,AMES.2011.BACHMANN,Michele Bachmann to win 2011 Ames Straw Poll,1,72.5,Jul/11/2011 18:26:12
746828,AMES.2011.BACHMANN,Michele Bachmann to win 2011 Ames Straw Poll,9,72.5,Jul/11/2011 18:26:12
746828,AMES.2011.BACHMANN,Michele Bachmann to win 2011 Ames Straw Poll,1,72.5,Jul/11/2011 18:26:20
746828,AMES.2011.BACHMANN,Michele Bachmann to win 2011 Ames Straw Poll,2,72.4,Jul/11/2011 18:28:58
746828,AMES.2011.BACHMANN,Michele Bachmann to win 2011 Ames Straw Poll,7,72.4,Jul/11/2011 18:30:24
746828,AMES.2011.BACHMANN,Michele Bachmann to win 2011 Ames Straw Poll,1,65.1,Jul/11/2011 18:30:57
746828,AMES.2011.BACHMANN,Michele Bachmann to win 2011 Ames Straw Poll,1,72.2,Jul/11/2011 18:31:20
746828,AMES.2011.BACHMANN,Michele Bachmann to win 2011 Ames Straw Poll,5,72.5,Jul/11/2011 18:32:58
746828,AMES.2011.BACHMANN,Michele Bachmann to win 2011 Ames Straw Poll,1,72.5,Jul/11/2011 18:33:03
746828,AMES.2011.BACHMANN,Michele Bachmann to win 2011 Ames Straw Poll,1,72.5,Jul/11/2011 18:33:09
746828,AMES.2011.BACHMANN,Michele Bachmann to win 2011 Ames Straw Poll,1,72.5,Jul/11/2011 18:33:12
746828,AMES.2011.BACHMANN,Michele Bachmann to win 2011 Ames Straw Poll,1,72.5,Jul/11/2011 18:33:15
746828,AMES.2011.BACHMANN,Michele Bachmann to win 2011 Ames Straw Poll,1,72.5,Jul/11/2011 18:33:18
746828,AMES.2011.BACHMANN,Michele Bachmann to win 2011 Ames Straw Poll,1,65.1,Jul/11/2011 18:33:28
746828,AMES.2011.BACHMANN,Michele Bachmann to win 2011 Ames Straw Poll,10,72.1,Jul/11/2011 18:34:05
746828,AMES.2011.BACHMANN,Michele Bachmann to win 2011 Ames Straw Poll,1,67.1,Jul/11/2011 18:53:52
746828,AMES.2011.BACHMANN,Michele Bachmann to win 2011 Ames Straw Poll,25,70.0,Jul/11/2011 19:28:17
746828,AMES.2011.BACHMANN,Michele Bachmann to win 2011 Ames Straw Poll,10,72.9,Jul/11/2011 19:48:47
746828,AMES.2011.BACHMANN,Michele Bachmann to win 2011 Ames Straw Poll,1,70.0,Jul/11/2011 20:02:33
746828,AMES.2011.BACHMANN,Michele Bachmann to win 2011 Ames Straw Poll,10,69.0,Jul/11/2011 20:04:20
746828,AMES.2011.BACHMANN,Michele Bachmann to win 2011 Ames Straw Poll,1,69.1,Jul/12/2011 00:35:46
746828,AMES.2011.BACHMANN,Michele Bachmann to win 2011 Ames Straw Poll,3,69.1,Jul/12/2011 13:15:06
746828,AMES.2011.BACHMANN,Michele Bachmann to win 2011 Ames Straw Poll,1,73.0,Jul/12/2011 13:18:29
746828,AMES.2011.BACHMANN,Michele Bachmann to win 2011 Ames Straw Poll,1,73.0,Jul/12/2011 13:19:05
746828,AMES.2011.BACHMANN,Michele Bachmann to win 2011 Ames Straw Poll,1,73.0,Jul/12/2011 13:19:29
746828,AMES.2011.BACHMANN,Michele Bachmann to win 2011 Ames Straw Poll,1,73.0,Jul/12/2011 13:20:31
746828,AMES.2011.BACHMANN,Michele Bachmann to win 2011 Ames Straw Poll,1,73.0,Jul/12/2011 13:21:00
746828,AMES.2011.BACHMANN,Michele Bachmann to win 2011 Ames Straw Poll,1,73.0,Jul/12/2011 13:21:41
746828,AMES.2011.BACHMANN,Michele Bachmann to win 2011 Ames Straw Poll,90,73.0,Jul/12/2011 19:18:35
746828,AMES.2011.BACHMANN,Michele Bachmann to win 2011 Ames Straw Poll,2,73.0,Jul/12/2011 19:42:10
746828,AMES.2011.BACHMANN,Michele Bachmann to win 2011 Ames Straw Poll,10,69.2,Jul/12/2011 20:09:20
746828,AMES.2011.BACHMANN,Michele Bachmann to win 2011 Ames Straw Poll,10,69.2,Jul/12/2011 20:09:32
746828,AMES.2011.BACHMANN,Michele Bachmann to win 2011 Ames Straw Poll,1,72.9,Jul/13/2011 01:28:22
746828,AMES.2011.BACHMANN,Michele Bachmann to win 2011 Ames Straw Poll,1,70.6,Jul/13/2011 16:24:56
746828,AMES.2011.BACHMANN,Michele Bachmann to win 2011 Ames Straw Poll,1,70.8,Jul/14/2011 01:27:10
746828,AMES.2011.BACHMANN,Michele Bachmann to win 2011 Ames Straw Poll,1,70.8,Jul/14/2011 11:34:19
746828,AMES.2011.BACHMANN,Michele Bachmann to win 2011 Ames Straw Poll,1,71.2,Jul/15/2011 01:42:12
746828,AMES.2011.BACHMANN,Michele Bachmann to win 2011 Ames Straw Poll,1,71.1,Jul/15/2011 01:43:08
746828,AMES.2011.BACHMANN,Michele Bachmann to win 2011 Ames Straw Poll,1,71.0,Jul/15/2011 01:43:23
746828,AMES.2011.BACHMANN,Michele Bachmann to win 2011 Ames Straw Poll,1,70.9,Jul/15/2011 01:45:22
746828,AMES.2011.BACHMANN,Michele Bachmann to win 2011 Ames Straw Poll,1,72.3,Jul/15/2011 12:35:18
746828,AMES.2011.BACHMANN,Michele Bachmann to win 2011 Ames Straw Poll,1,74.0,Jul/15/2011 20:11:58
746828,AMES.2011.BACHMANN,Michele Bachmann to win 2011 Ames Straw Poll,18,74.5,Jul/15/2011 20:16:08
746828,AMES.2011.BACHMANN,Michele Bachmann to win 2011 Ames Straw Poll,1,72.5,Jul/15/2011 20:29:42
746828,AMES.2011.BACHMANN,Michele Bachmann to win 2011 Ames Straw Poll,1,72.4,Jul/15/2011 20:29:56
746828,AMES.2011.BACHMANN,Michele Bachmann to win 2011 Ames Straw Poll,1,72.1,Jul/16/2011 00:17:43
746828,AMES.2011.BACHMANN,Michele Bachmann to win 2011 Ames Straw Poll,10,74.9,Jul/16/2011 04:50:07
746828,AMES.2011.BACHMANN,Michele Bachmann to win 2011 Ames Straw Poll,7,75.0,Jul/16/2011 04:50:15
746828,AMES.2011.BACHMANN,Michele Bachmann to win 2011 Ames Straw Poll,1,75.0,Jul/16/2011 04:50:21
746828,AMES.2011.BACHMANN,Michele Bachmann to win 2011 Ames Straw Poll,1,72.4,Jul/16/2011 04:50:43
746828,AMES.2011.BACHMANN,Michele Bachmann to win 2011 Ames Straw Poll,1,72.1,Jul/16/2011 04:50:52
746828,AMES.2011.BACHMANN,Michele Bachmann to win 2011 Ames Straw Poll,1,72.0,Jul/16/2011 04:51:06
746828,AMES.2011.BACHMANN,Michele Bachmann to win 2011 Ames Straw Poll,1,71.6,Jul/16/2011 04:51:06
746828,AMES.2011.BACHMANN,Michele Bachmann to win 2011 Ames Straw Poll,1,71.5,Jul/16/2011 04:51:12
746828,AMES.2011.BACHMANN,Michele Bachmann to win 2011 Ames Straw Poll,1,71.7,Jul/16/2011 04:56:31
746828,AMES.2011.BACHMANN,Michele Bachmann to win 2011 Ames Straw Poll,1,71.3,Jul/16/2011 04:56:50
746828,AMES.2011.BACHMANN,Michele Bachmann to win 2011 Ames Straw Poll,1,72.5,Jul/16/2011 20:09:36
746828,AMES.2011.BACHMANN,Michele Bachmann to win 2011 Ames Straw Poll,1,72.5,Jul/17/2011 20:51:48
746828,AMES.2011.BACHMANN,Michele Bachmann to win 2011 Ames Straw Poll,1,72.4,Jul/18/2011 01:36:47
746828,AMES.2011.BACHMANN,Michele Bachmann to win 2011 Ames Straw Poll,1,72.4,Jul/18/2011 01:50:27
746828,AMES.2011.BACHMANN,Michele Bachmann to win 2011 Ames Straw Poll,1,72.3,Jul/18/2011 01:50:56
746828,AMES.2011.BACHMANN,Michele Bachmann to win 2011 Ames Straw Poll,1,72.4,Jul/18/2011 03:35:47
746828,AMES.2011.BACHMANN,Michele Bachmann to win 2011 Ames Straw Poll,1,72.3,Jul/18/2011 05:58:37
746828,AMES.2011.BACHMANN,Michele Bachmann to win 2011 Ames Straw Poll,1,72.2,Jul/18/2011 05:58:57
746828,AMES.2011.BACHMANN,Michele Bachmann to win 2011 Ames Straw Poll,1,72.0,Jul/18/2011 05:59:21
746828,AMES.2011.BACHMANN,Michele Bachmann to win 2011 Ames Straw Poll,1,72.1,Jul/18/2011 05:59:21
746828,AMES.2011.BACHMANN,Michele Bachmann to win 2011 Ames Straw Poll,2,75.0,Jul/18/2011 18:40:38
746828,AMES.2011.BACHMANN,Michele Bachmann to win 2011 Ames Straw Poll,1,75.7,Jul/18/2011 18:40:50
746828,AMES.2011.BACHMANN,Michele Bachmann to win 2011 Ames Straw Poll,2,75.0,Jul/18/2011 18:41:59
746828,AMES.2011.BACHMANN,Michele Bachmann to win 2011 Ames Straw Poll,1,79.0,Jul/18/2011 20:07:42
746828,AMES.2011.BACHMANN,Michele Bachmann to win 2011 Ames Straw Poll,1,79.0,Jul/18/2011 20:08:51
746828,AMES.2011.BACHMANN,Michele Bachmann to win 2011 Ames Straw Poll,3,79.0,Jul/18/2011 20:12:32
746828,AMES.2011.BACHMANN,Michele Bachmann to win 2011 Ames Straw Poll,1,71.1,Jul/18/2011 22:09:31
746828,AMES.2011.BACHMANN,Michele Bachmann to win 2011 Ames Straw Poll,1,71.9,Jul/18/2011 22:09:31
746828,AMES.2011.BACHMANN,Michele Bachmann to win 2011 Ames Straw Poll,1,63.1,Jul/18/2011 22:09:31
746828,AMES.2011.BACHMANN,Michele Bachmann to win 2011 Ames Straw Poll,1,67.1,Jul/18/2011 22:09:31
746828,AMES.2011.BACHMANN,Michele Bachmann to win 2011 Ames Straw Poll,1,68.1,Jul/18/2011 22:09:31
746828,AMES.2011.BACHMANN,Michele Bachmann to win 2011 Ames Straw Poll,1,69.1,Jul/18/2011 22:09:31
746828,AMES.2011.BACHMANN,Michele Bachmann to win 2011 Ames Straw Poll,1,72.1,Jul/18/2011 22:09:31
746828,AMES.2011.BACHMANN,Michele Bachmann to win 2011 Ames Straw Poll,1,72.0,Jul/18/2011 22:09:31
746828,AMES.2011.BACHMANN,Michele Bachmann to win 2011 Ames Straw Poll,1,71.2,Jul/18/2011 22:09:31
746828,AMES.2011.BACHMANN,Michele Bachmann to win 2011 Ames Straw Poll,1,70.7,Jul/18/2011 22:09:31
746828,AMES.2011.BACHMANN,Michele Bachmann to win 2011 Ames Straw Poll,1,71.0,Jul/18/2011 22:09:31
746828,AMES.2011.BACHMANN,Michele Bachmann to win 2011 Ames Straw Poll,1,65.0,Jul/18/2011 22:12:52
746828,AMES.2011.BACHMANN,Michele Bachmann to win 2011 Ames Straw Poll,1,63.6,Jul/18/2011 22:14:16
746828,AMES.2011.BACHMANN,Michele Bachmann to win 2011 Ames Straw Poll,1,63.6,Jul/18/2011 22:41:18
746828,AMES.2011.BACHMANN,Michele Bachmann to win 2011 Ames Straw Poll,1,71.1,Jul/18/2011 22:41:18
746828,AMES.2011.BACHMANN,Michele Bachmann to win 2011 Ames Straw Poll,1,70.1,Jul/18/2011 22:41:18
746828,AMES.2011.BACHMANN,Michele Bachmann to win 2011 Ames Straw Poll,1,69.1,Jul/18/2011 22:41:18
746828,AMES.2011.BACHMANN,Michele Bachmann to win 2011 Ames Straw Poll,1,67.1,Jul/18/2011 22:41:18
746828,AMES.2011.BACHMANN,Michele Bachmann to win 2011 Ames Straw Poll,1,65.1,Jul/18/2011 22:41:18
746828,AMES.2011.BACHMANN,Michele Bachmann to win 2011 Ames Straw Poll,1,70.0,Jul/19/2011 12:24:33
746828,AMES.2011.BACHMANN,Michele Bachmann to win 2011 Ames Straw Poll,1,69.1,Jul/19/2011 12:24:33
746828,AMES.2011.BACHMANN,Michele Bachmann to win 2011 Ames Straw Poll,1,64.2,Jul/19/2011 14:56:07
746828,AMES.2011.BACHMANN,Michele Bachmann to win 2011 Ames Straw Poll,1,67.1,Jul/19/2011 14:56:07
746828,AMES.2011.BACHMANN,Michele Bachmann to win 2011 Ames Straw Poll,1,65.1,Jul/19/2011 14:56:07
746828,AMES.2011.BACHMANN,Michele Bachmann to win 2011 Ames Straw Poll,1,65.1,Jul/19/2011 15:56:23
746828,AMES.2011.BACHMANN,Michele Bachmann to win 2011 Ames Straw Poll,1,64.5,Jul/19/2011 16:15:02
746828,AMES.2011.BACHMANN,Michele Bachmann to win 2011 Ames Straw Poll,8,64.4,Jul/19/2011 16:15:12
746828,AMES.2011.BACHMANN,Michele Bachmann to win 2011 Ames Straw Poll,3,70.0,Jul/19/2011 19:13:50
746828,AMES.2011.BACHMANN,Michele Bachmann to win 2011 Ames Straw Poll,1,67.0,Jul/20/2011 07:32:22
746828,AMES.2011.BACHMANN,Michele Bachmann to win 2011 Ames Straw Poll,1,70.0,Jul/20/2011 15:34:18
746828,AMES.2011.BACHMANN,Michele Bachmann to win 2011 Ames Straw Poll,2,70.0,Jul/20/2011 15:34:18
746828,AMES.2011.BACHMANN,Michele Bachmann to win 2011 Ames Straw Poll,1,70.0,Jul/20/2011 17:18:25
746828,AMES.2011.BACHMANN,Michele Bachmann to win 2011 Ames Straw Poll,4,70.0,Jul/20/2011 18:50:47
746828,AMES.2011.BACHMANN,Michele Bachmann to win 2011 Ames Straw Poll,2,66.7,Jul/20/2011 20:54:44
746828,AMES.2011.BACHMANN,Michele Bachmann to win 2011 Ames Straw Poll,8,66.7,Jul/20/2011 20:56:26
746828,AMES.2011.BACHMANN,Michele Bachmann to win 2011 Ames Straw Poll,5,74.5,Jul/20/2011 21:28:02
746828,AMES.2011.BACHMANN,Michele Bachmann to win 2011 Ames Straw Poll,1,74.5,Jul/20/2011 21:28:02
746828,AMES.2011.BACHMANN,Michele Bachmann to win 2011 Ames Straw Poll,1,65.1,Jul/22/2011 01:52:58
746828,AMES.2011.BACHMANN,Michele Bachmann to win 2011 Ames Straw Poll,9,65.1,Jul/22/2011 05:42:10
746828,AMES.2011.BACHMANN,Michele Bachmann to win 2011 Ames Straw Poll,1,65.0,Jul/22/2011 16:53:08
746828,AMES.2011.BACHMANN,Michele Bachmann to win 2011 Ames Straw Poll,9,65.0,Jul/22/2011 17:30:05
746828,AMES.2011.BACHMANN,Michele Bachmann to win 2011 Ames Straw Poll,5,65.0,Jul/23/2011 03:29:28
746828,AMES.2011.BACHMANN,Michele Bachmann to win 2011 Ames Straw Poll,1,69.9,Jul/23/2011 19:57:11
746828,AMES.2011.BACHMANN,Michele Bachmann to win 2011 Ames Straw Poll,3,71.0,Jul/23/2011 19:57:42
746828,AMES.2011.BACHMANN,Michele Bachmann to win 2011 Ames Straw Poll,1,73.0,Jul/24/2011 13:54:11
746828,AMES.2011.BACHMANN,Michele Bachmann to win 2011 Ames Straw Poll,4,73.0,Jul/24/2011 13:54:49
746828,AMES.2011.BACHMANN,Michele Bachmann to win 2011 Ames Straw Poll,1,70.1,Jul/25/2011 18:22:39
746828,AMES.2011.BACHMANN,Michele Bachmann to win 2011 Ames Straw Poll,1,68.0,Jul/27/2011 00:14:40
746828,AMES.2011.BACHMANN,Michele Bachmann to win 2011 Ames Straw Poll,1,73.0,Jul/27/2011 13:34:56
746828,AMES.2011.BACHMANN,Michele Bachmann to win 2011 Ames Straw Poll,3,73.0,Jul/27/2011 13:34:56
746828,AMES.2011.BACHMANN,Michele Bachmann to win 2011 Ames Straw Poll,7,73.0,Jul/27/2011 13:36:51
746828,AMES.2011.BACHMANN,Michele Bachmann to win 2011 Ames Straw Poll,5,72.9,Jul/27/2011 23:31:56
746828,AMES.2011.BACHMANN,Michele Bachmann to win 2011 Ames Straw Poll,1,73.0,Jul/27/2011 23:31:56
746828,AMES.2011.BACHMANN,Michele Bachmann to win 2011 Ames Straw Poll,10,73.0,Jul/27/2011 23:31:56
746828,AMES.2011.BACHMANN,Michele Bachmann to win 2011 Ames Straw Poll,1,73.0,Jul/28/2011 04:21:27
746828,AMES.2011.BACHMANN,Michele Bachmann to win 2011 Ames Straw Poll,10,73.0,Jul/28/2011 04:21:27
746828,AMES.2011.BACHMANN,Michele Bachmann to win 2011 Ames Straw Poll,10,73.0,Jul/28/2011 14:55:11
746828,AMES.2011.BACHMANN,Michele Bachmann to win 2011 Ames Straw Poll,4,73.0,Jul/28/2011 17:10:32
746828,AMES.2011.BACHMANN,Michele Bachmann to win 2011 Ames Straw Poll,1,73.0,Jul/28/2011 17:10:32
746828,AMES.2011.BACHMANN,Michele Bachmann to win 2011 Ames Straw Poll,1,73.0,Jul/28/2011 17:11:50
746828,AMES.2011.BACHMANN,Michele Bachmann to win 2011 Ames Straw Poll,5,73.0,Jul/28/2011 17:12:17
746828,AMES.2011.BACHMANN,Michele Bachmann to win 2011 Ames Straw Poll,1,73.0,Jul/28/2011 17:12:17
746828,AMES.2011.BACHMANN,Michele Bachmann to win 2011 Ames Straw Poll,1,70.9,Jul/29/2011 21:56:56
746828,AMES.2011.BACHMANN,Michele Bachmann to win 2011 Ames Straw Poll,6,70.9,Jul/29/2011 21:56:59
746828,AMES.2011.BACHMANN,Michele Bachmann to win 2011 Ames Straw Poll,1,70.9,Jul/29/2011 23:05:55
746828,AMES.2011.BACHMANN,Michele Bachmann to win 2011 Ames Straw Poll,1,70.9,Jul/29/2011 23:06:01
746828,AMES.2011.BACHMANN,Michele Bachmann to win 2011 Ames Straw Poll,5,70.8,Jul/30/2011 15:16:07
746828,AMES.2011.BACHMANN,Michele Bachmann to win 2011 Ames Straw Poll,1,70.8,Jul/30/2011 23:56:32
746828,AMES.2011.BACHMANN,Michele Bachmann to win 2011 Ames Straw Poll,1,70.9,Jul/30/2011 23:56:32
746828,AMES.2011.BACHMANN,Michele Bachmann to win 2011 Ames Straw Poll,12,67.1,Jul/31/2011 21:32:58
746828,AMES.2011.BACHMANN,Michele Bachmann to win 2011 Ames Straw Poll,8,67.0,Jul/31/2011 21:32:58
746828,AMES.2011.BACHMANN,Michele Bachmann to win 2011 Ames Straw Poll,1,69.4,Aug/01/2011 07:49:46
746828,AMES.2011.BACHMANN,Michele Bachmann to win 2011 Ames Straw Poll,1,69.5,Aug/01/2011 07:49:46
746828,AMES.2011.BACHMANN,Michele Bachmann to win 2011 Ames Straw Poll,1,69.6,Aug/01/2011 07:49:46
746828,AMES.2011.BACHMANN,Michele Bachmann to win 2011 Ames Straw Poll,1,69.7,Aug/01/2011 07:49:46
746828,AMES.2011.BACHMANN,Michele Bachmann to win 2011 Ames Straw Poll,1,69.9,Aug/01/2011 07:49:46
746828,AMES.2011.BACHMANN,Michele Bachmann to win 2011 Ames Straw Poll,1,69.8,Aug/01/2011 07:49:46
746828,AMES.2011.BACHMANN,Michele Bachmann to win 2011 Ames Straw Poll,4,70.0,Aug/01/2011 08:03:02
746828,AMES.2011.BACHMANN,Michele Bachmann to win 2011 Ames Straw Poll,1,70.0,Aug/01/2011 12:00:09
746828,AMES.2011.BACHMANN,Michele Bachmann to win 2011 Ames Straw Poll,1,69.0,Aug/01/2011 21:52:16
746828,AMES.2011.BACHMANN,Michele Bachmann to win 2011 Ames Straw Poll,1,70.0,Aug/02/2011 02:53:14
746828,AMES.2011.BACHMANN,Michele Bachmann to win 2011 Ames Straw Poll,1,70.0,Aug/02/2011 02:53:14
746828,AMES.2011.BACHMANN,Michele Bachmann to win 2011 Ames Straw Poll,1,69.9,Aug/02/2011 02:53:14
746828,AMES.2011.BACHMANN,Michele Bachmann to win 2011 Ames Straw Poll,1,69.8,Aug/02/2011 02:53:14
746828,AMES.2011.BACHMANN,Michele Bachmann to win 2011 Ames Straw Poll,2,69.9,Aug/02/2011 02:53:14
746828,AMES.2011.BACHMANN,Michele Bachmann to win 2011 Ames Straw Poll,1,69.8,Aug/02/2011 14:14:37
746828,AMES.2011.BACHMANN,Michele Bachmann to win 2011 Ames Straw Poll,1,69.9,Aug/02/2011 17:08:18
746828,AMES.2011.BACHMANN,Michele Bachmann to win 2011 Ames Straw Poll,1,70.0,Aug/02/2011 17:09:05
746828,AMES.2011.BACHMANN,Michele Bachmann to win 2011 Ames Straw Poll,1,69.9,Aug/02/2011 17:21:58
746828,AMES.2011.BACHMANN,Michele Bachmann to win 2011 Ames Straw Poll,1,70.1,Aug/02/2011 17:22:47
746828,AMES.2011.BACHMANN,Michele Bachmann to win 2011 Ames Straw Poll,1,70.8,Aug/02/2011 17:22:58
746828,AMES.2011.BACHMANN,Michele Bachmann to win 2011 Ames Straw Poll,1,70.9,Aug/02/2011 17:23:13
746828,AMES.2011.BACHMANN,Michele Bachmann to win 2011 Ames Straw Poll,1,71.8,Aug/02/2011 17:23:28
746828,AMES.2011.BACHMANN,Michele Bachmann to win 2011 Ames Straw Poll,1,69.9,Aug/02/2011 17:29:56
746828,AMES.2011.BACHMANN,Michele Bachmann to win 2011 Ames Straw Poll,4,68.0,Aug/02/2011 17:42:05
746828,AMES.2011.BACHMANN,Michele Bachmann to win 2011 Ames Straw Poll,1,65.1,Aug/02/2011 17:42:51
746828,AMES.2011.BACHMANN,Michele Bachmann to win 2011 Ames Straw Poll,1,65.1,Aug/02/2011 17:42:51
746828,AMES.2011.BACHMANN,Michele Bachmann to win 2011 Ames Straw Poll,1,65.1,Aug/02/2011 17:42:51
746828,AMES.2011.BACHMANN,Michele Bachmann to win 2011 Ames Straw Poll,7,65.1,Aug/02/2011 17:42:51
746828,AMES.2011.BACHMANN,Michele Bachmann to win 2011 Ames Straw Poll,5,65.0,Aug/02/2011 17:43:16
746828,AMES.2011.BACHMANN,Michele Bachmann to win 2011 Ames Straw Poll,1,67.1,Aug/02/2011 18:09:02
746828,AMES.2011.BACHMANN,Michele Bachmann to win 2011 Ames Straw Poll,1,67.1,Aug/02/2011 18:59:09
746828,AMES.2011.BACHMANN,Michele Bachmann to win 2011 Ames Straw Poll,1,65.1,Aug/02/2011 19:11:00
746828,AMES.2011.BACHMANN,Michele Bachmann to win 2011 Ames Straw Poll,1,65.0,Aug/02/2011 19:11:58
746828,AMES.2011.BACHMANN,Michele Bachmann to win 2011 Ames Straw Poll,1,63.5,Aug/02/2011 19:12:20
746828,AMES.2011.BACHMANN,Michele Bachmann to win 2011 Ames Straw Poll,2,63.2,Aug/02/2011 19:12:53
746828,AMES.2011.BACHMANN,Michele Bachmann to win 2011 Ames Straw Poll,1,65.0,Aug/02/2011 19:13:29
746828,AMES.2011.BACHMANN,Michele Bachmann to win 2011 Ames Straw Poll,1,63.1,Aug/02/2011 19:13:40
746828,AMES.2011.BACHMANN,Michele Bachmann to win 2011 Ames Straw Poll,1,65.1,Aug/02/2011 20:13:36
746828,AMES.2011.BACHMANN,Michele Bachmann to win 2011 Ames Straw Poll,1,65.1,Aug/02/2011 20:13:36
746828,AMES.2011.BACHMANN,Michele Bachmann to win 2011 Ames Straw Poll,1,68.9,Aug/03/2011 01:23:12
746828,AMES.2011.BACHMANN,Michele Bachmann to win 2011 Ames Straw Poll,1,67.9,Aug/03/2011 01:23:12
746828,AMES.2011.BACHMANN,Michele Bachmann to win 2011 Ames Straw Poll,1,69.7,Aug/03/2011 01:23:12
746828,AMES.2011.BACHMANN,Michele Bachmann to win 2011 Ames Straw Poll,1,69.8,Aug/03/2011 01:23:12
746828,AMES.2011.BACHMANN,Michele Bachmann to win 2011 Ames Straw Poll,1,70.8,Aug/03/2011 03:22:05
746828,AMES.2011.BACHMANN,Michele Bachmann to win 2011 Ames Straw Poll,1,69.9,Aug/03/2011 03:22:05
746828,AMES.2011.BACHMANN,Michele Bachmann to win 2011 Ames Straw Poll,1,69.8,Aug/03/2011 03:22:05
746828,AMES.2011.BACHMANN,Michele Bachmann to win 2011 Ames Straw Poll,1,70.9,Aug/03/2011 03:22:05
746828,AMES.2011.BACHMANN,Michele Bachmann to win 2011 Ames Straw Poll,1,69.8,Aug/03/2011 12:40:09
746828,AMES.2011.BACHMANN,Michele Bachmann to win 2011 Ames Straw Poll,10,68.0,Aug/03/2011 14:40:17
746828,AMES.2011.BACHMANN,Michele Bachmann to win 2011 Ames Straw Poll,5,67.0,Aug/03/2011 18:14:13
746828,AMES.2011.BACHMANN,Michele Bachmann to win 2011 Ames Straw Poll,1,67.0,Aug/03/2011 21:47:34
746828,AMES.2011.BACHMANN,Michele Bachmann to win 2011 Ames Straw Poll,4,67.0,Aug/03/2011 21:49:41
746828,AMES.2011.BACHMANN,Michele Bachmann to win 2011 Ames Straw Poll,1,67.9,Aug/03/2011 22:38:56
746828,AMES.2011.BACHMANN,Michele Bachmann to win 2011 Ames Straw Poll,1,67.9,Aug/03/2011 23:47:29
746828,AMES.2011.BACHMANN,Michele Bachmann to win 2011 Ames Straw Poll,3,68.4,Aug/03/2011 23:48:00
746828,AMES.2011.BACHMANN,Michele Bachmann to win 2011 Ames Straw Poll,1,67.9,Aug/04/2011 00:22:51
746828,AMES.2011.BACHMANN,Michele Bachmann to win 2011 Ames Straw Poll,1,67.9,Aug/04/2011 13:55:33
746828,AMES.2011.BACHMANN,Michele Bachmann to win 2011 Ames Straw Poll,5,68.0,Aug/04/2011 13:56:38
746828,AMES.2011.BACHMANN,Michele Bachmann to win 2011 Ames Straw Poll,5,68.0,Aug/04/2011 14:37:56
746828,AMES.2011.BACHMANN,Michele Bachmann to win 2011 Ames Straw Poll,2,68.4,Aug/04/2011 14:38:26
746828,AMES.2011.BACHMANN,Michele Bachmann to win 2011 Ames Straw Poll,3,68.4,Aug/04/2011 14:38:26
746828,AMES.2011.BACHMANN,Michele Bachmann to win 2011 Ames Straw Poll,5,68.0,Aug/04/2011 14:38:47
746828,AMES.2011.BACHMANN,Michele Bachmann to win 2011 Ames Straw Poll,5,63.5,Aug/04/2011 22:13:51
746828,AMES.2011.BACHMANN,Michele Bachmann to win 2011 Ames Straw Poll,1,63.2,Aug/05/2011 00:16:46
746828,AMES.2011.BACHMANN,Michele Bachmann to win 2011 Ames Straw Poll,1,63.2,Aug/05/2011 01:09:43
746828,AMES.2011.BACHMANN,Michele Bachmann to win 2011 Ames Straw Poll,1,63.1,Aug/05/2011 02:02:18
746828,AMES.2011.BACHMANN,Michele Bachmann to win 2011 Ames Straw Poll,1,64.0,Aug/05/2011 02:27:41
746828,AMES.2011.BACHMANN,Michele Bachmann to win 2011 Ames Straw Poll,9,64.0,Aug/05/2011 02:37:07
746828,AMES.2011.BACHMANN,Michele Bachmann to win 2011 Ames Straw Poll,7,67.7,Aug/05/2011 04:48:55
746828,AMES.2011.BACHMANN,Michele Bachmann to win 2011 Ames Straw Poll,1,66.9,Aug/05/2011 04:48:55
746828,AMES.2011.BACHMANN,Michele Bachmann to win 2011 Ames Straw Poll,9,63.3,Aug/05/2011 08:22:07
746828,AMES.2011.BACHMANN,Michele Bachmann to win 2011 Ames Straw Poll,8,63.1,Aug/05/2011 08:22:07
746828,AMES.2011.BACHMANN,Michele Bachmann to win 2011 Ames Straw Poll,1,1.1,Aug/05/2011 08:22:39
746828,AMES.2011.BACHMANN,Michele Bachmann to win 2011 Ames Straw Poll,1,66.6,Aug/05/2011 22:58:37
746828,AMES.2011.BACHMANN,Michele Bachmann to win 2011 Ames Straw Poll,1,65.9,Aug/06/2011 00:52:50
746828,AMES.2011.BACHMANN,Michele Bachmann to win 2011 Ames Straw Poll,1,66.6,Aug/06/2011 00:53:57
746828,AMES.2011.BACHMANN,Michele Bachmann to win 2011 Ames Straw Poll,1,66.7,Aug/06/2011 00:54:05
746828,AMES.2011.BACHMANN,Michele Bachmann to win 2011 Ames Straw Poll,1,65.9,Aug/06/2011 03:04:57
746828,AMES.2011.BACHMANN,Michele Bachmann to win 2011 Ames Straw Poll,1,65.9,Aug/06/2011 03:54:52
746828,AMES.2011.BACHMANN,Michele Bachmann to win 2011 Ames Straw Poll,2,65.8,Aug/06/2011 10:22:04
746828,AMES.2011.BACHMANN,Michele Bachmann to win 2011 Ames Straw Poll,1,64.9,Aug/06/2011 16:40:39
746828,AMES.2011.BACHMANN,Michele Bachmann to win 2011 Ames Straw Poll,1,65.7,Aug/06/2011 16:40:51
746828,AMES.2011.BACHMANN,Michele Bachmann to win 2011 Ames Straw Poll,1,64.9,Aug/06/2011 23:10:49
746828,AMES.2011.BACHMANN,Michele Bachmann to win 2011 Ames Straw Poll,1,62.0,Aug/06/2011 23:14:34
746828,AMES.2011.BACHMANN,Michele Bachmann to win 2011 Ames Straw Poll,20,62.0,Aug/07/2011 02:11:22
746828,AMES.2011.BACHMANN,Michele Bachmann to win 2011 Ames Straw Poll,1,61.0,Aug/07/2011 14:17:32
746828,AMES.2011.BACHMANN,Michele Bachmann to win 2011 Ames Straw Poll,1,61.0,Aug/07/2011 20:33:13
746828,AMES.2011.BACHMANN,Michele Bachmann to win 2011 Ames Straw Poll,30,60.0,Aug/07/2011 21:35:39
746828,AMES.2011.BACHMANN,Michele Bachmann to win 2011 Ames Straw Poll,1,61.0,Aug/08/2011 00:33:02
746828,AMES.2011.BACHMANN,Michele Bachmann to win 2011 Ames Straw Poll,1,61.0,Aug/08/2011 00:33:17
746828,AMES.2011.BACHMANN,Michele Bachmann to win 2011 Ames Straw Poll,2,61.0,Aug/08/2011 00:33:32
746828,AMES.2011.BACHMANN,Michele Bachmann to win 2011 Ames Straw Poll,4,61.0,Aug/08/2011 00:33:52
746828,AMES.2011.BACHMANN,Michele Bachmann to win 2011 Ames Straw Poll,2,61.0,Aug/08/2011 00:34:07
746828,AMES.2011.BACHMANN,Michele Bachmann to win 2011 Ames Straw Poll,1,62.9,Aug/08/2011 00:34:25
746828,AMES.2011.BACHMANN,Michele Bachmann to win 2011 Ames Straw Poll,5,63.7,Aug/08/2011 00:35:14
746828,AMES.2011.BACHMANN,Michele Bachmann to win 2011 Ames Straw Poll,1,62.9,Aug/08/2011 00:58:34
746828,AMES.2011.BACHMANN,Michele Bachmann to win 2011 Ames Straw Poll,1,62.9,Aug/08/2011 01:21:46
746828,AMES.2011.BACHMANN,Michele Bachmann to win 2011 Ames Straw Poll,1,62.9,Aug/08/2011 02:11:09
746828,AMES.2011.BACHMANN,Michele Bachmann to win 2011 Ames Straw Poll,1,62.9,Aug/08/2011 02:18:13
746828,AMES.2011.BACHMANN,Michele Bachmann to win 2011 Ames Straw Poll,1,62.9,Aug/08/2011 02:26:07
746828,AMES.2011.BACHMANN,Michele Bachmann to win 2011 Ames Straw Poll,1,62.9,Aug/08/2011 02:26:42
746828,AMES.2011.BACHMANN,Michele Bachmann to win 2011 Ames Straw Poll,1,62.9,Aug/08/2011 02:27:02
746828,AMES.2011.BACHMANN,Michele Bachmann to win 2011 Ames Straw Poll,1,62.9,Aug/08/2011 02:27:17
746828,AMES.2011.BACHMANN,Michele Bachmann to win 2011 Ames Straw Poll,1,62.9,Aug/08/2011 02:27:42
746828,AMES.2011.BACHMANN,Michele Bachmann to win 2011 Ames Straw Poll,4,53.8,Aug/08/2011 05:07:41
746828,AMES.2011.BACHMANN,Michele Bachmann to win 2011 Ames Straw Poll,1,53.5,Aug/08/2011 05:32:00
746828,AMES.2011.BACHMANN,Michele Bachmann to win 2011 Ames Straw Poll,3,53.2,Aug/08/2011 06:30:25
746828,AMES.2011.BACHMANN,Michele Bachmann to win 2011 Ames Straw Poll,2,53.4,Aug/08/2011 06:30:25
746828,AMES.2011.BACHMANN,Michele Bachmann to win 2011 Ames Straw Poll,5,53.5,Aug/08/2011 06:30:25
746828,AMES.2011.BACHMANN,Michele Bachmann to win 2011 Ames Straw Poll,2,53.2,Aug/08/2011 10:05:40
746828,AMES.2011.BACHMANN,Michele Bachmann to win 2011 Ames Straw Poll,1,58.9,Aug/08/2011 15:54:42
746828,AMES.2011.BACHMANN,Michele Bachmann to win 2011 Ames Straw Poll,1,58.9,Aug/08/2011 15:54:42
746828,AMES.2011.BACHMANN,Michele Bachmann to win 2011 Ames Straw Poll,2,53.2,Aug/08/2011 17:19:06
746828,AMES.2011.BACHMANN,Michele Bachmann to win 2011 Ames Straw Poll,5,53.2,Aug/08/2011 17:19:06
746828,AMES.2011.BACHMANN,Michele Bachmann to win 2011 Ames Straw Poll,1,59.0,Aug/08/2011 17:36:56
746828,AMES.2011.BACHMANN,Michele Bachmann to win 2011 Ames Straw Poll,10,59.9,Aug/08/2011 17:36:56
746828,AMES.2011.BACHMANN,Michele Bachmann to win 2011 Ames Straw Poll,1,59.8,Aug/08/2011 17:36:56
746828,AMES.2011.BACHMANN,Michele Bachmann to win 2011 Ames Straw Poll,1,59.7,Aug/08/2011 17:36:56
746828,AMES.2011.BACHMANN,Michele Bachmann to win 2011 Ames Straw Poll,1,59.9,Aug/08/2011 17:36:56
746828,AMES.2011.BACHMANN,Michele Bachmann to win 2011 Ames Straw Poll,1,58.9,Aug/08/2011 17:36:56
746828,AMES.2011.BACHMANN,Michele Bachmann to win 2011 Ames Straw Poll,7,53.2,Aug/08/2011 17:42:09
746828,AMES.2011.BACHMANN,Michele Bachmann to win 2011 Ames Straw Poll,1,53.2,Aug/08/2011 20:09:36
746828,AMES.2011.BACHMANN,Michele Bachmann to win 2011 Ames Straw Poll,1,53.1,Aug/08/2011 21:44:22
746828,AMES.2011.BACHMANN,Michele Bachmann to win 2011 Ames Straw Poll,1,53.1,Aug/08/2011 21:44:42
746828,AMES.2011.BACHMANN,Michele Bachmann to win 2011 Ames Straw Poll,1,53.8,Aug/08/2011 22:54:08
746828,AMES.2011.BACHMANN,Michele Bachmann to win 2011 Ames Straw Poll,1,54.5,Aug/09/2011 03:08:07
746828,AMES.2011.BACHMANN,Michele Bachmann to win 2011 Ames Straw Poll,1,54.6,Aug/09/2011 03:08:07
746828,AMES.2011.BACHMANN,Michele Bachmann to win 2011 Ames Straw Poll,1,54.7,Aug/09/2011 03:08:07
746828,AMES.2011.BACHMANN,Michele Bachmann to win 2011 Ames Straw Poll,1,54.8,Aug/09/2011 03:08:07
746828,AMES.2011.BACHMANN,Michele Bachmann to win 2011 Ames Straw Poll,1,53.9,Aug/09/2011 03:08:07
746828,AMES.2011.BACHMANN,Michele Bachmann to win 2011 Ames Straw Poll,1,54.9,Aug/09/2011 03:47:47
746828,AMES.2011.BACHMANN,Michele Bachmann to win 2011 Ames Straw Poll,1,58.4,Aug/09/2011 03:48:03
746828,AMES.2011.BACHMANN,Michele Bachmann to win 2011 Ames Straw Poll,1,58.5,Aug/09/2011 03:49:28
746828,AMES.2011.BACHMANN,Michele Bachmann to win 2011 Ames Straw Poll,1,59.7,Aug/09/2011 03:49:37
746828,AMES.2011.BACHMANN,Michele Bachmann to win 2011 Ames Straw Poll,1,59.8,Aug/09/2011 03:49:48
746828,AMES.2011.BACHMANN,Michele Bachmann to win 2011 Ames Straw Poll,5,59.9,Aug/09/2011 03:50:00
746828,AMES.2011.BACHMANN,Michele Bachmann to win 2011 Ames Straw Poll,2,59.9,Aug/09/2011 04:17:32
746828,AMES.2011.BACHMANN,Michele Bachmann to win 2011 Ames Straw Poll,1,56.0,Aug/09/2011 08:37:43
746828,AMES.2011.BACHMANN,Michele Bachmann to win 2011 Ames Straw Poll,1,56.1,Aug/09/2011 13:50:46
746828,AMES.2011.BACHMANN,Michele Bachmann to win 2011 Ames Straw Poll,1,57.9,Aug/09/2011 16:39:27
746828,AMES.2011.BACHMANN,Michele Bachmann to win 2011 Ames Straw Poll,1,57.9,Aug/09/2011 16:41:59
746828,AMES.2011.BACHMANN,Michele Bachmann to win 2011 Ames Straw Poll,1,57.9,Aug/09/2011 16:49:50
746828,AMES.2011.BACHMANN,Michele Bachmann to win 2011 Ames Straw Poll,1,57.9,Aug/09/2011 16:50:14
746828,AMES.2011.BACHMANN,Michele Bachmann to win 2011 Ames Straw Poll,1,57.9,Aug/09/2011 16:51:23
746828,AMES.2011.BACHMANN,Michele Bachmann to win 2011 Ames Straw Poll,1,58.9,Aug/09/2011 17:37:33
746828,AMES.2011.BACHMANN,Michele Bachmann to win 2011 Ames Straw Poll,1,58.9,Aug/09/2011 17:37:33
746828,AMES.2011.BACHMANN,Michele Bachmann to win 2011 Ames Straw Poll,3,59.0,Aug/09/2011 17:37:33
746828,AMES.2011.BACHMANN,Michele Bachmann to win 2011 Ames Straw Poll,1,58.9,Aug/09/2011 18:07:38
746828,AMES.2011.BACHMANN,Michele Bachmann to win 2011 Ames Straw Poll,22,59.0,Aug/09/2011 18:07:58
746828,AMES.2011.BACHMANN,Michele Bachmann to win 2011 Ames Straw Poll,1,59.7,Aug/09/2011 18:08:11
746828,AMES.2011.BACHMANN,Michele Bachmann to win 2011 Ames Straw Poll,1,58.9,Aug/09/2011 18:12:03
746828,AMES.2011.BACHMANN,Michele Bachmann to win 2011 Ames Straw Poll,2,59.0,Aug/09/2011 18:12:03
746828,AMES.2011.BACHMANN,Michele Bachmann to win 2011 Ames Straw Poll,10,57.5,Aug/09/2011 19:16:58
746828,AMES.2011.BACHMANN,Michele Bachmann to win 2011 Ames Straw Poll,5,58.9,Aug/09/2011 22:02:20
746828,AMES.2011.BACHMANN,Michele Bachmann to win 2011 Ames Straw Poll,5,58.9,Aug/09/2011 23:08:55
746828,AMES.2011.BACHMANN,Michele Bachmann to win 2011 Ames Straw Poll,5,58.9,Aug/09/2011 23:08:55
746828,AMES.2011.BACHMANN,Michele Bachmann to win 2011 Ames Straw Poll,23,59.0,Aug/09/2011 23:09:14
746828,AMES.2011.BACHMANN,Michele Bachmann to win 2011 Ames Straw Poll,1,62.0,Aug/10/2011 02:46:08
746828,AMES.2011.BACHMANN,Michele Bachmann to win 2011 Ames Straw Poll,1,58.9,Aug/10/2011 02:46:08
746828,AMES.2011.BACHMANN,Michele Bachmann to win 2011 Ames Straw Poll,1,59.9,Aug/10/2011 02:46:08
746828,AMES.2011.BACHMANN,Michele Bachmann to win 2011 Ames Straw Poll,1,62.9,Aug/10/2011 02:46:08
746828,AMES.2011.BACHMANN,Michele Bachmann to win 2011 Ames Straw Poll,1,64.9,Aug/10/2011 02:46:08
746828,AMES.2011.BACHMANN,Michele Bachmann to win 2011 Ames Straw Poll,1,61.9,Aug/10/2011 03:02:33
746828,AMES.2011.BACHMANN,Michele Bachmann to win 2011 Ames Straw Poll,1,62.9,Aug/10/2011 03:02:41
746828,AMES.2011.BACHMANN,Michele Bachmann to win 2011 Ames Straw Poll,1,62.8,Aug/10/2011 03:55:43
746828,AMES.2011.BACHMANN,Michele Bachmann to win 2011 Ames Straw Poll,1,57.6,Aug/10/2011 04:32:58
746828,AMES.2011.BACHMANN,Michele Bachmann to win 2011 Ames Straw Poll,1,62.8,Aug/10/2011 04:39:09
746828,AMES.2011.BACHMANN,Michele Bachmann to win 2011 Ames Straw Poll,1,62.9,Aug/10/2011 04:39:21
746828,AMES.2011.BACHMANN,Michele Bachmann to win 2011 Ames Straw Poll,1,62.8,Aug/10/2011 04:39:21
746828,AMES.2011.BACHMANN,Michele Bachmann to win 2011 Ames Straw Poll,5,62.9,Aug/10/2011 12:12:48
746828,AMES.2011.BACHMANN,Michele Bachmann to win 2011 Ames Straw Poll,5,63.0,Aug/10/2011 12:12:58
746828,AMES.2011.BACHMANN,Michele Bachmann to win 2011 Ames Straw Poll,10,63.4,Aug/10/2011 12:13:16
746828,AMES.2011.BACHMANN,Michele Bachmann to win 2011 Ames Straw Poll,10,63.4,Aug/10/2011 12:13:34
746828,AMES.2011.BACHMANN,Michele Bachmann to win 2011 Ames Straw Poll,3,60.0,Aug/10/2011 15:17:45
746828,AMES.2011.BACHMANN,Michele Bachmann to win 2011 Ames Straw Poll,10,58.0,Aug/10/2011 15:52:55
746828,AMES.2011.BACHMANN,Michele Bachmann to win 2011 Ames Straw Poll,5,57.5,Aug/10/2011 16:11:45
746828,AMES.2011.BACHMANN,Michele Bachmann to win 2011 Ames Straw Poll,10,57.0,Aug/10/2011 18:14:08
746828,AMES.2011.BACHMANN,Michele Bachmann to win 2011 Ames Straw Poll,18,56.0,Aug/10/2011 18:14:08
746828,AMES.2011.BACHMANN,Michele Bachmann to win 2011 Ames Straw Poll,4,56.1,Aug/10/2011 18:14:08
746828,AMES.2011.BACHMANN,Michele Bachmann to win 2011 Ames Straw Poll,5,58.0,Aug/10/2011 20:25:30
746828,AMES.2011.BACHMANN,Michele Bachmann to win 2011 Ames Straw Poll,1,56.0,Aug/10/2011 20:51:46
746828,AMES.2011.BACHMANN,Michele Bachmann to win 2011 Ames Straw Poll,1,53.5,Aug/11/2011 00:14:08
746828,AMES.2011.BACHMANN,Michele Bachmann to win 2011 Ames Straw Poll,1,53.1,Aug/11/2011 00:14:08
746828,AMES.2011.BACHMANN,Michele Bachmann to win 2011 Ames Straw Poll,1,57.8,Aug/11/2011 02:08:05
746828,AMES.2011.BACHMANN,Michele Bachmann to win 2011 Ames Straw Poll,6,57.9,Aug/11/2011 02:08:05
746828,AMES.2011.BACHMANN,Michele Bachmann to win 2011 Ames Straw Poll,2,57.7,Aug/11/2011 02:08:05
746828,AMES.2011.BACHMANN,Michele Bachmann to win 2011 Ames Straw Poll,1,57.8,Aug/11/2011 02:08:05
746828,AMES.2011.BACHMANN,Michele Bachmann to win 2011 Ames Straw Poll,1,53.3,Aug/11/2011 10:52:05
746828,AMES.2011.BACHMANN,Michele Bachmann to win 2011 Ames Straw Poll,1,53.2,Aug/11/2011 11:21:21
746828,AMES.2011.BACHMANN,Michele Bachmann to win 2011 Ames Straw Poll,2,53.3,Aug/11/2011 11:21:21
746828,AMES.2011.BACHMANN,Michele Bachmann to win 2011 Ames Straw Poll,7,53.1,Aug/11/2011 11:38:48
746828,AMES.2011.BACHMANN,Michele Bachmann to win 2011 Ames Straw Poll,2,53.0,Aug/11/2011 11:38:48
746828,AMES.2011.BACHMANN,Michele Bachmann to win 2011 Ames Straw Poll,1,48.0,Aug/11/2011 12:33:16
746828,AMES.2011.BACHMANN,Michele Bachmann to win 2011 Ames Straw Poll,3,50.0,Aug/11/2011 14:34:52
746828,AMES.2011.BACHMANN,Michele Bachmann to win 2011 Ames Straw Poll,1,50.0,Aug/11/2011 14:34:59
746828,AMES.2011.BACHMANN,Michele Bachmann to win 2011 Ames Straw Poll,1,50.0,Aug/11/2011 16:58:04
746828,AMES.2011.BACHMANN,Michele Bachmann to win 2011 Ames Straw Poll,5,50.1,Aug/11/2011 17:45:01
746828,AMES.2011.BACHMANN,Michele Bachmann to win 2011 Ames Straw Poll,5,50.0,Aug/11/2011 17:48:58
746828,AMES.2011.BACHMANN,Michele Bachmann to win 2011 Ames Straw Poll,3,50.0,Aug/11/2011 17:51:08
746828,AMES.2011.BACHMANN,Michele Bachmann to win 2011 Ames Straw Poll,12,50.0,Aug/11/2011 17:56:38
746828,AMES.2011.BACHMANN,Michele Bachmann to win 2011 Ames Straw Poll,10,50.0,Aug/11/2011 17:56:59
746828,AMES.2011.BACHMANN,Michele Bachmann to win 2011 Ames Straw Poll,1,48.0,Aug/11/2011 18:07:56
746828,AMES.2011.BACHMANN,Michele Bachmann to win 2011 Ames Straw Poll,2,48.0,Aug/11/2011 18:17:10
746828,AMES.2011.BACHMANN,Michele Bachmann to win 2011 Ames Straw Poll,1,48.0,Aug/11/2011 18:30:58
746828,AMES.2011.BACHMANN,Michele Bachmann to win 2011 Ames Straw Poll,5,48.6,Aug/11/2011 18:47:30
746828,AMES.2011.BACHMANN,Michele Bachmann to win 2011 Ames Straw Poll,10,48.5,Aug/11/2011 18:47:59
746828,AMES.2011.BACHMANN,Michele Bachmann to win 2011 Ames Straw Poll,5,48.0,Aug/11/2011 18:48:21
746828,AMES.2011.BACHMANN,Michele Bachmann to win 2011 Ames Straw Poll,30,48.0,Aug/11/2011 18:48:21
746828,AMES.2011.BACHMANN,Michele Bachmann to win 2011 Ames Straw Poll,1,53.8,Aug/11/2011 20:56:27
746828,AMES.2011.BACHMANN,Michele Bachmann to win 2011 Ames Straw Poll,1,45.0,Aug/11/2011 22:07:10
746828,AMES.2011.BACHMANN,Michele Bachmann to win 2011 Ames Straw Poll,1,53.5,Aug/11/2011 22:48:03
746828,AMES.2011.BACHMANN,Michele Bachmann to win 2011 Ames Straw Poll,10,45.0,Aug/11/2011 23:11:08
746828,AMES.2011.BACHMANN,Michele Bachmann to win 2011 Ames Straw Poll,1,53.2,Aug/12/2011 00:37:32
746828,AMES.2011.BACHMANN,Michele Bachmann to win 2011 Ames Straw Poll,1,53.2,Aug/12/2011 00:37:32
746828,AMES.2011.BACHMANN,Michele Bachmann to win 2011 Ames Straw Poll,1,53.3,Aug/12/2011 00:37:41
746828,AMES.2011.BACHMANN,Michele Bachmann to win 2011 Ames Straw Poll,1,53.4,Aug/12/2011 00:37:57
746828,AMES.2011.BACHMANN,Michele Bachmann to win 2011 Ames Straw Poll,1,53.4,Aug/12/2011 00:37:57
746828,AMES.2011.BACHMANN,Michele Bachmann to win 2011 Ames Straw Poll,1,53.5,Aug/12/2011 00:38:11
746828,AMES.2011.BACHMANN,Michele Bachmann to win 2011 Ames Straw Poll,1,53.7,Aug/12/2011 00:38:23
746828,AMES.2011.BACHMANN,Michele Bachmann to win 2011 Ames Straw Poll,1,53.7,Aug/12/2011 00:38:23
746828,AMES.2011.BACHMANN,Michele Bachmann to win 2011 Ames Straw Poll,1,53.8,Aug/12/2011 00:38:34
746828,AMES.2011.BACHMANN,Michele Bachmann to win 2011 Ames Straw Poll,1,53.9,Aug/12/2011 00:38:40
746828,AMES.2011.BACHMANN,Michele Bachmann to win 2011 Ames Straw Poll,1,54.8,Aug/12/2011 00:38:49
746828,AMES.2011.BACHMANN,Michele Bachmann to win 2011 Ames Straw Poll,1,54.8,Aug/12/2011 00:38:55
746828,AMES.2011.BACHMANN,Michele Bachmann to win 2011 Ames Straw Poll,1,54.9,Aug/12/2011 00:39:00
746828,AMES.2011.BACHMANN,Michele Bachmann to win 2011 Ames Straw Poll,1,54.9,Aug/12/2011 00:39:09
746828,AMES.2011.BACHMANN,Michele Bachmann to win 2011 Ames Straw Poll,1,54.9,Aug/12/2011 00:39:23
746828,AMES.2011.BACHMANN,Michele Bachmann to win 2011 Ames Straw Poll,4,54.9,Aug/12/2011 00:39:35
746828,AMES.2011.BACHMANN,Michele Bachmann to win 2011 Ames Straw Poll,2,55.3,Aug/12/2011 00:39:56
746828,AMES.2011.BACHMANN,Michele Bachmann to win 2011 Ames Straw Poll,5,54.9,Aug/12/2011 00:40:08
746828,AMES.2011.BACHMANN,Michele Bachmann to win 2011 Ames Straw Poll,3,55.4,Aug/12/2011 00:40:31
746828,AMES.2011.BACHMANN,Michele Bachmann to win 2011 Ames Straw Poll,1,55.4,Aug/12/2011 00:40:31
746828,AMES.2011.BACHMANN,Michele Bachmann to win 2011 Ames Straw Poll,2,55.5,Aug/12/2011 00:40:45
746828,AMES.2011.BACHMANN,Michele Bachmann to win 2011 Ames Straw Poll,5,55.5,Aug/12/2011 00:41:05
746828,AMES.2011.BACHMANN,Michele Bachmann to win 2011 Ames Straw Poll,1,55.6,Aug/12/2011 00:41:18
746828,AMES.2011.BACHMANN,Michele Bachmann to win 2011 Ames Straw Poll,3,55.4,Aug/12/2011 00:41:42
746828,AMES.2011.BACHMANN,Michele Bachmann to win 2011 Ames Straw Poll,1,53.9,Aug/12/2011 00:46:12
746828,AMES.2011.BACHMANN,Michele Bachmann to win 2011 Ames Straw Poll,1,53.9,Aug/12/2011 00:46:12
746828,AMES.2011.BACHMANN,Michele Bachmann to win 2011 Ames Straw Poll,2,53.8,Aug/12/2011 00:46:49
746828,AMES.2011.BACHMANN,Michele Bachmann to win 2011 Ames Straw Poll,1,53.8,Aug/12/2011 00:47:03
746828,AMES.2011.BACHMANN,Michele Bachmann to win 2011 Ames Straw Poll,5,43.0,Aug/12/2011 01:14:40
746828,AMES.2011.BACHMANN,Michele Bachmann to win 2011 Ames Straw Poll,10,40.0,Aug/12/2011 01:14:57
746828,AMES.2011.BACHMANN,Michele Bachmann to win 2011 Ames Straw Poll,1,36.1,Aug/12/2011 01:15:19
746828,AMES.2011.BACHMANN,Michele Bachmann to win 2011 Ames Straw Poll,1,50.0,Aug/12/2011 01:40:21
746828,AMES.2011.BACHMANN,Michele Bachmann to win 2011 Ames Straw Poll,2,50.0,Aug/12/2011 01:41:00
746828,AMES.2011.BACHMANN,Michele Bachmann to win 2011 Ames Straw Poll,1,53.4,Aug/12/2011 01:43:03
746828,AMES.2011.BACHMANN,Michele Bachmann to win 2011 Ames Straw Poll,4,53.4,Aug/12/2011 01:43:03
746828,AMES.2011.BACHMANN,Michele Bachmann to win 2011 Ames Straw Poll,2,50.0,Aug/12/2011 01:45:46
746828,AMES.2011.BACHMANN,Michele Bachmann to win 2011 Ames Straw Poll,5,50.0,Aug/12/2011 01:46:14
746828,AMES.2011.BACHMANN,Michele Bachmann to win 2011 Ames Straw Poll,1,53.2,Aug/12/2011 01:46:25
746828,AMES.2011.BACHMANN,Michele Bachmann to win 2011 Ames Straw Poll,1,53.2,Aug/12/2011 01:46:25
746828,AMES.2011.BACHMANN,Michele Bachmann to win 2011 Ames Straw Poll,1,53.3,Aug/12/2011 01:46:25
746828,AMES.2011.BACHMANN,Michele Bachmann to win 2011 Ames Straw Poll,1,49.8,Aug/12/2011 02:05:58
746828,AMES.2011.BACHMANN,Michele Bachmann to win 2011 Ames Straw Poll,1,49.8,Aug/12/2011 02:06:23
746828,AMES.2011.BACHMANN,Michele Bachmann to win 2011 Ames Straw Poll,1,49.7,Aug/12/2011 02:06:36
746828,AMES.2011.BACHMANN,Michele Bachmann to win 2011 Ames Straw Poll,1,49.9,Aug/12/2011 02:06:47
746828,AMES.2011.BACHMANN,Michele Bachmann to win 2011 Ames Straw Poll,1,52.0,Aug/12/2011 02:08:11
746828,AMES.2011.BACHMANN,Michele Bachmann to win 2011 Ames Straw Poll,1,52.0,Aug/12/2011 02:08:11
746828,AMES.2011.BACHMANN,Michele Bachmann to win 2011 Ames Straw Poll,1,52.1,Aug/12/2011 02:08:26
746828,AMES.2011.BACHMANN,Michele Bachmann to win 2011 Ames Straw Poll,1,52.1,Aug/12/2011 02:08:26
746828,AMES.2011.BACHMANN,Michele Bachmann to win 2011 Ames Straw Poll,2,50.0,Aug/12/2011 02:09:11
746828,AMES.2011.BACHMANN,Michele Bachmann to win 2011 Ames Straw Poll,1,48.9,Aug/12/2011 02:15:43
746828,AMES.2011.BACHMANN,Michele Bachmann to win 2011 Ames Straw Poll,1,49.9,Aug/12/2011 02:20:31
746828,AMES.2011.BACHMANN,Michele Bachmann to win 2011 Ames Straw Poll,1,47.1,Aug/12/2011 02:58:22
746828,AMES.2011.BACHMANN,Michele Bachmann to win 2011 Ames Straw Poll,2,47.0,Aug/12/2011 03:10:52
746828,AMES.2011.BACHMANN,Michele Bachmann to win 2011 Ames Straw Poll,1,47.0,Aug/12/2011 03:16:35
746828,AMES.2011.BACHMANN,Michele Bachmann to win 2011 Ames Straw Poll,1,47.0,Aug/12/2011 03:34:02
746828,AMES.2011.BACHMANN,Michele Bachmann to win 2011 Ames Straw Poll,1,52.6,Aug/12/2011 03:36:26
746828,AMES.2011.BACHMANN,Michele Bachmann to win 2011 Ames Straw Poll,1,52.3,Aug/12/2011 03:36:26
746828,AMES.2011.BACHMANN,Michele Bachmann to win 2011 Ames Straw Poll,1,52.6,Aug/12/2011 03:36:26
746828,AMES.2011.BACHMANN,Michele Bachmann to win 2011 Ames Straw Poll,1,52.9,Aug/12/2011 04:29:36
746828,AMES.2011.BACHMANN,Michele Bachmann to win 2011 Ames Straw Poll,1,52.7,Aug/12/2011 04:29:36
746828,AMES.2011.BACHMANN,Michele Bachmann to win 2011 Ames Straw Poll,1,52.8,Aug/12/2011 04:29:36
746828,AMES.2011.BACHMANN,Michele Bachmann to win 2011 Ames Straw Poll,1,52.9,Aug/12/2011 04:29:36
746828,AMES.2011.BACHMANN,Michele Bachmann to win 2011 Ames Straw Poll,1,53.0,Aug/12/2011 04:29:36
746828,AMES.2011.BACHMANN,Michele Bachmann to win 2011 Ames Straw Poll,2,53.1,Aug/12/2011 04:29:36
746828,AMES.2011.BACHMANN,Michele Bachmann to win 2011 Ames Straw Poll,1,53.1,Aug/12/2011 04:29:57
746828,AMES.2011.BACHMANN,Michele Bachmann to win 2011 Ames Straw Poll,1,47.1,Aug/12/2011 04:38:14
746828,AMES.2011.BACHMANN,Michele Bachmann to win 2011 Ames Straw Poll,7,47.1,Aug/12/2011 05:01:43
746828,AMES.2011.BACHMANN,Michele Bachmann to win 2011 Ames Straw Poll,9,45.0,Aug/12/2011 05:20:12
746828,AMES.2011.BACHMANN,Michele Bachmann to win 2011 Ames Straw Poll,1,45.0,Aug/12/2011 05:20:22
746828,AMES.2011.BACHMANN,Michele Bachmann to win 2011 Ames Straw Poll,1,49.4,Aug/12/2011 14:43:41
746828,AMES.2011.BACHMANN,Michele Bachmann to win 2011 Ames Straw Poll,6,49.4,Aug/12/2011 14:43:55
746828,AMES.2011.BACHMANN,Michele Bachmann to win 2011 Ames Straw Poll,5,49.5,Aug/12/2011 14:44:00
746828,AMES.2011.BACHMANN,Michele Bachmann to win 2011 Ames Straw Poll,1,49.5,Aug/12/2011 14:44:00
746828,AMES.2011.BACHMANN,Michele Bachmann to win 2011 Ames Straw Poll,1,49.5,Aug/12/2011 14:44:13
746828,AMES.2011.BACHMANN,Michele Bachmann to win 2011 Ames Straw Poll,4,49.7,Aug/12/2011 14:44:20
746828,AMES.2011.BACHMANN,Michele Bachmann to win 2011 Ames Straw Poll,1,49.6,Aug/12/2011 14:44:29
746828,AMES.2011.BACHMANN,Michele Bachmann to win 2011 Ames Straw Poll,9,49.7,Aug/12/2011 14:44:31
746828,AMES.2011.BACHMANN,Michele Bachmann to win 2011 Ames Straw Poll,10,49.6,Aug/12/2011 14:44:54
746828,AMES.2011.BACHMANN,Michele Bachmann to win 2011 Ames Straw Poll,10,49.8,Aug/12/2011 14:45:05
746828,AMES.2011.BACHMANN,Michele Bachmann to win 2011 Ames Straw Poll,11,49.8,Aug/12/2011 14:45:15
746828,AMES.2011.BACHMANN,Michele Bachmann to win 2011 Ames Straw Poll,10,49.9,Aug/12/2011 14:45:24
746828,AMES.2011.BACHMANN,Michele Bachmann to win 2011 Ames Straw Poll,1,49.8,Aug/12/2011 14:45:24
746828,AMES.2011.BACHMANN,Michele Bachmann to win 2011 Ames Straw Poll,1,49.8,Aug/12/2011 14:45:36
746828,AMES.2011.BACHMANN,Michele Bachmann to win 2011 Ames Straw Poll,1,49.9,Aug/12/2011 14:45:37
746828,AMES.2011.BACHMANN,Michele Bachmann to win 2011 Ames Straw Poll,1,49.9,Aug/12/2011 14:45:43
746828,AMES.2011.BACHMANN,Michele Bachmann to win 2011 Ames Straw Poll,1,49.9,Aug/12/2011 14:46:22
746828,AMES.2011.BACHMANN,Michele Bachmann to win 2011 Ames Straw Poll,24,50.0,Aug/12/2011 14:46:22
746828,AMES.2011.BACHMANN,Michele Bachmann to win 2011 Ames Straw Poll,50,50.0,Aug/12/2011 14:46:22
746828,AMES.2011.BACHMANN,Michele Bachmann to win 2011 Ames Straw Poll,1,49.9,Aug/12/2011 14:57:09
746828,AMES.2011.BACHMANN,Michele Bachmann to win 2011 Ames Straw Poll,1,49.9,Aug/12/2011 14:57:09
746828,AMES.2011.BACHMANN,Michele Bachmann to win 2011 Ames Straw Poll,8,49.9,Aug/12/2011 14:57:12
746828,AMES.2011.BACHMANN,Michele Bachmann to win 2011 Ames Straw Poll,1,46.5,Aug/12/2011 15:43:48
746828,AMES.2011.BACHMANN,Michele Bachmann to win 2011 Ames Straw Poll,1,49.9,Aug/12/2011 15:47:30
746828,AMES.2011.BACHMANN,Michele Bachmann to win 2011 Ames Straw Poll,4,50.0,Aug/12/2011 15:47:30
746828,AMES.2011.BACHMANN,Michele Bachmann to win 2011 Ames Straw Poll,5,47.9,Aug/12/2011 20:08:43
746828,AMES.2011.BACHMANN,Michele Bachmann to win 2011 Ames Straw Poll,5,47.7,Aug/12/2011 20:12:39
746828,AMES.2011.BACHMANN,Michele Bachmann to win 2011 Ames Straw Poll,1,47.7,Aug/12/2011 20:19:42
746828,AMES.2011.BACHMANN,Michele Bachmann to win 2011 Ames Straw Poll,4,47.7,Aug/12/2011 20:19:42
746828,AMES.2011.BACHMANN,Michele Bachmann to win 2011 Ames Straw Poll,2,47.0,Aug/12/2011 21:02:16
746828,AMES.2011.BACHMANN,Michele Bachmann to win 2011 Ames Straw Poll,1,47.5,Aug/12/2011 21:05:33
746828,AMES.2011.BACHMANN,Michele Bachmann to win 2011 Ames Straw Poll,4,42.0,Aug/12/2011 21:23:26
746828,AMES.2011.BACHMANN,Michele Bachmann to win 2011 Ames Straw Poll,3,43.0,Aug/12/2011 21:23:26
746828,AMES.2011.BACHMANN,Michele Bachmann to win 2011 Ames Straw Poll,1,41.5,Aug/12/2011 21:36:40
746828,AMES.2011.BACHMANN,Michele Bachmann to win 2011 Ames Straw Poll,10,40.5,Aug/12/2011 21:38:51
746828,AMES.2011.BACHMANN,Michele Bachmann to win 2011 Ames Straw Poll,10,38.1,Aug/12/2011 21:48:18
746828,AMES.2011.BACHMANN,Michele Bachmann to win 2011 Ames Straw Poll,1,37.6,Aug/12/2011 21:48:46
746828,AMES.2011.BACHMANN,Michele Bachmann to win 2011 Ames Straw Poll,2,32.5,Aug/12/2011 22:22:42
746828,AMES.2011.BACHMANN,Michele Bachmann to win 2011 Ames Straw Poll,7,33.0,Aug/12/2011 22:51:34
746828,AMES.2011.BACHMANN,Michele Bachmann to win 2011 Ames Straw Poll,1,30.0,Aug/12/2011 22:51:40
746828,AMES.2011.BACHMANN,Michele Bachmann to win 2011 Ames Straw Poll,5,30.0,Aug/12/2011 22:51:40
746828,AMES.2011.BACHMANN,Michele Bachmann to win 2011 Ames Straw Poll,1,29.9,Aug/12/2011 23:14:22
746828,AMES.2011.BACHMANN,Michele Bachmann to win 2011 Ames Straw Poll,1,30.0,Aug/12/2011 23:27:58
746828,AMES.2011.BACHMANN,Michele Bachmann to win 2011 Ames Straw Poll,1,31.9,Aug/12/2011 23:28:56
746828,AMES.2011.BACHMANN,Michele Bachmann to win 2011 Ames Straw Poll,1,32.0,Aug/12/2011 23:29:05
746828,AMES.2011.BACHMANN,Michele Bachmann to win 2011 Ames Straw Poll,1,32.0,Aug/12/2011 23:42:06
746828,AMES.2011.BACHMANN,Michele Bachmann to win 2011 Ames Straw Poll,1,34.5,Aug/12/2011 23:44:08
746828,AMES.2011.BACHMANN,Michele Bachmann to win 2011 Ames Straw Poll,1,34.6,Aug/12/2011 23:44:08
746828,AMES.2011.BACHMANN,Michele Bachmann to win 2011 Ames Straw Poll,2,34.7,Aug/12/2011 23:44:08
746828,AMES.2011.BACHMANN,Michele Bachmann to win 2011 Ames Straw Poll,1,34.5,Aug/12/2011 23:44:08
746828,AMES.2011.BACHMANN,Michele Bachmann to win 2011 Ames Straw Poll,1,34.8,Aug/12/2011 23:44:39
746828,AMES.2011.BACHMANN,Michele Bachmann to win 2011 Ames Straw Poll,1,34.8,Aug/12/2011 23:44:39
746828,AMES.2011.BACHMANN,Michele Bachmann to win 2011 Ames Straw Poll,1,34.9,Aug/12/2011 23:44:39
746828,AMES.2011.BACHMANN,Michele Bachmann to win 2011 Ames Straw Poll,1,35.0,Aug/12/2011 23:44:39
746828,AMES.2011.BACHMANN,Michele Bachmann to win 2011 Ames Straw Poll,1,36.4,Aug/13/2011 00:20:43
746828,AMES.2011.BACHMANN,Michele Bachmann to win 2011 Ames Straw Poll,1,36.5,Aug/13/2011 00:20:43
746828,AMES.2011.BACHMANN,Michele Bachmann to win 2011 Ames Straw Poll,1,36.4,Aug/13/2011 00:20:43
746828,AMES.2011.BACHMANN,Michele Bachmann to win 2011 Ames Straw Poll,3,33.5,Aug/13/2011 00:26:01
746828,AMES.2011.BACHMANN,Michele Bachmann to win 2011 Ames Straw Poll,1,37.4,Aug/13/2011 00:26:40
746828,AMES.2011.BACHMANN,Michele Bachmann to win 2011 Ames Straw Poll,5,32.1,Aug/13/2011 00:48:05
746828,AMES.2011.BACHMANN,Michele Bachmann to win 2011 Ames Straw Poll,5,32.0,Aug/13/2011 00:48:16
746828,AMES.2011.BACHMANN,Michele Bachmann to win 2011 Ames Straw Poll,14,32.0,Aug/13/2011 00:48:20
746828,AMES.2011.BACHMANN,Michele Bachmann to win 2011 Ames Straw Poll,1,32.1,Aug/13/2011 00:56:11
746828,AMES.2011.BACHMANN,Michele Bachmann to win 2011 Ames Straw Poll,1,32.4,Aug/13/2011 00:56:11
746828,AMES.2011.BACHMANN,Michele Bachmann to win 2011 Ames Straw Poll,5,34.0,Aug/13/2011 00:56:11
746828,AMES.2011.BACHMANN,Michele Bachmann to win 2011 Ames Straw Poll,1,33.8,Aug/13/2011 00:56:11
746828,AMES.2011.BACHMANN,Michele Bachmann to win 2011 Ames Straw Poll,1,32.3,Aug/13/2011 00:56:11
746828,AMES.2011.BACHMANN,Michele Bachmann to win 2011 Ames Straw Poll,1,32.7,Aug/13/2011 00:56:11
746828,AMES.2011.BACHMANN,Michele Bachmann to win 2011 Ames Straw Poll,1,32.5,Aug/13/2011 00:56:11
746828,AMES.2011.BACHMANN,Michele Bachmann to win 2011 Ames Straw Poll,1,33.5,Aug/13/2011 00:56:11
746828,AMES.2011.BACHMANN,Michele Bachmann to win 2011 Ames Straw Poll,1,32.8,Aug/13/2011 00:56:11
746828,AMES.2011.BACHMANN,Michele Bachmann to win 2011 Ames Straw Poll,1,32.9,Aug/13/2011 00:56:11
746828,AMES.2011.BACHMANN,Michele Bachmann to win 2011 Ames Straw Poll,1,33.9,Aug/13/2011 00:56:11
746828,AMES.2011.BACHMANN,Michele Bachmann to win 2011 Ames Straw Poll,5,34.1,Aug/13/2011 00:56:42
746828,AMES.2011.BACHMANN,Michele Bachmann to win 2011 Ames Straw Poll,1,34.3,Aug/13/2011 00:57:15
746828,AMES.2011.BACHMANN,Michele Bachmann to win 2011 Ames Straw Poll,1,34.2,Aug/13/2011 00:57:15
746828,AMES.2011.BACHMANN,Michele Bachmann to win 2011 Ames Straw Poll,6,34.3,Aug/13/2011 00:57:24
746828,AMES.2011.BACHMANN,Michele Bachmann to win 2011 Ames Straw Poll,1,35.8,Aug/13/2011 01:01:03
746828,AMES.2011.BACHMANN,Michele Bachmann to win 2011 Ames Straw Poll,1,35.8,Aug/13/2011 01:01:03
746828,AMES.2011.BACHMANN,Michele Bachmann to win 2011 Ames Straw Poll,1,35.9,Aug/13/2011 01:01:13
746828,AMES.2011.BACHMANN,Michele Bachmann to win 2011 Ames Straw Poll,1,36.6,Aug/13/2011 01:05:24
746828,AMES.2011.BACHMANN,Michele Bachmann to win 2011 Ames Straw Poll,1,36.6,Aug/13/2011 01:05:24
746828,AMES.2011.BACHMANN,Michele Bachmann to win 2011 Ames Straw Poll,3,36.9,Aug/13/2011 01:21:25
746828,AMES.2011.BACHMANN,Michele Bachmann to win 2011 Ames Straw Poll,1,36.6,Aug/13/2011 01:21:25
746828,AMES.2011.BACHMANN,Michele Bachmann to win 2011 Ames Straw Poll,5,36.8,Aug/13/2011 01:21:25
746828,AMES.2011.BACHMANN,Michele Bachmann to win 2011 Ames Straw Poll,1,36.7,Aug/13/2011 01:21:25
746828,AMES.2011.BACHMANN,Michele Bachmann to win 2011 Ames Straw Poll,7,39.7,Aug/13/2011 01:21:44
746828,AMES.2011.BACHMANN,Michele Bachmann to win 2011 Ames Straw Poll,1,38.9,Aug/13/2011 01:21:44
746828,AMES.2011.BACHMANN,Michele Bachmann to win 2011 Ames Straw Poll,2,36.9,Aug/13/2011 01:21:44
746828,AMES.2011.BACHMANN,Michele Bachmann to win 2011 Ames Straw Poll,10,37.0,Aug/13/2011 01:21:44
746828,AMES.2011.BACHMANN,Michele Bachmann to win 2011 Ames Straw Poll,1,38.8,Aug/13/2011 01:21:44
746828,AMES.2011.BACHMANN,Michele Bachmann to win 2011 Ames Straw Poll,3,32.5,Aug/13/2011 01:30:58
746828,AMES.2011.BACHMANN,Michele Bachmann to win 2011 Ames Straw Poll,2,33.0,Aug/13/2011 01:30:58
746828,AMES.2011.BACHMANN,Michele Bachmann to win 2011 Ames Straw Poll,5,33.0,Aug/13/2011 01:30:58
746828,AMES.2011.BACHMANN,Michele Bachmann to win 2011 Ames Straw Poll,5,33.2,Aug/13/2011 01:30:58
746828,AMES.2011.BACHMANN,Michele Bachmann to win 2011 Ames Straw Poll,1,30.5,Aug/13/2011 01:37:05
746828,AMES.2011.BACHMANN,Michele Bachmann to win 2011 Ames Straw Poll,12,30.0,Aug/13/2011 01:37:05
746828,AMES.2011.BACHMANN,Michele Bachmann to win 2011 Ames Straw Poll,5,30.1,Aug/13/2011 01:37:05
746828,AMES.2011.BACHMANN,Michele Bachmann to win 2011 Ames Straw Poll,2,30.0,Aug/13/2011 02:09:44
746828,AMES.2011.BACHMANN,Michele Bachmann to win 2011 Ames Straw Poll,1,36.9,Aug/13/2011 02:30:24
746828,AMES.2011.BACHMANN,Michele Bachmann to win 2011 Ames Straw Poll,1,31.8,Aug/13/2011 03:02:51
746828,AMES.2011.BACHMANN,Michele Bachmann to win 2011 Ames Straw Poll,1,31.9,Aug/13/2011 03:05:10
746828,AMES.2011.BACHMANN,Michele Bachmann to win 2011 Ames Straw Poll,1,31.8,Aug/13/2011 03:42:46
746828,AMES.2011.BACHMANN,Michele Bachmann to win 2011 Ames Straw Poll,3,36.4,Aug/13/2011 03:42:46
746828,AMES.2011.BACHMANN,Michele Bachmann to win 2011 Ames Straw Poll,5,36.3,Aug/13/2011 03:42:46
746828,AMES.2011.BACHMANN,Michele Bachmann to win 2011 Ames Straw Poll,1,31.9,Aug/13/2011 03:42:46
746828,AMES.2011.BACHMANN,Michele Bachmann to win 2011 Ames Straw Poll,1,31.9,Aug/13/2011 03:59:16
746828,AMES.2011.BACHMANN,Michele Bachmann to win 2011 Ames Straw Poll,5,30.0,Aug/13/2011 04:02:39
746828,AMES.2011.BACHMANN,Michele Bachmann to win 2011 Ames Straw Poll,25,30.0,Aug/13/2011 04:15:04
746828,AMES.2011.BACHMANN,Michele Bachmann to win 2011 Ames Straw Poll,1,27.4,Aug/13/2011 04:15:14
746828,AMES.2011.BACHMANN,Michele Bachmann to win 2011 Ames Straw Poll,1,30.0,Aug/13/2011 04:16:15
746828,AMES.2011.BACHMANN,Michele Bachmann to win 2011 Ames Straw Poll,1,30.0,Aug/13/2011 04:17:21
746828,AMES.2011.BACHMANN,Michele Bachmann to win 2011 Ames Straw Poll,1,29.0,Aug/13/2011 04:18:40
746828,AMES.2011.BACHMANN,Michele Bachmann to win 2011 Ames Straw Poll,1,31.8,Aug/13/2011 04:21:38
746828,AMES.2011.BACHMANN,Michele Bachmann to win 2011 Ames Straw Poll,1,31.9,Aug/13/2011 04:22:08
746828,AMES.2011.BACHMANN,Michele Bachmann to win 2011 Ames Straw Poll,1,31.9,Aug/13/2011 04:22:44
746828,AMES.2011.BACHMANN,Michele Bachmann to win 2011 Ames Straw Poll,1,36.2,Aug/13/2011 04:22:44
746828,AMES.2011.BACHMANN,Michele Bachmann to win 2011 Ames Straw Poll,2,36.1,Aug/13/2011 04:22:44
746828,AMES.2011.BACHMANN,Michele Bachmann to win 2011 Ames Straw Poll,1,31.9,Aug/13/2011 04:24:29
746828,AMES.2011.BACHMANN,Michele Bachmann to win 2011 Ames Straw Poll,1,30.0,Aug/13/2011 04:27:57
746828,AMES.2011.BACHMANN,Michele Bachmann to win 2011 Ames Straw Poll,3,30.5,Aug/13/2011 04:30:41
746828,AMES.2011.BACHMANN,Michele Bachmann to win 2011 Ames Straw Poll,3,30.0,Aug/13/2011 04:37:53
746828,AMES.2011.BACHMANN,Michele Bachmann to win 2011 Ames Straw Poll,7,30.0,Aug/13/2011 04:38:14
746828,AMES.2011.BACHMANN,Michele Bachmann to win 2011 Ames Straw Poll,1,30.0,Aug/13/2011 04:52:13
746828,AMES.2011.BACHMANN,Michele Bachmann to win 2011 Ames Straw Poll,1,30.0,Aug/13/2011 04:58:16
746828,AMES.2011.BACHMANN,Michele Bachmann to win 2011 Ames Straw Poll,3,30.0,Aug/13/2011 05:20:50
746828,AMES.2011.BACHMANN,Michele Bachmann to win 2011 Ames Straw Poll,1,33.9,Aug/13/2011 06:57:11
746828,AMES.2011.BACHMANN,Michele Bachmann to win 2011 Ames Straw Poll,2,32.0,Aug/13/2011 12:30:08
746828,AMES.2011.BACHMANN,Michele Bachmann to win 2011 Ames Straw Poll,2,34.0,Aug/13/2011 12:54:09
746828,AMES.2011.BACHMANN,Michele Bachmann to win 2011 Ames Straw Poll,5,36.5,Aug/13/2011 12:54:44
746828,AMES.2011.BACHMANN,Michele Bachmann to win 2011 Ames Straw Poll,2,30.0,Aug/13/2011 13:02:06
746828,AMES.2011.BACHMANN,Michele Bachmann to win 2011 Ames Straw Poll,1,31.0,Aug/13/2011 13:55:12
746828,AMES.2011.BACHMANN,Michele Bachmann to win 2011 Ames Straw Poll,5,30.0,Aug/13/2011 13:59:32
746828,AMES.2011.BACHMANN,Michele Bachmann to win 2011 Ames Straw Poll,1,29.6,Aug/13/2011 14:05:26
746828,AMES.2011.BACHMANN,Michele Bachmann to win 2011 Ames Straw Poll,1,29.6,Aug/13/2011 14:07:07
746828,AMES.2011.BACHMANN,Michele Bachmann to win 2011 Ames Straw Poll,1,30.8,Aug/13/2011 14:39:35
746828,AMES.2011.BACHMANN,Michele Bachmann to win 2011 Ames Straw Poll,1,30.9,Aug/13/2011 14:39:35
746828,AMES.2011.BACHMANN,Michele Bachmann to win 2011 Ames Straw Poll,1,29.6,Aug/13/2011 14:40:00
746828,AMES.2011.BACHMANN,Michele Bachmann to win 2011 Ames Straw Poll,1,29.1,Aug/13/2011 14:45:41
746828,AMES.2011.BACHMANN,Michele Bachmann to win 2011 Ames Straw Poll,1,28.1,Aug/13/2011 14:45:59
746828,AMES.2011.BACHMANN,Michele Bachmann to win 2011 Ames Straw Poll,1,28.1,Aug/13/2011 14:46:54
746828,AMES.2011.BACHMANN,Michele Bachmann to win 2011 Ames Straw Poll,1,27.5,Aug/13/2011 14:47:41
746828,AMES.2011.BACHMANN,Michele Bachmann to win 2011 Ames Straw Poll,1,27.5,Aug/13/2011 14:48:01
746828,AMES.2011.BACHMANN,Michele Bachmann to win 2011 Ames Straw Poll,1,30.0,Aug/13/2011 14:48:25
746828,AMES.2011.BACHMANN,Michele Bachmann to win 2011 Ames Straw Poll,1,30.8,Aug/13/2011 14:48:41
746828,AMES.2011.BACHMANN,Michele Bachmann to win 2011 Ames Straw Poll,1,28.1,Aug/13/2011 14:49:01
746828,AMES.2011.BACHMANN,Michele Bachmann to win 2011 Ames Straw Poll,1,30.0,Aug/13/2011 14:56:57
746828,AMES.2011.BACHMANN,Michele Bachmann to win 2011 Ames Straw Poll,1,30.8,Aug/13/2011 15:02:32
746828,AMES.2011.BACHMANN,Michele Bachmann to win 2011 Ames Straw Poll,48,27.5,Aug/13/2011 15:31:11
746828,AMES.2011.BACHMANN,Michele Bachmann to win 2011 Ames Straw Poll,1,28.1,Aug/13/2011 15:31:11
746828,AMES.2011.BACHMANN,Michele Bachmann to win 2011 Ames Straw Poll,4,28.0,Aug/13/2011 15:31:11
746828,AMES.2011.BACHMANN,Michele Bachmann to win 2011 Ames Straw Poll,50,25.6,Aug/13/2011 15:36:40
746828,AMES.2011.BACHMANN,Michele Bachmann to win 2011 Ames Straw Poll,5,26.2,Aug/13/2011 15:47:17
746828,AMES.2011.BACHMANN,Michele Bachmann to win 2011 Ames Straw Poll,10,26.1,Aug/13/2011 15:47:17
746828,AMES.2011.BACHMANN,Michele Bachmann to win 2011 Ames Straw Poll,10,26.0,Aug/13/2011 15:47:17
746828,AMES.2011.BACHMANN,Michele Bachmann to win 2011 Ames Straw Poll,5,25.6,Aug/13/2011 15:47:17
746828,AMES.2011.BACHMANN,Michele Bachmann to win 2011 Ames Straw Poll,10,25.5,Aug/13/2011 15:47:17
746828,AMES.2011.BACHMANN,Michele Bachmann to win 2011 Ames Straw Poll,1,25.5,Aug/13/2011 15:48:15
746828,AMES.2011.BACHMANN,Michele Bachmann to win 2011 Ames Straw Poll,3,25.5,Aug/13/2011 15:48:28
746828,AMES.2011.BACHMANN,Michele Bachmann to win 2011 Ames Straw Poll,1,25.5,Aug/13/2011 15:52:26
746828,AMES.2011.BACHMANN,Michele Bachmann to win 2011 Ames Straw Poll,1,29.0,Aug/13/2011 16:06:22
746828,AMES.2011.BACHMANN,Michele Bachmann to win 2011 Ames Straw Poll,1,30.0,Aug/13/2011 16:06:22
746828,AMES.2011.BACHMANN,Michele Bachmann to win 2011 Ames Straw Poll,1,30.8,Aug/13/2011 16:06:22
746828,AMES.2011.BACHMANN,Michele Bachmann to win 2011 Ames Straw Poll,1,30.9,Aug/13/2011 16:06:22
746828,AMES.2011.BACHMANN,Michele Bachmann to win 2011 Ames Straw Poll,1,33.8,Aug/13/2011 16:06:41
746828,AMES.2011.BACHMANN,Michele Bachmann to win 2011 Ames Straw Poll,1,30.0,Aug/13/2011 16:09:23
746828,AMES.2011.BACHMANN,Michele Bachmann to win 2011 Ames Straw Poll,1,30.0,Aug/13/2011 16:09:49
746828,AMES.2011.BACHMANN,Michele Bachmann to win 2011 Ames Straw Poll,1,30.0,Aug/13/2011 16:16:58
746828,AMES.2011.BACHMANN,Michele Bachmann to win 2011 Ames Straw Poll,1,28.1,Aug/13/2011 16:17:33
746828,AMES.2011.BACHMANN,Michele Bachmann to win 2011 Ames Straw Poll,1,27.1,Aug/13/2011 16:18:06
746828,AMES.2011.BACHMANN,Michele Bachmann to win 2011 Ames Straw Poll,1,30.0,Aug/13/2011 16:20:25
746828,AMES.2011.BACHMANN,Michele Bachmann to win 2011 Ames Straw Poll,1,30.0,Aug/13/2011 16:20:59
746828,AMES.2011.BACHMANN,Michele Bachmann to win 2011 Ames Straw Poll,1,30.0,Aug/13/2011 16:25:02
746828,AMES.2011.BACHMANN,Michele Bachmann to win 2011 Ames Straw Poll,1,30.0,Aug/13/2011 16:26:59
746828,AMES.2011.BACHMANN,Michele Bachmann to win 2011 Ames Straw Poll,1,30.8,Aug/13/2011 16:28:27
746828,AMES.2011.BACHMANN,Michele Bachmann to win 2011 Ames Straw Poll,1,30.9,Aug/13/2011 16:36:39
746828,AMES.2011.BACHMANN,Michele Bachmann to win 2011 Ames Straw Poll,1,29.6,Aug/13/2011 16:41:35
746828,AMES.2011.BACHMANN,Michele Bachmann to win 2011 Ames Straw Poll,1,29.1,Aug/13/2011 16:42:55
746828,AMES.2011.BACHMANN,Michele Bachmann to win 2011 Ames Straw Poll,1,29.1,Aug/13/2011 16:44:05
746828,AMES.2011.BACHMANN,Michele Bachmann to win 2011 Ames Straw Poll,1,30.9,Aug/13/2011 16:46:30
746828,AMES.2011.BACHMANN,Michele Bachmann to win 2011 Ames Straw Poll,1,29.1,Aug/13/2011 16:50:59
746828,AMES.2011.BACHMANN,Michele Bachmann to win 2011 Ames Straw Poll,1,30.8,Aug/13/2011 17:17:36
746828,AMES.2011.BACHMANN,Michele Bachmann to win 2011 Ames Straw Poll,1,30.9,Aug/13/2011 17:18:02
746828,AMES.2011.BACHMANN,Michele Bachmann to win 2011 Ames Straw Poll,1,30.8,Aug/13/2011 17:24:45
746828,AMES.2011.BACHMANN,Michele Bachmann to win 2011 Ames Straw Poll,1,30.9,Aug/13/2011 17:26:11
746828,AMES.2011.BACHMANN,Michele Bachmann to win 2011 Ames Straw Poll,1,31.1,Aug/13/2011 17:27:56
746828,AMES.2011.BACHMANN,Michele Bachmann to win 2011 Ames Straw Poll,1,32.2,Aug/13/2011 17:32:23
746828,AMES.2011.BACHMANN,Michele Bachmann to win 2011 Ames Straw Poll,1,30.8,Aug/13/2011 17:46:52
746828,AMES.2011.BACHMANN,Michele Bachmann to win 2011 Ames Straw Poll,1,30.0,Aug/13/2011 17:47:00
746828,AMES.2011.BACHMANN,Michele Bachmann to win 2011 Ames Straw Poll,1,30.9,Aug/13/2011 17:47:06
746828,AMES.2011.BACHMANN,Michele Bachmann to win 2011 Ames Straw Poll,1,30.7,Aug/13/2011 17:49:23
746828,AMES.2011.BACHMANN,Michele Bachmann to win 2011 Ames Straw Poll,1,30.8,Aug/13/2011 17:49:37
746828,AMES.2011.BACHMANN,Michele Bachmann to win 2011 Ames Straw Poll,1,30.9,Aug/13/2011 17:49:49
746828,AMES.2011.BACHMANN,Michele Bachmann to win 2011 Ames Straw Poll,1,30.9,Aug/13/2011 17:50:58
746828,AMES.2011.BACHMANN,Michele Bachmann to win 2011 Ames Straw Poll,1,32.9,Aug/13/2011 18:01:33
746828,AMES.2011.BACHMANN,Michele Bachmann to win 2011 Ames Straw Poll,1,33.0,Aug/13/2011 18:02:41
746828,AMES.2011.BACHMANN,Michele Bachmann to win 2011 Ames Straw Poll,9,33.8,Aug/13/2011 18:02:41
746828,AMES.2011.BACHMANN,Michele Bachmann to win 2011 Ames Straw Poll,1,33.7,Aug/13/2011 18:02:41
746828,AMES.2011.BACHMANN,Michele Bachmann to win 2011 Ames Straw Poll,1,34.0,Aug/13/2011 18:05:09
746828,AMES.2011.BACHMANN,Michele Bachmann to win 2011 Ames Straw Poll,1,33.9,Aug/13/2011 18:05:09
746828,AMES.2011.BACHMANN,Michele Bachmann to win 2011 Ames Straw Poll,2,34.0,Aug/13/2011 18:06:39
746828,AMES.2011.BACHMANN,Michele Bachmann to win 2011 Ames Straw Poll,1,34.0,Aug/13/2011 18:14:21
746828,AMES.2011.BACHMANN,Michele Bachmann to win 2011 Ames Straw Poll,1,34.1,Aug/13/2011 18:14:21
746828,AMES.2011.BACHMANN,Michele Bachmann to win 2011 Ames Straw Poll,1,34.2,Aug/13/2011 18:14:21
746828,AMES.2011.BACHMANN,Michele Bachmann to win 2011 Ames Straw Poll,1,34.3,Aug/13/2011 18:17:17
746828,AMES.2011.BACHMANN,Michele Bachmann to win 2011 Ames Straw Poll,9,34.3,Aug/13/2011 18:17:17
746828,AMES.2011.BACHMANN,Michele Bachmann to win 2011 Ames Straw Poll,1,33.0,Aug/13/2011 18:22:23
746828,AMES.2011.BACHMANN,Michele Bachmann to win 2011 Ames Straw Poll,1,33.1,Aug/13/2011 18:22:48
746828,AMES.2011.BACHMANN,Michele Bachmann to win 2011 Ames Straw Poll,1,33.9,Aug/13/2011 18:24:10
746828,AMES.2011.BACHMANN,Michele Bachmann to win 2011 Ames Straw Poll,1,34.0,Aug/13/2011 18:24:10
746828,AMES.2011.BACHMANN,Michele Bachmann to win 2011 Ames Straw Poll,5,34.4,Aug/13/2011 18:24:10
746828,AMES.2011.BACHMANN,Michele Bachmann to win 2011 Ames Straw Poll,3,34.5,Aug/13/2011 18:24:10
746828,AMES.2011.BACHMANN,Michele Bachmann to win 2011 Ames Straw Poll,2,34.4,Aug/13/2011 18:24:10
746828,AMES.2011.BACHMANN,Michele Bachmann to win 2011 Ames Straw Poll,10,36.9,Aug/13/2011 18:25:46
746828,AMES.2011.BACHMANN,Michele Bachmann to win 2011 Ames Straw Poll,10,36.8,Aug/13/2011 18:25:46
746828,AMES.2011.BACHMANN,Michele Bachmann to win 2011 Ames Straw Poll,1,38.0,Aug/13/2011 18:25:46
746828,AMES.2011.BACHMANN,Michele Bachmann to win 2011 Ames Straw Poll,10,39.9,Aug/13/2011 18:25:46
746828,AMES.2011.BACHMANN,Michele Bachmann to win 2011 Ames Straw Poll,10,39.8,Aug/13/2011 18:25:46
746828,AMES.2011.BACHMANN,Michele Bachmann to win 2011 Ames Straw Poll,1,39.9,Aug/13/2011 18:31:56
746828,AMES.2011.BACHMANN,Michele Bachmann to win 2011 Ames Straw Poll,10,44.7,Aug/13/2011 18:32:40
746828,AMES.2011.BACHMANN,Michele Bachmann to win 2011 Ames Straw Poll,1,49.7,Aug/13/2011 18:32:40
746828,AMES.2011.BACHMANN,Michele Bachmann to win 2011 Ames Straw Poll,1,40.0,Aug/13/2011 18:32:40
746828,AMES.2011.BACHMANN,Michele Bachmann to win 2011 Ames Straw Poll,1,42.0,Aug/13/2011 18:32:40
746828,AMES.2011.BACHMANN,Michele Bachmann to win 2011 Ames Straw Poll,1,44.0,Aug/13/2011 18:32:40
746828,AMES.2011.BACHMANN,Michele Bachmann to win 2011 Ames Straw Poll,9,49.7,Aug/13/2011 18:33:51
746828,AMES.2011.BACHMANN,Michele Bachmann to win 2011 Ames Straw Poll,2,50.0,Aug/13/2011 18:36:16
746828,AMES.2011.BACHMANN,Michele Bachmann to win 2011 Ames Straw Poll,1,49.7,Aug/13/2011 18:38:03
746828,AMES.2011.BACHMANN,Michele Bachmann to win 2011 Ames Straw Poll,5,42.2,Aug/13/2011 18:55:18
746828,AMES.2011.BACHMANN,Michele Bachmann to win 2011 Ames Straw Poll,1,42.0,Aug/13/2011 19:03:38
746828,AMES.2011.BACHMANN,Michele Bachmann to win 2011 Ames Straw Poll,1,51.9,Aug/13/2011 19:03:41
746828,AMES.2011.BACHMANN,Michele Bachmann to win 2011 Ames Straw Poll,10,49.8,Aug/13/2011 19:10:36
746828,AMES.2011.BACHMANN,Michele Bachmann to win 2011 Ames Straw Poll,2,49.4,Aug/13/2011 19:12:25
746828,AMES.2011.BACHMANN,Michele Bachmann to win 2011 Ames Straw Poll,1,44.0,Aug/13/2011 19:17:26
746828,AMES.2011.BACHMANN,Michele Bachmann to win 2011 Ames Straw Poll,1,44.0,Aug/13/2011 19:21:04
746828,AMES.2011.BACHMANN,Michele Bachmann to win 2011 Ames Straw Poll,1,43.9,Aug/13/2011 19:21:04
746828,AMES.2011.BACHMANN,Michele Bachmann to win 2011 Ames Straw Poll,7,43.0,Aug/13/2011 19:29:41
746828,AMES.2011.BACHMANN,Michele Bachmann to win 2011 Ames Straw Poll,3,40.0,Aug/13/2011 19:38:51
746828,AMES.2011.BACHMANN,Michele Bachmann to win 2011 Ames Straw Poll,2,43.0,Aug/13/2011 19:49:40
746828,AMES.2011.BACHMANN,Michele Bachmann to win 2011 Ames Straw Poll,2,43.0,Aug/13/2011 19:49:54
746828,AMES.2011.BACHMANN,Michele Bachmann to win 2011 Ames Straw Poll,1,44.4,Aug/13/2011 19:50:15
746828,AMES.2011.BACHMANN,Michele Bachmann to win 2011 Ames Straw Poll,2,44.2,Aug/13/2011 19:56:05
746828,AMES.2011.BACHMANN,Michele Bachmann to win 2011 Ames Straw Poll,5,44.5,Aug/13/2011 19:56:05
746828,AMES.2011.BACHMANN,Michele Bachmann to win 2011 Ames Straw Poll,4,44.4,Aug/13/2011 19:56:05
746828,AMES.2011.BACHMANN,Michele Bachmann to win 2011 Ames Straw Poll,10,44.4,Aug/13/2011 19:56:05
746828,AMES.2011.BACHMANN,Michele Bachmann to win 2011 Ames Straw Poll,2,44.3,Aug/13/2011 19:56:05
746828,AMES.2011.BACHMANN,Michele Bachmann to win 2011 Ames Straw Poll,2,44.5,Aug/13/2011 19:56:07
746828,AMES.2011.BACHMANN,Michele Bachmann to win 2011 Ames Straw Poll,10,41.0,Aug/13/2011 19:56:07
746828,AMES.2011.BACHMANN,Michele Bachmann to win 2011 Ames Straw Poll,8,41.0,Aug/13/2011 19:56:07
746828,AMES.2011.BACHMANN,Michele Bachmann to win 2011 Ames Straw Poll,2,44.9,Aug/13/2011 20:02:14
746828,AMES.2011.BACHMANN,Michele Bachmann to win 2011 Ames Straw Poll,2,45.0,Aug/13/2011 20:02:29
746828,AMES.2011.BACHMANN,Michele Bachmann to win 2011 Ames Straw Poll,2,45.9,Aug/13/2011 20:03:45
746828,AMES.2011.BACHMANN,Michele Bachmann to win 2011 Ames Straw Poll,2,46.0,Aug/13/2011 20:06:35
746828,AMES.2011.BACHMANN,Michele Bachmann to win 2011 Ames Straw Poll,1,46.9,Aug/13/2011 20:11:47
746828,AMES.2011.BACHMANN,Michele Bachmann to win 2011 Ames Straw Poll,2,46.9,Aug/13/2011 20:11:47
746828,AMES.2011.BACHMANN,Michele Bachmann to win 2011 Ames Straw Poll,3,46.9,Aug/13/2011 20:12:32
746828,AMES.2011.BACHMANN,Michele Bachmann to win 2011 Ames Straw Poll,1,46.9,Aug/13/2011 20:15:24
746828,AMES.2011.BACHMANN,Michele Bachmann to win 2011 Ames Straw Poll,2,47.9,Aug/13/2011 20:15:24
746828,AMES.2011.BACHMANN,Michele Bachmann to win 2011 Ames Straw Poll,2,48.0,Aug/13/2011 20:15:24
746828,AMES.2011.BACHMANN,Michele Bachmann to win 2011 Ames Straw Poll,2,47.0,Aug/13/2011 20:15:24
746828,AMES.2011.BACHMANN,Michele Bachmann to win 2011 Ames Straw Poll,10,48.7,Aug/13/2011 20:15:24
746828,AMES.2011.BACHMANN,Michele Bachmann to win 2011 Ames Straw Poll,10,48.8,Aug/13/2011 20:15:24
746828,AMES.2011.BACHMANN,Michele Bachmann to win 2011 Ames Straw Poll,10,49.7,Aug/13/2011 20:15:24
746828,AMES.2011.BACHMANN,Michele Bachmann to win 2011 Ames Straw Poll,10,49.9,Aug/13/2011 20:15:24
746828,AMES.2011.BACHMANN,Michele Bachmann to win 2011 Ames Straw Poll,5,54.5,Aug/13/2011 20:17:59
746828,AMES.2011.BACHMANN,Michele Bachmann to win 2011 Ames Straw Poll,5,54.4,Aug/13/2011 20:17:59
746828,AMES.2011.BACHMANN,Michele Bachmann to win 2011 Ames Straw Poll,1,60.8,Aug/13/2011 20:18:26
746828,AMES.2011.BACHMANN,Michele Bachmann to win 2011 Ames Straw Poll,19,60.8,Aug/13/2011 20:18:27
746828,AMES.2011.BACHMANN,Michele Bachmann to win 2011 Ames Straw Poll,1,59.9,Aug/13/2011 20:21:32
746828,AMES.2011.BACHMANN,Michele Bachmann to win 2011 Ames Straw Poll,10,60.0,Aug/13/2011 20:22:36
746828,AMES.2011.BACHMANN,Michele Bachmann to win 2011 Ames Straw Poll,9,59.9,Aug/13/2011 20:22:36
746828,AMES.2011.BACHMANN,Michele Bachmann to win 2011 Ames Straw Poll,1,60.9,Aug/13/2011 20:23:07
746828,AMES.2011.BACHMANN,Michele Bachmann to win 2011 Ames Straw Poll,1,74.9,Aug/13/2011 20:39:12
746828,AMES.2011.BACHMANN,Michele Bachmann to win 2011 Ames Straw Poll,10,79.0,Aug/13/2011 20:41:23
746828,AMES.2011.BACHMANN,Michele Bachmann to win 2011 Ames Straw Poll,5,78.9,Aug/13/2011 20:43:28
746828,AMES.2011.BACHMANN,Michele Bachmann to win 2011 Ames Straw Poll,5,78.9,Aug/13/2011 20:43:57
746828,AMES.2011.BACHMANN,Michele Bachmann to win 2011 Ames Straw Poll,3,79.1,Aug/13/2011 20:45:59
746828,AMES.2011.BACHMANN,Michele Bachmann to win 2011 Ames Straw Poll,1,76.9,Aug/13/2011 20:49:51
746828,AMES.2011.BACHMANN,Michele Bachmann to win 2011 Ames Straw Poll,1,76.0,Aug/13/2011 20:50:38
746828,AMES.2011.BACHMANN,Michele Bachmann to win 2011 Ames Straw Poll,2,76.0,Aug/13/2011 20:51:16
746828,AMES.2011.BACHMANN,Michele Bachmann to win 2011 Ames Straw Poll,1,76.0,Aug/13/2011 20:54:22
746828,AMES.2011.BACHMANN,Michele Bachmann to win 2011 Ames Straw Poll,1,76.0,Aug/13/2011 20:59:30
746828,AMES.2011.BACHMANN,Michele Bachmann to win 2011 Ames Straw Poll,5,74.9,Aug/13/2011 21:11:45
746828,AMES.2011.BACHMANN,Michele Bachmann to win 2011 Ames Straw Poll,3,80.0,Aug/13/2011 21:12:14
746828,AMES.2011.BACHMANN,Michele Bachmann to win 2011 Ames Straw Poll,5,79.4,Aug/13/2011 21:26:10
746828,AMES.2011.BACHMANN,Michele Bachmann to win 2011 Ames Straw Poll,2,79.5,Aug/13/2011 21:26:28
746828,AMES.2011.BACHMANN,Michele Bachmann to win 2011 Ames Straw Poll,5,79.4,Aug/13/2011 21:30:51
746828,AMES.2011.BACHMANN,Michele Bachmann to win 2011 Ames Straw Poll,2,79.3,Aug/13/2011 21:34:50
746828,AMES.2011.BACHMANN,Michele Bachmann to win 2011 Ames Straw Poll,4,79.4,Aug/13/2011 21:35:18
746828,AMES.2011.BACHMANN,Michele Bachmann to win 2011 Ames Straw Poll,4,79.4,Aug/13/2011 21:38:13
746828,AMES.2011.BACHMANN,Michele Bachmann to win 2011 Ames Straw Poll,2,79.4,Aug/13/2011 21:38:13
746828,AMES.2011.BACHMANN,Michele Bachmann to win 2011 Ames Straw Poll,18,79.5,Aug/13/2011 21:38:26
746828,AMES.2011.BACHMANN,Michele Bachmann to win 2011 Ames Straw Poll,4,79.4,Aug/13/2011 21:38:26
746828,AMES.2011.BACHMANN,Michele Bachmann to win 2011 Ames Straw Poll,4,80.0,Aug/13/2011 21:39:06
746828,AMES.2011.BACHMANN,Michele Bachmann to win 2011 Ames Straw Poll,1,80.0,Aug/13/2011 21:39:06
746828,AMES.2011.BACHMANN,Michele Bachmann to win 2011 Ames Straw Poll,2,85.5,Aug/13/2011 21:49:22
746828,AMES.2011.BACHMANN,Michele Bachmann to win 2011 Ames Straw Poll,3,89.9,Aug/13/2011 21:52:01
746828,AMES.2011.BACHMANN,Michele Bachmann to win 2011 Ames Straw Poll,10,88.9,Aug/13/2011 22:10:39
746828,AMES.2011.BACHMANN,Michele Bachmann to win 2011 Ames Straw Poll,10,88.9,Aug/13/2011 22:10:44
746828,AMES.2011.BACHMANN,Michele Bachmann to win 2011 Ames Straw Poll,3,88.0,Aug/13/2011 22:12:15
746828,AMES.2011.BACHMANN,Michele Bachmann to win 2011 Ames Straw Poll,1,90.0,Aug/13/2011 22:18:26
746828,AMES.2011.BACHMANN,Michele Bachmann to win 2011 Ames Straw Poll,1,94.0,Aug/13/2011 22:21:35
746828,AMES.2011.BACHMANN,Michele Bachmann to win 2011 Ames Straw Poll,6,93.0,Aug/13/2011 22:22:28
746828,AMES.2011.BACHMANN,Michele Bachmann to win 2011 Ames Straw Poll,10,85.1,Aug/13/2011 22:26:42
746828,AMES.2011.BACHMANN,Michele Bachmann to win 2011 Ames Straw Poll,9,85.1,Aug/13/2011 22:27:33
746828,AMES.2011.BACHMANN,Michele Bachmann to win 2011 Ames Straw Poll,10,89.5,Aug/13/2011 22:29:04
746828,AMES.2011.BACHMANN,Michele Bachmann to win 2011 Ames Straw Poll,10,89.5,Aug/13/2011 22:29:13
746828,AMES.2011.BACHMANN,Michele Bachmann to win 2011 Ames Straw Poll,1,89.5,Aug/13/2011 22:29:19
746828,AMES.2011.BACHMANN,Michele Bachmann to win 2011 Ames Straw Poll,2,92.5,Aug/13/2011 22:41:19
746828,AMES.2011.BACHMANN,Michele Bachmann to win 2011 Ames Straw Poll,8,92.5,Aug/13/2011 22:41:50
746828,AMES.2011.BACHMANN,Michele Bachmann to win 2011 Ames Straw Poll,1,95.5,Aug/13/2011 22:41:55
746828,AMES.2011.BACHMANN,Michele Bachmann to win 2011 Ames Straw Poll,2,96.5,Aug/13/2011 22:42:00
746828,AMES.2011.BACHMANN,Michele Bachmann to win 2011 Ames Straw Poll,2,97.5,Aug/13/2011 22:42:05
746828,AMES.2011.BACHMANN,Michele Bachmann to win 2011 Ames Straw Poll,2,98.5,Aug/13/2011 22:42:15
746828,AMES.2011.BACHMANN,Michele Bachmann to win 2011 Ames Straw Poll,8,98.5,Aug/13/2011 22:42:17
746828,AMES.2011.BACHMANN,Michele Bachmann to win 2011 Ames Straw Poll,10,99.5,Aug/13/2011 22:42:34
746828,AMES.2011.BACHMANN,Michele Bachmann to win 2011 Ames Straw Poll,1,99.5,Aug/13/2011 22:42:43
746828,AMES.2011.BACHMANN,Michele Bachmann to win 2011 Ames Straw Poll,1,99.5,Aug/13/2011 22:42:44
746828,AMES.2011.BACHMANN,Michele Bachmann to win 2011 Ames Straw Poll,1,99.9,Aug/13/2011 22:43:01
746828,AMES.2011.BACHMANN,Michele Bachmann to win 2011 Ames Straw Poll,10,99.9,Aug/13/2011 22:43:01
746828,AMES.2011.BACHMANN,Michele Bachmann to win 2011 Ames Straw Poll,8,99.5,Aug/13/2011 22:43:01
746828,AMES.2011.BACHMANN,Michele Bachmann to win 2011 Ames Straw Poll,5,99.8,Aug/13/2011 22:43:01
746828,AMES.2011.BACHMANN,Michele Bachmann to win 2011 Ames Straw Poll,2,99.9,Aug/13/2011 22:43:02
746828,AMES.2011.BACHMANN,Michele Bachmann to win 2011 Ames Straw Poll,8,99.9,Aug/13/2011 22:44:42
746828,AMES.2011.BACHMANN,Michele Bachmann to win 2011 Ames Straw Poll,1,99.9,Aug/13/2011 22:44:55
746828,AMES.2011.BACHMANN,Michele Bachmann to win 2011 Ames Straw Poll,1,99.9,Aug/13/2011 22:45:43
746828,AMES.2011.BACHMANN,Michele Bachmann to win 2011 Ames Straw Poll,5,99.9,Aug/13/2011 22:45:55
746828,AMES.2011.BACHMANN,Michele Bachmann to win 2011 Ames Straw Poll,35,99.9,Aug/13/2011 23:10:47
746828,AMES.2011.BACHMANN,Michele Bachmann to win 2011 Ames Straw Poll,87,99.9,Aug/13/2011 23:25:22
746828,AMES.2011.BACHMANN,Michele Bachmann to win 2011 Ames Straw Poll,8,99.9,Aug/13/2011 23:25:22
746828,AMES.2011.BACHMANN,Michele Bachmann to win 2011 Ames Straw Poll,15,99.9,Aug/13/2011 23:25:22
746828,AMES.2011.BACHMANN,Michele Bachmann to win 2011 Ames Straw Poll,4,99.9,Aug/13/2011 23:38:02
746828,AMES.2011.BACHMANN,Michele Bachmann to win 2011 Ames Straw Poll,3,99.9,Aug/13/2011 23:44:43
746828,AMES.2011.BACHMANN,Michele Bachmann to win 2011 Ames Straw Poll,6,99.9,Aug/13/2011 23:50:29
746828,AMES.2011.BACHMANN,Michele Bachmann to win 2011 Ames Straw Poll,2,99.0,Aug/13/2011 23:56:59
746828,AMES.2011.BACHMANN,Michele Bachmann to win 2011 Ames Straw Poll,4,99.9,Aug/14/2011 00:09:25
746828,AMES.2011.BACHMANN,Michele Bachmann to win 2011 Ames Straw Poll,20,99.9,Aug/14/2011 01:53:48
746828,AMES.2011.BACHMANN,Michele Bachmann to win 2011 Ames Straw Poll,26,99.9,Aug/14/2011 03:13:11
746828,AMES.2011.BACHMANN,Michele Bachmann to win 2011 Ames Straw Poll,10,99.5,Aug/14/2011 03:54:39
746828,AMES.2011.BACHMANN,Michele Bachmann to win 2011 Ames Straw Poll,3,99.4,Aug/14/2011 04:57:37
746828,AMES.2011.BACHMANN,Michele Bachmann to win 2011 Ames Straw Poll,1,99.6,Aug/14/2011 10:13:40
746828,AMES.2011.BACHMANN,Michele Bachmann to win 2011 Ames Straw Poll,4,99.6,Aug/14/2011 11:46:24
746828,AMES.2011.BACHMANN,Michele Bachmann to win 2011 Ames Straw Poll,1,99.5,Aug/14/2011 11:47:00
746828,AMES.2011.BACHMANN,Michele Bachmann to win 2011 Ames Straw Poll,2,99.5,Aug/14/2011 12:54:01
746828,AMES.2011.BACHMANN,Michele Bachmann to win 2011 Ames Straw Poll,14,99.9,Aug/14/2011 13:46:47
746828,AMES.2011.BACHMANN,Michele Bachmann to win 2011 Ames Straw Poll,10,99.9,Aug/14/2011 14:03:17
746828,AMES.2011.BACHMANN,Michele Bachmann to win 2011 Ames Straw Poll,2,99.6,Aug/14/2011 15:57:22
746828,AMES.2011.BACHMANN,Michele Bachmann to win 2011 Ames Straw Poll,1,99.8,Aug/14/2011 16:19:59
746828,AMES.2011.BACHMANN,Michele Bachmann to win 2011 Ames Straw Poll,1,99.8,Aug/14/2011 16:47:20
746828,AMES.2011.BACHMANN,Michele Bachmann to win 2011 Ames Straw Poll,30,99.9,Aug/14/2011 19:21:28
746828,AMES.2011.BACHMANN,Michele Bachmann to win 2011 Ames Straw Poll,15,99.8,Aug/14/2011 19:32:37
746828,AMES.2011.BACHMANN,Michele Bachmann to win 2011 Ames Straw Poll,1,99.8,Aug/14/2011 20:16:09
746828,AMES.2011.BACHMANN,Michele Bachmann to win 2011 Ames Straw Poll,1,99.8,Aug/14/2011 21:51:22
746828,AMES.2011.BACHMANN,Michele Bachmann to win 2011 Ames Straw Poll,9,99.9,Aug/14/2011 22:17:49
746828,AMES.2011.BACHMANN,Michele Bachmann to win 2011 Ames Straw Poll,8,99.8,Aug/14/2011 22:45:01
746828,AMES.2011.BACHMANN,Michele Bachmann to win 2011 Ames Straw Poll,7,99.9,Aug/15/2011 01:07:40
746828,AMES.2011.BACHMANN,Michele Bachmann to win 2011 Ames Straw Poll,20,99.8,Aug/15/2011 04:03:51
746828,AMES.2011.BACHMANN,Michele Bachmann to win 2011 Ames Straw Poll,10,99.9,Aug/15/2011 04:03:56
746828,AMES.2011.BACHMANN,Michele Bachmann to win 2011 Ames Straw Poll,3,99.9,Aug/15/2011 04:57:04
746828,AMES.2011.BACHMANN,Michele Bachmann to win 2011 Ames Straw Poll,4,99.8,Aug/15/2011 05:20:56
746828,AMES.2011.BACHMANN,Michele Bachmann to win 2011 Ames Straw Poll,1,99.9,Aug/15/2011 10:55:51
746828,AMES.2011.BACHMANN,Michele Bachmann to win 2011 Ames Straw Poll,6,99.9,Aug/15/2011 12:53:01
746828,AMES.2011.BACHMANN,Michele Bachmann to win 2011 Ames Straw Poll,1,99.9,Aug/15/2011 12:53:19
