market id,market symbol,market name,trade quantity,trade price,date/time [utc]
228406,ZARQAWI.CAPTURE.MAY,Abu Musab al-Zarqawi to be captured/neutralised by 31 May 2005,1,4.5,Apr/09/2005 09:29:31
228406,ZARQAWI.CAPTURE.MAY,Abu Musab al-Zarqawi to be captured/neutralised by 31 May 2005,1,4.5,Apr/09/2005 09:32:34
228406,ZARQAWI.CAPTURE.MAY,Abu Musab al-Zarqawi to be captured/neutralised by 31 May 2005,1,4.5,Apr/09/2005 09:37:38
228406,ZARQAWI.CAPTURE.MAY,Abu Musab al-Zarqawi to be captured/neutralised by 31 May 2005,1,4.5,Apr/09/2005 09:42:41
228406,ZARQAWI.CAPTURE.MAY,Abu Musab al-Zarqawi to be captured/neutralised by 31 May 2005,1,4.5,Apr/09/2005 09:47:43
228406,ZARQAWI.CAPTURE.MAY,Abu Musab al-Zarqawi to be captured/neutralised by 31 May 2005,1,6.5,Apr/10/2005 23:44:04
228406,ZARQAWI.CAPTURE.MAY,Abu Musab al-Zarqawi to be captured/neutralised by 31 May 2005,1,7.5,Apr/11/2005 17:14:20
228406,ZARQAWI.CAPTURE.MAY,Abu Musab al-Zarqawi to be captured/neutralised by 31 May 2005,1,8.5,Apr/11/2005 17:37:57
228406,ZARQAWI.CAPTURE.MAY,Abu Musab al-Zarqawi to be captured/neutralised by 31 May 2005,1,8.2,Apr/13/2005 05:07:51
228406,ZARQAWI.CAPTURE.MAY,Abu Musab al-Zarqawi to be captured/neutralised by 31 May 2005,28,9.9,Apr/13/2005 05:07:51
228406,ZARQAWI.CAPTURE.MAY,Abu Musab al-Zarqawi to be captured/neutralised by 31 May 2005,1,9.9,Apr/13/2005 05:07:51
228406,ZARQAWI.CAPTURE.MAY,Abu Musab al-Zarqawi to be captured/neutralised by 31 May 2005,7,8.0,Apr/14/2005 18:42:23
228406,ZARQAWI.CAPTURE.MAY,Abu Musab al-Zarqawi to be captured/neutralised by 31 May 2005,28,8.1,Apr/14/2005 20:06:49
228406,ZARQAWI.CAPTURE.MAY,Abu Musab al-Zarqawi to be captured/neutralised by 31 May 2005,3,8.5,Apr/14/2005 20:07:40
228406,ZARQAWI.CAPTURE.MAY,Abu Musab al-Zarqawi to be captured/neutralised by 31 May 2005,2,7.3,Apr/15/2005 13:01:13
228406,ZARQAWI.CAPTURE.MAY,Abu Musab al-Zarqawi to be captured/neutralised by 31 May 2005,21,8.0,Apr/15/2005 23:00:47
228406,ZARQAWI.CAPTURE.MAY,Abu Musab al-Zarqawi to be captured/neutralised by 31 May 2005,2,8.0,Apr/15/2005 23:00:47
228406,ZARQAWI.CAPTURE.MAY,Abu Musab al-Zarqawi to be captured/neutralised by 31 May 2005,4,8.2,Apr/19/2005 19:35:29
228406,ZARQAWI.CAPTURE.MAY,Abu Musab al-Zarqawi to be captured/neutralised by 31 May 2005,5,7.8,Apr/20/2005 07:22:10
228406,ZARQAWI.CAPTURE.MAY,Abu Musab al-Zarqawi to be captured/neutralised by 31 May 2005,3,9.6,Apr/20/2005 19:48:06
228406,ZARQAWI.CAPTURE.MAY,Abu Musab al-Zarqawi to be captured/neutralised by 31 May 2005,4,9.9,Apr/20/2005 19:48:06
228406,ZARQAWI.CAPTURE.MAY,Abu Musab al-Zarqawi to be captured/neutralised by 31 May 2005,3,10.0,Apr/20/2005 19:48:06
228406,ZARQAWI.CAPTURE.MAY,Abu Musab al-Zarqawi to be captured/neutralised by 31 May 2005,3,7.1,Apr/22/2005 16:10:32
228406,ZARQAWI.CAPTURE.MAY,Abu Musab al-Zarqawi to be captured/neutralised by 31 May 2005,10,6.8,Apr/23/2005 04:10:47
228406,ZARQAWI.CAPTURE.MAY,Abu Musab al-Zarqawi to be captured/neutralised by 31 May 2005,3,6.6,Apr/24/2005 15:00:51
228406,ZARQAWI.CAPTURE.MAY,Abu Musab al-Zarqawi to be captured/neutralised by 31 May 2005,3,6.1,Apr/24/2005 15:04:25
228406,ZARQAWI.CAPTURE.MAY,Abu Musab al-Zarqawi to be captured/neutralised by 31 May 2005,3,7.0,Apr/26/2005 00:01:26
228406,ZARQAWI.CAPTURE.MAY,Abu Musab al-Zarqawi to be captured/neutralised by 31 May 2005,3,7.0,Apr/26/2005 00:01:26
228406,ZARQAWI.CAPTURE.MAY,Abu Musab al-Zarqawi to be captured/neutralised by 31 May 2005,10,7.4,Apr/26/2005 00:03:19
228406,ZARQAWI.CAPTURE.MAY,Abu Musab al-Zarqawi to be captured/neutralised by 31 May 2005,1,7.4,Apr/26/2005 00:03:19
228406,ZARQAWI.CAPTURE.MAY,Abu Musab al-Zarqawi to be captured/neutralised by 31 May 2005,3,7.5,Apr/26/2005 00:09:46
228406,ZARQAWI.CAPTURE.MAY,Abu Musab al-Zarqawi to be captured/neutralised by 31 May 2005,8,7.4,Apr/26/2005 00:09:46
228406,ZARQAWI.CAPTURE.MAY,Abu Musab al-Zarqawi to be captured/neutralised by 31 May 2005,21,9.4,Apr/26/2005 00:09:46
228406,ZARQAWI.CAPTURE.MAY,Abu Musab al-Zarqawi to be captured/neutralised by 31 May 2005,2,9.4,Apr/26/2005 00:09:46
228406,ZARQAWI.CAPTURE.MAY,Abu Musab al-Zarqawi to be captured/neutralised by 31 May 2005,7,9.8,Apr/26/2005 00:09:46
228406,ZARQAWI.CAPTURE.MAY,Abu Musab al-Zarqawi to be captured/neutralised by 31 May 2005,1,9.8,Apr/26/2005 00:09:46
228406,ZARQAWI.CAPTURE.MAY,Abu Musab al-Zarqawi to be captured/neutralised by 31 May 2005,13,9.9,Apr/26/2005 00:09:46
228406,ZARQAWI.CAPTURE.MAY,Abu Musab al-Zarqawi to be captured/neutralised by 31 May 2005,14,10.0,Apr/26/2005 00:09:46
228406,ZARQAWI.CAPTURE.MAY,Abu Musab al-Zarqawi to be captured/neutralised by 31 May 2005,4,8.5,Apr/26/2005 00:09:46
228406,ZARQAWI.CAPTURE.MAY,Abu Musab al-Zarqawi to be captured/neutralised by 31 May 2005,1,8.0,Apr/26/2005 00:09:46
228406,ZARQAWI.CAPTURE.MAY,Abu Musab al-Zarqawi to be captured/neutralised by 31 May 2005,1,7.9,Apr/26/2005 13:50:20
228406,ZARQAWI.CAPTURE.MAY,Abu Musab al-Zarqawi to be captured/neutralised by 31 May 2005,1,7.9,Apr/26/2005 15:03:27
228406,ZARQAWI.CAPTURE.MAY,Abu Musab al-Zarqawi to be captured/neutralised by 31 May 2005,1,6.0,Apr/28/2005 03:20:18
228406,ZARQAWI.CAPTURE.MAY,Abu Musab al-Zarqawi to be captured/neutralised by 31 May 2005,8,9.0,Apr/28/2005 11:06:48
228406,ZARQAWI.CAPTURE.MAY,Abu Musab al-Zarqawi to be captured/neutralised by 31 May 2005,1,7.9,Apr/28/2005 11:06:48
228406,ZARQAWI.CAPTURE.MAY,Abu Musab al-Zarqawi to be captured/neutralised by 31 May 2005,3,8.0,Apr/28/2005 11:06:48
228406,ZARQAWI.CAPTURE.MAY,Abu Musab al-Zarqawi to be captured/neutralised by 31 May 2005,65,9.9,Apr/28/2005 11:06:48
228406,ZARQAWI.CAPTURE.MAY,Abu Musab al-Zarqawi to be captured/neutralised by 31 May 2005,25,9.9,Apr/28/2005 11:06:48
228406,ZARQAWI.CAPTURE.MAY,Abu Musab al-Zarqawi to be captured/neutralised by 31 May 2005,48,10.0,Apr/28/2005 11:06:48
228406,ZARQAWI.CAPTURE.MAY,Abu Musab al-Zarqawi to be captured/neutralised by 31 May 2005,100,10.0,Apr/28/2005 11:06:48
228406,ZARQAWI.CAPTURE.MAY,Abu Musab al-Zarqawi to be captured/neutralised by 31 May 2005,1,8.4,Apr/28/2005 11:34:27
228406,ZARQAWI.CAPTURE.MAY,Abu Musab al-Zarqawi to be captured/neutralised by 31 May 2005,3,8.5,Apr/28/2005 11:35:37
228406,ZARQAWI.CAPTURE.MAY,Abu Musab al-Zarqawi to be captured/neutralised by 31 May 2005,3,9.0,Apr/28/2005 11:39:12
228406,ZARQAWI.CAPTURE.MAY,Abu Musab al-Zarqawi to be captured/neutralised by 31 May 2005,5,9.1,Apr/28/2005 11:53:17
228406,ZARQAWI.CAPTURE.MAY,Abu Musab al-Zarqawi to be captured/neutralised by 31 May 2005,1,9.1,Apr/28/2005 17:46:06
228406,ZARQAWI.CAPTURE.MAY,Abu Musab al-Zarqawi to be captured/neutralised by 31 May 2005,1,9.0,Apr/28/2005 17:46:06
228406,ZARQAWI.CAPTURE.MAY,Abu Musab al-Zarqawi to be captured/neutralised by 31 May 2005,20,9.1,Apr/28/2005 17:46:06
228406,ZARQAWI.CAPTURE.MAY,Abu Musab al-Zarqawi to be captured/neutralised by 31 May 2005,2,9.1,Apr/28/2005 17:46:06
228406,ZARQAWI.CAPTURE.MAY,Abu Musab al-Zarqawi to be captured/neutralised by 31 May 2005,2,10.0,Apr/28/2005 17:46:06
228406,ZARQAWI.CAPTURE.MAY,Abu Musab al-Zarqawi to be captured/neutralised by 31 May 2005,88,10.0,Apr/28/2005 17:46:06
228406,ZARQAWI.CAPTURE.MAY,Abu Musab al-Zarqawi to be captured/neutralised by 31 May 2005,98,10.0,Apr/28/2005 17:46:06
228406,ZARQAWI.CAPTURE.MAY,Abu Musab al-Zarqawi to be captured/neutralised by 31 May 2005,3,9.9,Apr/28/2005 17:46:06
228406,ZARQAWI.CAPTURE.MAY,Abu Musab al-Zarqawi to be captured/neutralised by 31 May 2005,18,9.9,Apr/28/2005 17:48:34
228406,ZARQAWI.CAPTURE.MAY,Abu Musab al-Zarqawi to be captured/neutralised by 31 May 2005,2,10.0,Apr/28/2005 17:48:34
228406,ZARQAWI.CAPTURE.MAY,Abu Musab al-Zarqawi to be captured/neutralised by 31 May 2005,10,9.1,Apr/29/2005 02:32:01
228406,ZARQAWI.CAPTURE.MAY,Abu Musab al-Zarqawi to be captured/neutralised by 31 May 2005,25,9.9,Apr/29/2005 02:32:01
228406,ZARQAWI.CAPTURE.MAY,Abu Musab al-Zarqawi to be captured/neutralised by 31 May 2005,15,9.8,Apr/29/2005 02:32:01
228406,ZARQAWI.CAPTURE.MAY,Abu Musab al-Zarqawi to be captured/neutralised by 31 May 2005,40,10.0,Apr/29/2005 02:32:01
228406,ZARQAWI.CAPTURE.MAY,Abu Musab al-Zarqawi to be captured/neutralised by 31 May 2005,100,10.1,Apr/29/2005 02:32:01
228406,ZARQAWI.CAPTURE.MAY,Abu Musab al-Zarqawi to be captured/neutralised by 31 May 2005,3,9.5,Apr/29/2005 02:48:08
228406,ZARQAWI.CAPTURE.MAY,Abu Musab al-Zarqawi to be captured/neutralised by 31 May 2005,2,11.2,Apr/29/2005 02:48:22
228406,ZARQAWI.CAPTURE.MAY,Abu Musab al-Zarqawi to be captured/neutralised by 31 May 2005,3,7.0,Apr/29/2005 05:21:51
228406,ZARQAWI.CAPTURE.MAY,Abu Musab al-Zarqawi to be captured/neutralised by 31 May 2005,4,7.0,Apr/29/2005 05:21:51
228406,ZARQAWI.CAPTURE.MAY,Abu Musab al-Zarqawi to be captured/neutralised by 31 May 2005,30,7.1,Apr/29/2005 05:21:51
228406,ZARQAWI.CAPTURE.MAY,Abu Musab al-Zarqawi to be captured/neutralised by 31 May 2005,3,6.5,Apr/29/2005 05:22:18
228406,ZARQAWI.CAPTURE.MAY,Abu Musab al-Zarqawi to be captured/neutralised by 31 May 2005,5,11.0,Apr/29/2005 13:28:05
228406,ZARQAWI.CAPTURE.MAY,Abu Musab al-Zarqawi to be captured/neutralised by 31 May 2005,6,11.1,Apr/29/2005 13:28:05
228406,ZARQAWI.CAPTURE.MAY,Abu Musab al-Zarqawi to be captured/neutralised by 31 May 2005,2,10.1,Apr/29/2005 13:28:05
228406,ZARQAWI.CAPTURE.MAY,Abu Musab al-Zarqawi to be captured/neutralised by 31 May 2005,3,9.0,Apr/29/2005 13:28:05
228406,ZARQAWI.CAPTURE.MAY,Abu Musab al-Zarqawi to be captured/neutralised by 31 May 2005,10,7.0,Apr/29/2005 13:28:05
228406,ZARQAWI.CAPTURE.MAY,Abu Musab al-Zarqawi to be captured/neutralised by 31 May 2005,3,7.0,Apr/29/2005 13:28:05
228406,ZARQAWI.CAPTURE.MAY,Abu Musab al-Zarqawi to be captured/neutralised by 31 May 2005,21,11.2,Apr/29/2005 13:28:05
228406,ZARQAWI.CAPTURE.MAY,Abu Musab al-Zarqawi to be captured/neutralised by 31 May 2005,8,11.3,Apr/29/2005 13:28:40
228406,ZARQAWI.CAPTURE.MAY,Abu Musab al-Zarqawi to be captured/neutralised by 31 May 2005,11,11.3,Apr/29/2005 13:28:40
228406,ZARQAWI.CAPTURE.MAY,Abu Musab al-Zarqawi to be captured/neutralised by 31 May 2005,69,11.2,Apr/29/2005 13:28:40
228406,ZARQAWI.CAPTURE.MAY,Abu Musab al-Zarqawi to be captured/neutralised by 31 May 2005,1,8.1,Apr/30/2005 01:28:38
228406,ZARQAWI.CAPTURE.MAY,Abu Musab al-Zarqawi to be captured/neutralised by 31 May 2005,3,8.0,Apr/30/2005 20:49:32
228406,ZARQAWI.CAPTURE.MAY,Abu Musab al-Zarqawi to be captured/neutralised by 31 May 2005,12,7.0,Apr/30/2005 22:05:35
228406,ZARQAWI.CAPTURE.MAY,Abu Musab al-Zarqawi to be captured/neutralised by 31 May 2005,9,8.1,Apr/30/2005 22:10:28
228406,ZARQAWI.CAPTURE.MAY,Abu Musab al-Zarqawi to be captured/neutralised by 31 May 2005,1,8.9,Apr/30/2005 22:10:28
228406,ZARQAWI.CAPTURE.MAY,Abu Musab al-Zarqawi to be captured/neutralised by 31 May 2005,3,7.0,Apr/30/2005 23:02:46
228406,ZARQAWI.CAPTURE.MAY,Abu Musab al-Zarqawi to be captured/neutralised by 31 May 2005,1,7.0,May/01/2005 01:24:05
228406,ZARQAWI.CAPTURE.MAY,Abu Musab al-Zarqawi to be captured/neutralised by 31 May 2005,10,8.1,May/01/2005 03:10:15
228406,ZARQAWI.CAPTURE.MAY,Abu Musab al-Zarqawi to be captured/neutralised by 31 May 2005,1,8.0,May/01/2005 03:10:15
228406,ZARQAWI.CAPTURE.MAY,Abu Musab al-Zarqawi to be captured/neutralised by 31 May 2005,8,7.1,May/01/2005 05:20:09
228406,ZARQAWI.CAPTURE.MAY,Abu Musab al-Zarqawi to be captured/neutralised by 31 May 2005,1,7.2,May/01/2005 05:20:09
228406,ZARQAWI.CAPTURE.MAY,Abu Musab al-Zarqawi to be captured/neutralised by 31 May 2005,5,7.1,May/01/2005 06:29:25
228406,ZARQAWI.CAPTURE.MAY,Abu Musab al-Zarqawi to be captured/neutralised by 31 May 2005,22,7.1,May/01/2005 12:16:52
228406,ZARQAWI.CAPTURE.MAY,Abu Musab al-Zarqawi to be captured/neutralised by 31 May 2005,3,6.5,May/01/2005 13:13:19
228406,ZARQAWI.CAPTURE.MAY,Abu Musab al-Zarqawi to be captured/neutralised by 31 May 2005,1,6.8,May/01/2005 14:25:50
228406,ZARQAWI.CAPTURE.MAY,Abu Musab al-Zarqawi to be captured/neutralised by 31 May 2005,30,6.3,May/01/2005 20:09:38
228406,ZARQAWI.CAPTURE.MAY,Abu Musab al-Zarqawi to be captured/neutralised by 31 May 2005,3,6.0,May/01/2005 22:47:18
228406,ZARQAWI.CAPTURE.MAY,Abu Musab al-Zarqawi to be captured/neutralised by 31 May 2005,1,5.6,May/02/2005 05:52:02
228406,ZARQAWI.CAPTURE.MAY,Abu Musab al-Zarqawi to be captured/neutralised by 31 May 2005,3,5.5,May/02/2005 13:27:45
228406,ZARQAWI.CAPTURE.MAY,Abu Musab al-Zarqawi to be captured/neutralised by 31 May 2005,7,5.1,May/02/2005 13:27:45
228406,ZARQAWI.CAPTURE.MAY,Abu Musab al-Zarqawi to be captured/neutralised by 31 May 2005,15,5.2,May/02/2005 15:08:17
228406,ZARQAWI.CAPTURE.MAY,Abu Musab al-Zarqawi to be captured/neutralised by 31 May 2005,18,5.1,May/02/2005 15:08:23
228406,ZARQAWI.CAPTURE.MAY,Abu Musab al-Zarqawi to be captured/neutralised by 31 May 2005,3,5.1,May/02/2005 15:27:34
228406,ZARQAWI.CAPTURE.MAY,Abu Musab al-Zarqawi to be captured/neutralised by 31 May 2005,7,5.1,May/02/2005 20:05:53
228406,ZARQAWI.CAPTURE.MAY,Abu Musab al-Zarqawi to be captured/neutralised by 31 May 2005,50,5.0,May/02/2005 20:06:09
228406,ZARQAWI.CAPTURE.MAY,Abu Musab al-Zarqawi to be captured/neutralised by 31 May 2005,9,5.1,May/03/2005 01:34:51
228406,ZARQAWI.CAPTURE.MAY,Abu Musab al-Zarqawi to be captured/neutralised by 31 May 2005,3,6.0,May/03/2005 04:04:32
228406,ZARQAWI.CAPTURE.MAY,Abu Musab al-Zarqawi to be captured/neutralised by 31 May 2005,1,5.0,May/03/2005 15:00:10
228406,ZARQAWI.CAPTURE.MAY,Abu Musab al-Zarqawi to be captured/neutralised by 31 May 2005,4,5.3,May/03/2005 19:31:06
228406,ZARQAWI.CAPTURE.MAY,Abu Musab al-Zarqawi to be captured/neutralised by 31 May 2005,10,5.4,May/03/2005 20:15:49
228406,ZARQAWI.CAPTURE.MAY,Abu Musab al-Zarqawi to be captured/neutralised by 31 May 2005,100,5.5,May/03/2005 20:16:03
228406,ZARQAWI.CAPTURE.MAY,Abu Musab al-Zarqawi to be captured/neutralised by 31 May 2005,25,5.8,May/03/2005 20:16:24
228406,ZARQAWI.CAPTURE.MAY,Abu Musab al-Zarqawi to be captured/neutralised by 31 May 2005,4,5.3,May/03/2005 21:11:40
228406,ZARQAWI.CAPTURE.MAY,Abu Musab al-Zarqawi to be captured/neutralised by 31 May 2005,4,5.6,May/04/2005 02:50:00
228406,ZARQAWI.CAPTURE.MAY,Abu Musab al-Zarqawi to be captured/neutralised by 31 May 2005,3,5.5,May/05/2005 04:18:18
228406,ZARQAWI.CAPTURE.MAY,Abu Musab al-Zarqawi to be captured/neutralised by 31 May 2005,5,5.6,May/05/2005 04:18:18
228406,ZARQAWI.CAPTURE.MAY,Abu Musab al-Zarqawi to be captured/neutralised by 31 May 2005,2,5.7,May/05/2005 04:18:18
228406,ZARQAWI.CAPTURE.MAY,Abu Musab al-Zarqawi to be captured/neutralised by 31 May 2005,10,5.7,May/05/2005 04:35:58
228406,ZARQAWI.CAPTURE.MAY,Abu Musab al-Zarqawi to be captured/neutralised by 31 May 2005,29,5.7,May/05/2005 04:35:58
228406,ZARQAWI.CAPTURE.MAY,Abu Musab al-Zarqawi to be captured/neutralised by 31 May 2005,1,5.8,May/05/2005 04:35:58
228406,ZARQAWI.CAPTURE.MAY,Abu Musab al-Zarqawi to be captured/neutralised by 31 May 2005,6,5.8,May/05/2005 08:47:00
228406,ZARQAWI.CAPTURE.MAY,Abu Musab al-Zarqawi to be captured/neutralised by 31 May 2005,46,5.8,May/05/2005 09:35:56
228406,ZARQAWI.CAPTURE.MAY,Abu Musab al-Zarqawi to be captured/neutralised by 31 May 2005,2,6.0,May/05/2005 09:36:11
228406,ZARQAWI.CAPTURE.MAY,Abu Musab al-Zarqawi to be captured/neutralised by 31 May 2005,3,6.1,May/05/2005 09:36:11
228406,ZARQAWI.CAPTURE.MAY,Abu Musab al-Zarqawi to be captured/neutralised by 31 May 2005,18,6.9,May/05/2005 09:36:11
228406,ZARQAWI.CAPTURE.MAY,Abu Musab al-Zarqawi to be captured/neutralised by 31 May 2005,26,6.8,May/05/2005 10:41:04
228406,ZARQAWI.CAPTURE.MAY,Abu Musab al-Zarqawi to be captured/neutralised by 31 May 2005,1,6.8,May/05/2005 12:16:37
228406,ZARQAWI.CAPTURE.MAY,Abu Musab al-Zarqawi to be captured/neutralised by 31 May 2005,3,6.8,May/05/2005 13:50:43
228406,ZARQAWI.CAPTURE.MAY,Abu Musab al-Zarqawi to be captured/neutralised by 31 May 2005,10,6.9,May/05/2005 13:51:24
228406,ZARQAWI.CAPTURE.MAY,Abu Musab al-Zarqawi to be captured/neutralised by 31 May 2005,3,6.9,May/05/2005 20:05:00
228406,ZARQAWI.CAPTURE.MAY,Abu Musab al-Zarqawi to be captured/neutralised by 31 May 2005,1,6.9,May/05/2005 20:05:00
228406,ZARQAWI.CAPTURE.MAY,Abu Musab al-Zarqawi to be captured/neutralised by 31 May 2005,2,6.9,May/05/2005 20:05:00
228406,ZARQAWI.CAPTURE.MAY,Abu Musab al-Zarqawi to be captured/neutralised by 31 May 2005,4,7.0,May/05/2005 20:05:33
228406,ZARQAWI.CAPTURE.MAY,Abu Musab al-Zarqawi to be captured/neutralised by 31 May 2005,10,7.0,May/05/2005 20:05:33
228406,ZARQAWI.CAPTURE.MAY,Abu Musab al-Zarqawi to be captured/neutralised by 31 May 2005,10,6.1,May/05/2005 22:22:05
228406,ZARQAWI.CAPTURE.MAY,Abu Musab al-Zarqawi to be captured/neutralised by 31 May 2005,10,6.0,May/05/2005 22:22:05
228406,ZARQAWI.CAPTURE.MAY,Abu Musab al-Zarqawi to be captured/neutralised by 31 May 2005,2,6.7,May/05/2005 22:57:32
228406,ZARQAWI.CAPTURE.MAY,Abu Musab al-Zarqawi to be captured/neutralised by 31 May 2005,1,6.3,May/05/2005 22:57:32
228406,ZARQAWI.CAPTURE.MAY,Abu Musab al-Zarqawi to be captured/neutralised by 31 May 2005,7,6.8,May/05/2005 22:57:32
228406,ZARQAWI.CAPTURE.MAY,Abu Musab al-Zarqawi to be captured/neutralised by 31 May 2005,2,6.6,May/06/2005 02:12:21
228406,ZARQAWI.CAPTURE.MAY,Abu Musab al-Zarqawi to be captured/neutralised by 31 May 2005,3,6.8,May/06/2005 02:12:21
228406,ZARQAWI.CAPTURE.MAY,Abu Musab al-Zarqawi to be captured/neutralised by 31 May 2005,20,6.9,May/06/2005 02:12:21
228406,ZARQAWI.CAPTURE.MAY,Abu Musab al-Zarqawi to be captured/neutralised by 31 May 2005,11,7.0,May/06/2005 02:12:21
228406,ZARQAWI.CAPTURE.MAY,Abu Musab al-Zarqawi to be captured/neutralised by 31 May 2005,4,7.1,May/06/2005 02:12:21
228406,ZARQAWI.CAPTURE.MAY,Abu Musab al-Zarqawi to be captured/neutralised by 31 May 2005,6,7.1,May/06/2005 02:12:21
228406,ZARQAWI.CAPTURE.MAY,Abu Musab al-Zarqawi to be captured/neutralised by 31 May 2005,3,8.5,May/06/2005 02:12:55
228406,ZARQAWI.CAPTURE.MAY,Abu Musab al-Zarqawi to be captured/neutralised by 31 May 2005,4,7.9,May/06/2005 02:12:55
228406,ZARQAWI.CAPTURE.MAY,Abu Musab al-Zarqawi to be captured/neutralised by 31 May 2005,18,8.0,May/06/2005 02:12:55
228406,ZARQAWI.CAPTURE.MAY,Abu Musab al-Zarqawi to be captured/neutralised by 31 May 2005,8,8.4,May/06/2005 03:27:12
228406,ZARQAWI.CAPTURE.MAY,Abu Musab al-Zarqawi to be captured/neutralised by 31 May 2005,2,8.2,May/06/2005 03:27:12
228406,ZARQAWI.CAPTURE.MAY,Abu Musab al-Zarqawi to be captured/neutralised by 31 May 2005,50,8.5,May/06/2005 03:27:12
228406,ZARQAWI.CAPTURE.MAY,Abu Musab al-Zarqawi to be captured/neutralised by 31 May 2005,2,8.3,May/06/2005 03:27:12
228406,ZARQAWI.CAPTURE.MAY,Abu Musab al-Zarqawi to be captured/neutralised by 31 May 2005,20,8.5,May/06/2005 04:22:17
228406,ZARQAWI.CAPTURE.MAY,Abu Musab al-Zarqawi to be captured/neutralised by 31 May 2005,15,8.6,May/06/2005 04:22:17
228406,ZARQAWI.CAPTURE.MAY,Abu Musab al-Zarqawi to be captured/neutralised by 31 May 2005,6,8.6,May/06/2005 04:22:17
228406,ZARQAWI.CAPTURE.MAY,Abu Musab al-Zarqawi to be captured/neutralised by 31 May 2005,1,8.3,May/06/2005 04:22:17
228406,ZARQAWI.CAPTURE.MAY,Abu Musab al-Zarqawi to be captured/neutralised by 31 May 2005,10,8.0,May/06/2005 04:22:17
228406,ZARQAWI.CAPTURE.MAY,Abu Musab al-Zarqawi to be captured/neutralised by 31 May 2005,1,8.5,May/06/2005 04:22:17
228406,ZARQAWI.CAPTURE.MAY,Abu Musab al-Zarqawi to be captured/neutralised by 31 May 2005,1,8.4,May/06/2005 04:22:17
228406,ZARQAWI.CAPTURE.MAY,Abu Musab al-Zarqawi to be captured/neutralised by 31 May 2005,3,6.0,May/06/2005 08:13:42
228406,ZARQAWI.CAPTURE.MAY,Abu Musab al-Zarqawi to be captured/neutralised by 31 May 2005,2,5.8,May/06/2005 13:03:57
228406,ZARQAWI.CAPTURE.MAY,Abu Musab al-Zarqawi to be captured/neutralised by 31 May 2005,3,5.5,May/06/2005 21:15:06
228406,ZARQAWI.CAPTURE.MAY,Abu Musab al-Zarqawi to be captured/neutralised by 31 May 2005,2,5.3,May/06/2005 21:15:29
228406,ZARQAWI.CAPTURE.MAY,Abu Musab al-Zarqawi to be captured/neutralised by 31 May 2005,2,5.3,May/06/2005 22:17:47
228406,ZARQAWI.CAPTURE.MAY,Abu Musab al-Zarqawi to be captured/neutralised by 31 May 2005,1,5.7,May/07/2005 10:21:33
228406,ZARQAWI.CAPTURE.MAY,Abu Musab al-Zarqawi to be captured/neutralised by 31 May 2005,2,5.9,May/07/2005 10:21:33
228406,ZARQAWI.CAPTURE.MAY,Abu Musab al-Zarqawi to be captured/neutralised by 31 May 2005,2,7.0,May/07/2005 10:32:36
228406,ZARQAWI.CAPTURE.MAY,Abu Musab al-Zarqawi to be captured/neutralised by 31 May 2005,1,14.3,May/07/2005 10:45:59
228406,ZARQAWI.CAPTURE.MAY,Abu Musab al-Zarqawi to be captured/neutralised by 31 May 2005,2,12.3,May/07/2005 12:06:30
228406,ZARQAWI.CAPTURE.MAY,Abu Musab al-Zarqawi to be captured/neutralised by 31 May 2005,2,11.7,May/07/2005 12:12:59
228406,ZARQAWI.CAPTURE.MAY,Abu Musab al-Zarqawi to be captured/neutralised by 31 May 2005,2,11.3,May/07/2005 12:40:42
228406,ZARQAWI.CAPTURE.MAY,Abu Musab al-Zarqawi to be captured/neutralised by 31 May 2005,1,11.3,May/07/2005 12:41:04
228406,ZARQAWI.CAPTURE.MAY,Abu Musab al-Zarqawi to be captured/neutralised by 31 May 2005,1,9.8,May/07/2005 14:42:19
228406,ZARQAWI.CAPTURE.MAY,Abu Musab al-Zarqawi to be captured/neutralised by 31 May 2005,2,9.9,May/07/2005 14:42:19
228406,ZARQAWI.CAPTURE.MAY,Abu Musab al-Zarqawi to be captured/neutralised by 31 May 2005,3,10.3,May/07/2005 15:22:46
228406,ZARQAWI.CAPTURE.MAY,Abu Musab al-Zarqawi to be captured/neutralised by 31 May 2005,5,6.0,May/08/2005 01:38:57
228406,ZARQAWI.CAPTURE.MAY,Abu Musab al-Zarqawi to be captured/neutralised by 31 May 2005,5,6.0,May/08/2005 01:40:39
228406,ZARQAWI.CAPTURE.MAY,Abu Musab al-Zarqawi to be captured/neutralised by 31 May 2005,37,6.0,May/08/2005 04:53:42
228406,ZARQAWI.CAPTURE.MAY,Abu Musab al-Zarqawi to be captured/neutralised by 31 May 2005,35,5.3,May/08/2005 04:53:42
228406,ZARQAWI.CAPTURE.MAY,Abu Musab al-Zarqawi to be captured/neutralised by 31 May 2005,2,5.5,May/08/2005 04:53:42
228406,ZARQAWI.CAPTURE.MAY,Abu Musab al-Zarqawi to be captured/neutralised by 31 May 2005,3,9.1,May/08/2005 08:37:28
228406,ZARQAWI.CAPTURE.MAY,Abu Musab al-Zarqawi to be captured/neutralised by 31 May 2005,3,8.1,May/08/2005 10:47:28
228406,ZARQAWI.CAPTURE.MAY,Abu Musab al-Zarqawi to be captured/neutralised by 31 May 2005,3,8.1,May/08/2005 11:07:12
228406,ZARQAWI.CAPTURE.MAY,Abu Musab al-Zarqawi to be captured/neutralised by 31 May 2005,1,8.1,May/08/2005 12:17:17
228406,ZARQAWI.CAPTURE.MAY,Abu Musab al-Zarqawi to be captured/neutralised by 31 May 2005,3,9.1,May/08/2005 12:27:21
228406,ZARQAWI.CAPTURE.MAY,Abu Musab al-Zarqawi to be captured/neutralised by 31 May 2005,1,9.1,May/08/2005 12:32:22
228406,ZARQAWI.CAPTURE.MAY,Abu Musab al-Zarqawi to be captured/neutralised by 31 May 2005,3,9.0,May/08/2005 13:21:52
228406,ZARQAWI.CAPTURE.MAY,Abu Musab al-Zarqawi to be captured/neutralised by 31 May 2005,3,8.5,May/08/2005 13:22:58
228406,ZARQAWI.CAPTURE.MAY,Abu Musab al-Zarqawi to be captured/neutralised by 31 May 2005,3,8.0,May/08/2005 13:27:53
228406,ZARQAWI.CAPTURE.MAY,Abu Musab al-Zarqawi to be captured/neutralised by 31 May 2005,3,8.0,May/08/2005 14:09:22
228406,ZARQAWI.CAPTURE.MAY,Abu Musab al-Zarqawi to be captured/neutralised by 31 May 2005,3,7.5,May/08/2005 16:03:30
228406,ZARQAWI.CAPTURE.MAY,Abu Musab al-Zarqawi to be captured/neutralised by 31 May 2005,3,9.5,May/08/2005 20:10:48
228406,ZARQAWI.CAPTURE.MAY,Abu Musab al-Zarqawi to be captured/neutralised by 31 May 2005,1,9.4,May/08/2005 20:10:48
228406,ZARQAWI.CAPTURE.MAY,Abu Musab al-Zarqawi to be captured/neutralised by 31 May 2005,1,8.7,May/08/2005 22:50:22
228406,ZARQAWI.CAPTURE.MAY,Abu Musab al-Zarqawi to be captured/neutralised by 31 May 2005,2,8.8,May/08/2005 22:51:05
228406,ZARQAWI.CAPTURE.MAY,Abu Musab al-Zarqawi to be captured/neutralised by 31 May 2005,2,8.0,May/09/2005 00:35:02
228406,ZARQAWI.CAPTURE.MAY,Abu Musab al-Zarqawi to be captured/neutralised by 31 May 2005,4,8.7,May/09/2005 01:15:02
228406,ZARQAWI.CAPTURE.MAY,Abu Musab al-Zarqawi to be captured/neutralised by 31 May 2005,2,8.8,May/09/2005 01:17:21
228406,ZARQAWI.CAPTURE.MAY,Abu Musab al-Zarqawi to be captured/neutralised by 31 May 2005,4,8.7,May/09/2005 01:24:29
228406,ZARQAWI.CAPTURE.MAY,Abu Musab al-Zarqawi to be captured/neutralised by 31 May 2005,1,6.3,May/10/2005 11:19:55
228406,ZARQAWI.CAPTURE.MAY,Abu Musab al-Zarqawi to be captured/neutralised by 31 May 2005,1,6.5,May/10/2005 11:19:55
228406,ZARQAWI.CAPTURE.MAY,Abu Musab al-Zarqawi to be captured/neutralised by 31 May 2005,1,7.0,May/10/2005 11:19:55
228406,ZARQAWI.CAPTURE.MAY,Abu Musab al-Zarqawi to be captured/neutralised by 31 May 2005,1,6.9,May/10/2005 11:45:17
228406,ZARQAWI.CAPTURE.MAY,Abu Musab al-Zarqawi to be captured/neutralised by 31 May 2005,2,7.0,May/10/2005 11:45:17
228406,ZARQAWI.CAPTURE.MAY,Abu Musab al-Zarqawi to be captured/neutralised by 31 May 2005,2,7.0,May/10/2005 11:50:26
228406,ZARQAWI.CAPTURE.MAY,Abu Musab al-Zarqawi to be captured/neutralised by 31 May 2005,1,5.3,May/10/2005 16:59:52
228406,ZARQAWI.CAPTURE.MAY,Abu Musab al-Zarqawi to be captured/neutralised by 31 May 2005,3,7.4,May/10/2005 20:33:30
228406,ZARQAWI.CAPTURE.MAY,Abu Musab al-Zarqawi to be captured/neutralised by 31 May 2005,3,7.4,May/10/2005 20:35:35
228406,ZARQAWI.CAPTURE.MAY,Abu Musab al-Zarqawi to be captured/neutralised by 31 May 2005,1,7.3,May/10/2005 21:38:48
228406,ZARQAWI.CAPTURE.MAY,Abu Musab al-Zarqawi to be captured/neutralised by 31 May 2005,2,5.3,May/10/2005 22:47:58
228406,ZARQAWI.CAPTURE.MAY,Abu Musab al-Zarqawi to be captured/neutralised by 31 May 2005,1,7.2,May/10/2005 22:54:17
228406,ZARQAWI.CAPTURE.MAY,Abu Musab al-Zarqawi to be captured/neutralised by 31 May 2005,5,8.0,May/11/2005 08:44:43
228406,ZARQAWI.CAPTURE.MAY,Abu Musab al-Zarqawi to be captured/neutralised by 31 May 2005,1,7.3,May/11/2005 08:44:43
228406,ZARQAWI.CAPTURE.MAY,Abu Musab al-Zarqawi to be captured/neutralised by 31 May 2005,2,8.0,May/11/2005 08:44:43
228406,ZARQAWI.CAPTURE.MAY,Abu Musab al-Zarqawi to be captured/neutralised by 31 May 2005,4,7.4,May/11/2005 08:44:43
228406,ZARQAWI.CAPTURE.MAY,Abu Musab al-Zarqawi to be captured/neutralised by 31 May 2005,19,8.0,May/11/2005 08:45:36
228406,ZARQAWI.CAPTURE.MAY,Abu Musab al-Zarqawi to be captured/neutralised by 31 May 2005,1,8.3,May/11/2005 08:52:46
228406,ZARQAWI.CAPTURE.MAY,Abu Musab al-Zarqawi to be captured/neutralised by 31 May 2005,5,8.2,May/11/2005 08:52:46
228406,ZARQAWI.CAPTURE.MAY,Abu Musab al-Zarqawi to be captured/neutralised by 31 May 2005,3,8.2,May/11/2005 08:52:46
228406,ZARQAWI.CAPTURE.MAY,Abu Musab al-Zarqawi to be captured/neutralised by 31 May 2005,1,8.0,May/11/2005 08:52:46
228406,ZARQAWI.CAPTURE.MAY,Abu Musab al-Zarqawi to be captured/neutralised by 31 May 2005,2,7.9,May/11/2005 14:15:52
228406,ZARQAWI.CAPTURE.MAY,Abu Musab al-Zarqawi to be captured/neutralised by 31 May 2005,1,8.1,May/11/2005 14:16:56
228406,ZARQAWI.CAPTURE.MAY,Abu Musab al-Zarqawi to be captured/neutralised by 31 May 2005,1,8.1,May/11/2005 14:16:56
228406,ZARQAWI.CAPTURE.MAY,Abu Musab al-Zarqawi to be captured/neutralised by 31 May 2005,2,8.2,May/11/2005 14:16:56
228406,ZARQAWI.CAPTURE.MAY,Abu Musab al-Zarqawi to be captured/neutralised by 31 May 2005,26,8.2,May/11/2005 14:16:56
228406,ZARQAWI.CAPTURE.MAY,Abu Musab al-Zarqawi to be captured/neutralised by 31 May 2005,10,9.0,May/11/2005 14:19:07
228406,ZARQAWI.CAPTURE.MAY,Abu Musab al-Zarqawi to be captured/neutralised by 31 May 2005,9,8.3,May/11/2005 14:19:07
228406,ZARQAWI.CAPTURE.MAY,Abu Musab al-Zarqawi to be captured/neutralised by 31 May 2005,3,10.5,May/11/2005 14:20:59
228406,ZARQAWI.CAPTURE.MAY,Abu Musab al-Zarqawi to be captured/neutralised by 31 May 2005,3,11.0,May/11/2005 14:29:30
228406,ZARQAWI.CAPTURE.MAY,Abu Musab al-Zarqawi to be captured/neutralised by 31 May 2005,3,10.9,May/11/2005 14:29:30
228406,ZARQAWI.CAPTURE.MAY,Abu Musab al-Zarqawi to be captured/neutralised by 31 May 2005,3,11.5,May/11/2005 14:30:59
228406,ZARQAWI.CAPTURE.MAY,Abu Musab al-Zarqawi to be captured/neutralised by 31 May 2005,3,12.0,May/11/2005 14:34:05
228406,ZARQAWI.CAPTURE.MAY,Abu Musab al-Zarqawi to be captured/neutralised by 31 May 2005,10,12.0,May/11/2005 14:35:33
228406,ZARQAWI.CAPTURE.MAY,Abu Musab al-Zarqawi to be captured/neutralised by 31 May 2005,3,12.5,May/11/2005 14:41:12
228406,ZARQAWI.CAPTURE.MAY,Abu Musab al-Zarqawi to be captured/neutralised by 31 May 2005,10,12.0,May/11/2005 14:44:50
228406,ZARQAWI.CAPTURE.MAY,Abu Musab al-Zarqawi to be captured/neutralised by 31 May 2005,1,11.9,May/11/2005 14:53:46
228406,ZARQAWI.CAPTURE.MAY,Abu Musab al-Zarqawi to be captured/neutralised by 31 May 2005,20,12.0,May/11/2005 14:53:46
228406,ZARQAWI.CAPTURE.MAY,Abu Musab al-Zarqawi to be captured/neutralised by 31 May 2005,3,13.2,May/11/2005 14:55:50
228406,ZARQAWI.CAPTURE.MAY,Abu Musab al-Zarqawi to be captured/neutralised by 31 May 2005,3,14.0,May/11/2005 14:56:42
228406,ZARQAWI.CAPTURE.MAY,Abu Musab al-Zarqawi to be captured/neutralised by 31 May 2005,3,14.2,May/11/2005 14:58:45
228406,ZARQAWI.CAPTURE.MAY,Abu Musab al-Zarqawi to be captured/neutralised by 31 May 2005,4,14.0,May/11/2005 15:01:06
228406,ZARQAWI.CAPTURE.MAY,Abu Musab al-Zarqawi to be captured/neutralised by 31 May 2005,16,14.0,May/11/2005 15:01:24
228406,ZARQAWI.CAPTURE.MAY,Abu Musab al-Zarqawi to be captured/neutralised by 31 May 2005,3,14.7,May/11/2005 15:02:17
228406,ZARQAWI.CAPTURE.MAY,Abu Musab al-Zarqawi to be captured/neutralised by 31 May 2005,3,15.7,May/11/2005 15:05:11
228406,ZARQAWI.CAPTURE.MAY,Abu Musab al-Zarqawi to be captured/neutralised by 31 May 2005,3,16.7,May/11/2005 15:13:06
228406,ZARQAWI.CAPTURE.MAY,Abu Musab al-Zarqawi to be captured/neutralised by 31 May 2005,1,16.6,May/11/2005 15:13:06
228406,ZARQAWI.CAPTURE.MAY,Abu Musab al-Zarqawi to be captured/neutralised by 31 May 2005,5,15.3,May/11/2005 15:47:02
228406,ZARQAWI.CAPTURE.MAY,Abu Musab al-Zarqawi to be captured/neutralised by 31 May 2005,2,16.9,May/11/2005 15:48:19
228406,ZARQAWI.CAPTURE.MAY,Abu Musab al-Zarqawi to be captured/neutralised by 31 May 2005,5,16.5,May/11/2005 15:48:19
228406,ZARQAWI.CAPTURE.MAY,Abu Musab al-Zarqawi to be captured/neutralised by 31 May 2005,3,17.2,May/11/2005 15:48:19
228406,ZARQAWI.CAPTURE.MAY,Abu Musab al-Zarqawi to be captured/neutralised by 31 May 2005,10,17.2,May/11/2005 15:48:54
228406,ZARQAWI.CAPTURE.MAY,Abu Musab al-Zarqawi to be captured/neutralised by 31 May 2005,3,17.7,May/11/2005 18:52:53
228406,ZARQAWI.CAPTURE.MAY,Abu Musab al-Zarqawi to be captured/neutralised by 31 May 2005,3,16.2,May/11/2005 20:18:02
228406,ZARQAWI.CAPTURE.MAY,Abu Musab al-Zarqawi to be captured/neutralised by 31 May 2005,3,16.3,May/11/2005 22:02:50
228406,ZARQAWI.CAPTURE.MAY,Abu Musab al-Zarqawi to be captured/neutralised by 31 May 2005,3,16.2,May/11/2005 23:10:56
228406,ZARQAWI.CAPTURE.MAY,Abu Musab al-Zarqawi to be captured/neutralised by 31 May 2005,2,10.1,May/11/2005 23:11:08
228406,ZARQAWI.CAPTURE.MAY,Abu Musab al-Zarqawi to be captured/neutralised by 31 May 2005,8,10.0,May/11/2005 23:11:08
228406,ZARQAWI.CAPTURE.MAY,Abu Musab al-Zarqawi to be captured/neutralised by 31 May 2005,1,15.0,May/11/2005 23:11:35
228406,ZARQAWI.CAPTURE.MAY,Abu Musab al-Zarqawi to be captured/neutralised by 31 May 2005,3,15.5,May/11/2005 23:30:39
228406,ZARQAWI.CAPTURE.MAY,Abu Musab al-Zarqawi to be captured/neutralised by 31 May 2005,1,15.8,May/11/2005 23:30:39
228406,ZARQAWI.CAPTURE.MAY,Abu Musab al-Zarqawi to be captured/neutralised by 31 May 2005,3,15.0,May/11/2005 23:32:25
228406,ZARQAWI.CAPTURE.MAY,Abu Musab al-Zarqawi to be captured/neutralised by 31 May 2005,1,14.1,May/12/2005 00:27:12
228406,ZARQAWI.CAPTURE.MAY,Abu Musab al-Zarqawi to be captured/neutralised by 31 May 2005,1,14.2,May/12/2005 00:55:41
228406,ZARQAWI.CAPTURE.MAY,Abu Musab al-Zarqawi to be captured/neutralised by 31 May 2005,2,14.2,May/12/2005 00:56:21
228406,ZARQAWI.CAPTURE.MAY,Abu Musab al-Zarqawi to be captured/neutralised by 31 May 2005,2,14.1,May/12/2005 00:56:21
228406,ZARQAWI.CAPTURE.MAY,Abu Musab al-Zarqawi to be captured/neutralised by 31 May 2005,2,10.0,May/12/2005 04:20:45
228406,ZARQAWI.CAPTURE.MAY,Abu Musab al-Zarqawi to be captured/neutralised by 31 May 2005,1,14.0,May/12/2005 04:22:53
228406,ZARQAWI.CAPTURE.MAY,Abu Musab al-Zarqawi to be captured/neutralised by 31 May 2005,2,14.0,May/12/2005 04:24:57
228406,ZARQAWI.CAPTURE.MAY,Abu Musab al-Zarqawi to be captured/neutralised by 31 May 2005,3,13.5,May/12/2005 04:48:34
228406,ZARQAWI.CAPTURE.MAY,Abu Musab al-Zarqawi to be captured/neutralised by 31 May 2005,1,13.0,May/12/2005 12:08:52
228406,ZARQAWI.CAPTURE.MAY,Abu Musab al-Zarqawi to be captured/neutralised by 31 May 2005,1,13.0,May/12/2005 12:09:05
228406,ZARQAWI.CAPTURE.MAY,Abu Musab al-Zarqawi to be captured/neutralised by 31 May 2005,1,13.0,May/12/2005 12:09:22
228406,ZARQAWI.CAPTURE.MAY,Abu Musab al-Zarqawi to be captured/neutralised by 31 May 2005,1,12.7,May/12/2005 21:35:56
228406,ZARQAWI.CAPTURE.MAY,Abu Musab al-Zarqawi to be captured/neutralised by 31 May 2005,2,13.0,May/12/2005 21:36:12
228406,ZARQAWI.CAPTURE.MAY,Abu Musab al-Zarqawi to be captured/neutralised by 31 May 2005,5,5.8,May/13/2005 00:09:49
228406,ZARQAWI.CAPTURE.MAY,Abu Musab al-Zarqawi to be captured/neutralised by 31 May 2005,10,5.7,May/13/2005 00:10:19
228406,ZARQAWI.CAPTURE.MAY,Abu Musab al-Zarqawi to be captured/neutralised by 31 May 2005,1,12.9,May/13/2005 00:10:43
228406,ZARQAWI.CAPTURE.MAY,Abu Musab al-Zarqawi to be captured/neutralised by 31 May 2005,2,8.0,May/13/2005 02:29:28
228406,ZARQAWI.CAPTURE.MAY,Abu Musab al-Zarqawi to be captured/neutralised by 31 May 2005,1,8.0,May/13/2005 02:29:37
228406,ZARQAWI.CAPTURE.MAY,Abu Musab al-Zarqawi to be captured/neutralised by 31 May 2005,10,5.7,May/13/2005 20:05:03
228406,ZARQAWI.CAPTURE.MAY,Abu Musab al-Zarqawi to be captured/neutralised by 31 May 2005,1,11.5,May/14/2005 01:42:27
228406,ZARQAWI.CAPTURE.MAY,Abu Musab al-Zarqawi to be captured/neutralised by 31 May 2005,1,8.8,May/15/2005 13:53:09
228406,ZARQAWI.CAPTURE.MAY,Abu Musab al-Zarqawi to be captured/neutralised by 31 May 2005,2,8.8,May/15/2005 14:16:38
228406,ZARQAWI.CAPTURE.MAY,Abu Musab al-Zarqawi to be captured/neutralised by 31 May 2005,5,8.8,May/15/2005 14:27:13
228406,ZARQAWI.CAPTURE.MAY,Abu Musab al-Zarqawi to be captured/neutralised by 31 May 2005,1,8.8,May/15/2005 14:47:50
228406,ZARQAWI.CAPTURE.MAY,Abu Musab al-Zarqawi to be captured/neutralised by 31 May 2005,16,8.8,May/15/2005 16:19:09
228406,ZARQAWI.CAPTURE.MAY,Abu Musab al-Zarqawi to be captured/neutralised by 31 May 2005,1,8.9,May/16/2005 00:10:12
228406,ZARQAWI.CAPTURE.MAY,Abu Musab al-Zarqawi to be captured/neutralised by 31 May 2005,10,9.0,May/16/2005 00:10:26
228406,ZARQAWI.CAPTURE.MAY,Abu Musab al-Zarqawi to be captured/neutralised by 31 May 2005,1,7.5,May/17/2005 02:38:20
228406,ZARQAWI.CAPTURE.MAY,Abu Musab al-Zarqawi to be captured/neutralised by 31 May 2005,1,5.5,May/17/2005 04:40:09
228406,ZARQAWI.CAPTURE.MAY,Abu Musab al-Zarqawi to be captured/neutralised by 31 May 2005,10,5.4,May/17/2005 10:54:31
228406,ZARQAWI.CAPTURE.MAY,Abu Musab al-Zarqawi to be captured/neutralised by 31 May 2005,2,5.5,May/17/2005 13:10:34
228406,ZARQAWI.CAPTURE.MAY,Abu Musab al-Zarqawi to be captured/neutralised by 31 May 2005,10,5.4,May/18/2005 03:59:15
228406,ZARQAWI.CAPTURE.MAY,Abu Musab al-Zarqawi to be captured/neutralised by 31 May 2005,50,5.3,May/18/2005 16:32:29
228406,ZARQAWI.CAPTURE.MAY,Abu Musab al-Zarqawi to be captured/neutralised by 31 May 2005,10,5.4,May/18/2005 16:32:29
228406,ZARQAWI.CAPTURE.MAY,Abu Musab al-Zarqawi to be captured/neutralised by 31 May 2005,39,5.0,May/18/2005 16:32:29
228406,ZARQAWI.CAPTURE.MAY,Abu Musab al-Zarqawi to be captured/neutralised by 31 May 2005,5,6.9,May/18/2005 23:08:46
228406,ZARQAWI.CAPTURE.MAY,Abu Musab al-Zarqawi to be captured/neutralised by 31 May 2005,1,6.9,May/18/2005 23:08:46
228406,ZARQAWI.CAPTURE.MAY,Abu Musab al-Zarqawi to be captured/neutralised by 31 May 2005,2,7.2,May/18/2005 23:28:33
228406,ZARQAWI.CAPTURE.MAY,Abu Musab al-Zarqawi to be captured/neutralised by 31 May 2005,2,7.2,May/18/2005 23:28:33
228406,ZARQAWI.CAPTURE.MAY,Abu Musab al-Zarqawi to be captured/neutralised by 31 May 2005,10,7.7,May/18/2005 23:28:33
228406,ZARQAWI.CAPTURE.MAY,Abu Musab al-Zarqawi to be captured/neutralised by 31 May 2005,1,7.6,May/18/2005 23:28:33
228406,ZARQAWI.CAPTURE.MAY,Abu Musab al-Zarqawi to be captured/neutralised by 31 May 2005,1,5.1,May/19/2005 18:11:58
228406,ZARQAWI.CAPTURE.MAY,Abu Musab al-Zarqawi to be captured/neutralised by 31 May 2005,1,6.8,May/19/2005 20:05:16
228406,ZARQAWI.CAPTURE.MAY,Abu Musab al-Zarqawi to be captured/neutralised by 31 May 2005,3,6.8,May/19/2005 20:05:16
228406,ZARQAWI.CAPTURE.MAY,Abu Musab al-Zarqawi to be captured/neutralised by 31 May 2005,10,7.7,May/19/2005 20:05:16
228406,ZARQAWI.CAPTURE.MAY,Abu Musab al-Zarqawi to be captured/neutralised by 31 May 2005,2,7.2,May/19/2005 20:05:16
228406,ZARQAWI.CAPTURE.MAY,Abu Musab al-Zarqawi to be captured/neutralised by 31 May 2005,10,7.4,May/19/2005 20:05:16
228406,ZARQAWI.CAPTURE.MAY,Abu Musab al-Zarqawi to be captured/neutralised by 31 May 2005,2,7.2,May/19/2005 20:05:16
228406,ZARQAWI.CAPTURE.MAY,Abu Musab al-Zarqawi to be captured/neutralised by 31 May 2005,4,5.1,May/19/2005 21:47:27
228406,ZARQAWI.CAPTURE.MAY,Abu Musab al-Zarqawi to be captured/neutralised by 31 May 2005,3,5.2,May/20/2005 02:02:45
228406,ZARQAWI.CAPTURE.MAY,Abu Musab al-Zarqawi to be captured/neutralised by 31 May 2005,1,5.2,May/20/2005 03:19:46
228406,ZARQAWI.CAPTURE.MAY,Abu Musab al-Zarqawi to be captured/neutralised by 31 May 2005,1,5.2,May/20/2005 07:06:07
228406,ZARQAWI.CAPTURE.MAY,Abu Musab al-Zarqawi to be captured/neutralised by 31 May 2005,1,5.1,May/20/2005 12:49:30
228406,ZARQAWI.CAPTURE.MAY,Abu Musab al-Zarqawi to be captured/neutralised by 31 May 2005,1,5.1,May/20/2005 21:39:57
228406,ZARQAWI.CAPTURE.MAY,Abu Musab al-Zarqawi to be captured/neutralised by 31 May 2005,2,5.1,May/20/2005 23:15:39
228406,ZARQAWI.CAPTURE.MAY,Abu Musab al-Zarqawi to be captured/neutralised by 31 May 2005,1,5.1,May/21/2005 18:16:02
228406,ZARQAWI.CAPTURE.MAY,Abu Musab al-Zarqawi to be captured/neutralised by 31 May 2005,10,5.0,May/21/2005 18:16:08
228406,ZARQAWI.CAPTURE.MAY,Abu Musab al-Zarqawi to be captured/neutralised by 31 May 2005,11,3.0,May/22/2005 06:27:39
228406,ZARQAWI.CAPTURE.MAY,Abu Musab al-Zarqawi to be captured/neutralised by 31 May 2005,1,3.8,May/24/2005 00:49:29
228406,ZARQAWI.CAPTURE.MAY,Abu Musab al-Zarqawi to be captured/neutralised by 31 May 2005,1,3.8,May/24/2005 00:49:29
228406,ZARQAWI.CAPTURE.MAY,Abu Musab al-Zarqawi to be captured/neutralised by 31 May 2005,2,3.9,May/24/2005 00:49:36
228406,ZARQAWI.CAPTURE.MAY,Abu Musab al-Zarqawi to be captured/neutralised by 31 May 2005,1,3.8,May/24/2005 14:00:58
228406,ZARQAWI.CAPTURE.MAY,Abu Musab al-Zarqawi to be captured/neutralised by 31 May 2005,6,3.9,May/24/2005 14:01:09
228406,ZARQAWI.CAPTURE.MAY,Abu Musab al-Zarqawi to be captured/neutralised by 31 May 2005,2,3.9,May/24/2005 15:08:34
228406,ZARQAWI.CAPTURE.MAY,Abu Musab al-Zarqawi to be captured/neutralised by 31 May 2005,1,4.0,May/24/2005 15:08:34
228406,ZARQAWI.CAPTURE.MAY,Abu Musab al-Zarqawi to be captured/neutralised by 31 May 2005,2,3.9,May/24/2005 15:08:34
228406,ZARQAWI.CAPTURE.MAY,Abu Musab al-Zarqawi to be captured/neutralised by 31 May 2005,6,4.0,May/24/2005 15:10:30
228406,ZARQAWI.CAPTURE.MAY,Abu Musab al-Zarqawi to be captured/neutralised by 31 May 2005,1,4.0,May/24/2005 15:10:30
228406,ZARQAWI.CAPTURE.MAY,Abu Musab al-Zarqawi to be captured/neutralised by 31 May 2005,9,4.1,May/24/2005 15:12:23
228406,ZARQAWI.CAPTURE.MAY,Abu Musab al-Zarqawi to be captured/neutralised by 31 May 2005,10,4.8,May/24/2005 15:13:59
228406,ZARQAWI.CAPTURE.MAY,Abu Musab al-Zarqawi to be captured/neutralised by 31 May 2005,16,5.6,May/24/2005 15:16:54
228406,ZARQAWI.CAPTURE.MAY,Abu Musab al-Zarqawi to be captured/neutralised by 31 May 2005,10,5.5,May/24/2005 15:16:54
228406,ZARQAWI.CAPTURE.MAY,Abu Musab al-Zarqawi to be captured/neutralised by 31 May 2005,1,5.5,May/24/2005 15:16:54
228406,ZARQAWI.CAPTURE.MAY,Abu Musab al-Zarqawi to be captured/neutralised by 31 May 2005,10,9.3,May/24/2005 15:19:52
228406,ZARQAWI.CAPTURE.MAY,Abu Musab al-Zarqawi to be captured/neutralised by 31 May 2005,3,9.4,May/24/2005 15:21:57
228406,ZARQAWI.CAPTURE.MAY,Abu Musab al-Zarqawi to be captured/neutralised by 31 May 2005,15,9.9,May/24/2005 15:35:22
228406,ZARQAWI.CAPTURE.MAY,Abu Musab al-Zarqawi to be captured/neutralised by 31 May 2005,5,10.3,May/24/2005 15:41:25
228406,ZARQAWI.CAPTURE.MAY,Abu Musab al-Zarqawi to be captured/neutralised by 31 May 2005,3,12.4,May/24/2005 15:41:52
228406,ZARQAWI.CAPTURE.MAY,Abu Musab al-Zarqawi to be captured/neutralised by 31 May 2005,7,15.5,May/24/2005 15:41:52
228406,ZARQAWI.CAPTURE.MAY,Abu Musab al-Zarqawi to be captured/neutralised by 31 May 2005,10,12.1,May/24/2005 15:42:31
228406,ZARQAWI.CAPTURE.MAY,Abu Musab al-Zarqawi to be captured/neutralised by 31 May 2005,5,12.0,May/24/2005 15:45:49
228406,ZARQAWI.CAPTURE.MAY,Abu Musab al-Zarqawi to be captured/neutralised by 31 May 2005,1,12.5,May/24/2005 15:49:03
228406,ZARQAWI.CAPTURE.MAY,Abu Musab al-Zarqawi to be captured/neutralised by 31 May 2005,1,12.0,May/24/2005 15:49:37
228406,ZARQAWI.CAPTURE.MAY,Abu Musab al-Zarqawi to be captured/neutralised by 31 May 2005,3,12.0,May/24/2005 15:50:24
228406,ZARQAWI.CAPTURE.MAY,Abu Musab al-Zarqawi to be captured/neutralised by 31 May 2005,1,10.4,May/24/2005 15:59:48
228406,ZARQAWI.CAPTURE.MAY,Abu Musab al-Zarqawi to be captured/neutralised by 31 May 2005,7,11.3,May/24/2005 16:12:18
228406,ZARQAWI.CAPTURE.MAY,Abu Musab al-Zarqawi to be captured/neutralised by 31 May 2005,3,10.9,May/24/2005 16:24:51
228406,ZARQAWI.CAPTURE.MAY,Abu Musab al-Zarqawi to be captured/neutralised by 31 May 2005,2,10.6,May/24/2005 16:30:26
228406,ZARQAWI.CAPTURE.MAY,Abu Musab al-Zarqawi to be captured/neutralised by 31 May 2005,5,11.5,May/24/2005 16:36:47
228406,ZARQAWI.CAPTURE.MAY,Abu Musab al-Zarqawi to be captured/neutralised by 31 May 2005,1,11.4,May/24/2005 16:36:47
228406,ZARQAWI.CAPTURE.MAY,Abu Musab al-Zarqawi to be captured/neutralised by 31 May 2005,6,11.3,May/24/2005 16:36:47
228406,ZARQAWI.CAPTURE.MAY,Abu Musab al-Zarqawi to be captured/neutralised by 31 May 2005,1,11.7,May/24/2005 16:36:47
228406,ZARQAWI.CAPTURE.MAY,Abu Musab al-Zarqawi to be captured/neutralised by 31 May 2005,10,11.8,May/24/2005 16:36:47
228406,ZARQAWI.CAPTURE.MAY,Abu Musab al-Zarqawi to be captured/neutralised by 31 May 2005,8,11.9,May/24/2005 16:36:47
228406,ZARQAWI.CAPTURE.MAY,Abu Musab al-Zarqawi to be captured/neutralised by 31 May 2005,20,12.0,May/24/2005 16:43:00
228406,ZARQAWI.CAPTURE.MAY,Abu Musab al-Zarqawi to be captured/neutralised by 31 May 2005,49,12.0,May/24/2005 17:03:12
228406,ZARQAWI.CAPTURE.MAY,Abu Musab al-Zarqawi to be captured/neutralised by 31 May 2005,7,8.0,May/24/2005 17:24:04
228406,ZARQAWI.CAPTURE.MAY,Abu Musab al-Zarqawi to be captured/neutralised by 31 May 2005,10,5.1,May/24/2005 18:07:04
228406,ZARQAWI.CAPTURE.MAY,Abu Musab al-Zarqawi to be captured/neutralised by 31 May 2005,3,4.4,May/24/2005 18:08:25
228406,ZARQAWI.CAPTURE.MAY,Abu Musab al-Zarqawi to be captured/neutralised by 31 May 2005,15,4.4,May/24/2005 18:10:09
228406,ZARQAWI.CAPTURE.MAY,Abu Musab al-Zarqawi to be captured/neutralised by 31 May 2005,8,9.9,May/24/2005 19:27:52
228406,ZARQAWI.CAPTURE.MAY,Abu Musab al-Zarqawi to be captured/neutralised by 31 May 2005,10,9.0,May/24/2005 21:05:13
228406,ZARQAWI.CAPTURE.MAY,Abu Musab al-Zarqawi to be captured/neutralised by 31 May 2005,4,8.0,May/24/2005 21:31:19
228406,ZARQAWI.CAPTURE.MAY,Abu Musab al-Zarqawi to be captured/neutralised by 31 May 2005,1,8.0,May/24/2005 22:52:50
228406,ZARQAWI.CAPTURE.MAY,Abu Musab al-Zarqawi to be captured/neutralised by 31 May 2005,1,8.0,May/24/2005 23:24:54
228406,ZARQAWI.CAPTURE.MAY,Abu Musab al-Zarqawi to be captured/neutralised by 31 May 2005,5,8.0,May/24/2005 23:24:54
228406,ZARQAWI.CAPTURE.MAY,Abu Musab al-Zarqawi to be captured/neutralised by 31 May 2005,2,8.9,May/25/2005 00:03:25
228406,ZARQAWI.CAPTURE.MAY,Abu Musab al-Zarqawi to be captured/neutralised by 31 May 2005,50,5.2,May/25/2005 00:05:25
228406,ZARQAWI.CAPTURE.MAY,Abu Musab al-Zarqawi to be captured/neutralised by 31 May 2005,50,5.2,May/25/2005 00:05:25
228406,ZARQAWI.CAPTURE.MAY,Abu Musab al-Zarqawi to be captured/neutralised by 31 May 2005,10,5.1,May/25/2005 00:06:14
228406,ZARQAWI.CAPTURE.MAY,Abu Musab al-Zarqawi to be captured/neutralised by 31 May 2005,10,5.0,May/25/2005 00:06:14
228406,ZARQAWI.CAPTURE.MAY,Abu Musab al-Zarqawi to be captured/neutralised by 31 May 2005,20,5.0,May/25/2005 00:06:14
228406,ZARQAWI.CAPTURE.MAY,Abu Musab al-Zarqawi to be captured/neutralised by 31 May 2005,100,7.7,May/25/2005 03:03:02
228406,ZARQAWI.CAPTURE.MAY,Abu Musab al-Zarqawi to be captured/neutralised by 31 May 2005,12,7.8,May/25/2005 03:12:04
228406,ZARQAWI.CAPTURE.MAY,Abu Musab al-Zarqawi to be captured/neutralised by 31 May 2005,10,9.0,May/25/2005 03:25:11
228406,ZARQAWI.CAPTURE.MAY,Abu Musab al-Zarqawi to be captured/neutralised by 31 May 2005,10,9.9,May/25/2005 03:25:40
228406,ZARQAWI.CAPTURE.MAY,Abu Musab al-Zarqawi to be captured/neutralised by 31 May 2005,2,10.9,May/25/2005 03:26:01
228406,ZARQAWI.CAPTURE.MAY,Abu Musab al-Zarqawi to be captured/neutralised by 31 May 2005,10,10.0,May/25/2005 05:19:15
228406,ZARQAWI.CAPTURE.MAY,Abu Musab al-Zarqawi to be captured/neutralised by 31 May 2005,1,8.6,May/25/2005 15:07:07
228406,ZARQAWI.CAPTURE.MAY,Abu Musab al-Zarqawi to be captured/neutralised by 31 May 2005,3,8.5,May/25/2005 15:08:41
228406,ZARQAWI.CAPTURE.MAY,Abu Musab al-Zarqawi to be captured/neutralised by 31 May 2005,47,8.5,May/25/2005 15:31:04
228406,ZARQAWI.CAPTURE.MAY,Abu Musab al-Zarqawi to be captured/neutralised by 31 May 2005,1,8.9,May/25/2005 16:04:44
228406,ZARQAWI.CAPTURE.MAY,Abu Musab al-Zarqawi to be captured/neutralised by 31 May 2005,29,9.8,May/25/2005 16:04:44
228406,ZARQAWI.CAPTURE.MAY,Abu Musab al-Zarqawi to be captured/neutralised by 31 May 2005,20,9.0,May/25/2005 16:04:44
228406,ZARQAWI.CAPTURE.MAY,Abu Musab al-Zarqawi to be captured/neutralised by 31 May 2005,6,5.3,May/25/2005 16:18:19
228406,ZARQAWI.CAPTURE.MAY,Abu Musab al-Zarqawi to be captured/neutralised by 31 May 2005,1,5.3,May/25/2005 16:18:19
228406,ZARQAWI.CAPTURE.MAY,Abu Musab al-Zarqawi to be captured/neutralised by 31 May 2005,10,5.1,May/25/2005 16:18:19
228406,ZARQAWI.CAPTURE.MAY,Abu Musab al-Zarqawi to be captured/neutralised by 31 May 2005,33,4.7,May/25/2005 16:18:19
228406,ZARQAWI.CAPTURE.MAY,Abu Musab al-Zarqawi to be captured/neutralised by 31 May 2005,17,4.7,May/25/2005 16:21:43
228406,ZARQAWI.CAPTURE.MAY,Abu Musab al-Zarqawi to be captured/neutralised by 31 May 2005,1,5.0,May/25/2005 19:02:04
228406,ZARQAWI.CAPTURE.MAY,Abu Musab al-Zarqawi to be captured/neutralised by 31 May 2005,1,3.3,May/26/2005 02:23:09
228406,ZARQAWI.CAPTURE.MAY,Abu Musab al-Zarqawi to be captured/neutralised by 31 May 2005,1,3.3,May/26/2005 02:23:09
228406,ZARQAWI.CAPTURE.MAY,Abu Musab al-Zarqawi to be captured/neutralised by 31 May 2005,1,3.1,May/26/2005 02:23:09
228406,ZARQAWI.CAPTURE.MAY,Abu Musab al-Zarqawi to be captured/neutralised by 31 May 2005,2,3.0,May/26/2005 02:23:09
228406,ZARQAWI.CAPTURE.MAY,Abu Musab al-Zarqawi to be captured/neutralised by 31 May 2005,20,8.6,May/26/2005 08:23:08
228406,ZARQAWI.CAPTURE.MAY,Abu Musab al-Zarqawi to be captured/neutralised by 31 May 2005,2,8.5,May/26/2005 08:23:08
228406,ZARQAWI.CAPTURE.MAY,Abu Musab al-Zarqawi to be captured/neutralised by 31 May 2005,17,8.9,May/26/2005 09:14:50
228406,ZARQAWI.CAPTURE.MAY,Abu Musab al-Zarqawi to be captured/neutralised by 31 May 2005,6,9.8,May/26/2005 09:15:01
228406,ZARQAWI.CAPTURE.MAY,Abu Musab al-Zarqawi to be captured/neutralised by 31 May 2005,10,10.0,May/26/2005 09:15:40
228406,ZARQAWI.CAPTURE.MAY,Abu Musab al-Zarqawi to be captured/neutralised by 31 May 2005,20,11.0,May/26/2005 09:16:18
228406,ZARQAWI.CAPTURE.MAY,Abu Musab al-Zarqawi to be captured/neutralised by 31 May 2005,1,15.9,May/26/2005 09:16:32
228406,ZARQAWI.CAPTURE.MAY,Abu Musab al-Zarqawi to be captured/neutralised by 31 May 2005,2,8.9,May/26/2005 13:38:22
228406,ZARQAWI.CAPTURE.MAY,Abu Musab al-Zarqawi to be captured/neutralised by 31 May 2005,10,13.0,May/26/2005 13:38:22
228406,ZARQAWI.CAPTURE.MAY,Abu Musab al-Zarqawi to be captured/neutralised by 31 May 2005,30,9.0,May/26/2005 13:38:22
228406,ZARQAWI.CAPTURE.MAY,Abu Musab al-Zarqawi to be captured/neutralised by 31 May 2005,1,13.9,May/26/2005 13:38:22
228406,ZARQAWI.CAPTURE.MAY,Abu Musab al-Zarqawi to be captured/neutralised by 31 May 2005,20,14.0,May/26/2005 13:38:22
228406,ZARQAWI.CAPTURE.MAY,Abu Musab al-Zarqawi to be captured/neutralised by 31 May 2005,20,15.0,May/26/2005 13:52:27
228406,ZARQAWI.CAPTURE.MAY,Abu Musab al-Zarqawi to be captured/neutralised by 31 May 2005,10,14.0,May/26/2005 13:52:27
228406,ZARQAWI.CAPTURE.MAY,Abu Musab al-Zarqawi to be captured/neutralised by 31 May 2005,20,16.0,May/26/2005 13:52:27
228406,ZARQAWI.CAPTURE.MAY,Abu Musab al-Zarqawi to be captured/neutralised by 31 May 2005,1,15.9,May/26/2005 14:03:47
228406,ZARQAWI.CAPTURE.MAY,Abu Musab al-Zarqawi to be captured/neutralised by 31 May 2005,11,16.0,May/26/2005 14:04:17
228406,ZARQAWI.CAPTURE.MAY,Abu Musab al-Zarqawi to be captured/neutralised by 31 May 2005,6,15.8,May/26/2005 14:14:34
228406,ZARQAWI.CAPTURE.MAY,Abu Musab al-Zarqawi to be captured/neutralised by 31 May 2005,6,16.0,May/26/2005 14:19:43
228406,ZARQAWI.CAPTURE.MAY,Abu Musab al-Zarqawi to be captured/neutralised by 31 May 2005,10,16.0,May/26/2005 14:24:55
228406,ZARQAWI.CAPTURE.MAY,Abu Musab al-Zarqawi to be captured/neutralised by 31 May 2005,10,16.0,May/26/2005 14:28:33
228406,ZARQAWI.CAPTURE.MAY,Abu Musab al-Zarqawi to be captured/neutralised by 31 May 2005,1,14.8,May/26/2005 15:23:05
228406,ZARQAWI.CAPTURE.MAY,Abu Musab al-Zarqawi to be captured/neutralised by 31 May 2005,1,14.9,May/26/2005 15:23:05
228406,ZARQAWI.CAPTURE.MAY,Abu Musab al-Zarqawi to be captured/neutralised by 31 May 2005,5,15.4,May/26/2005 15:23:05
228406,ZARQAWI.CAPTURE.MAY,Abu Musab al-Zarqawi to be captured/neutralised by 31 May 2005,7,15.8,May/26/2005 15:23:05
228406,ZARQAWI.CAPTURE.MAY,Abu Musab al-Zarqawi to be captured/neutralised by 31 May 2005,2,15.7,May/26/2005 15:23:05
228406,ZARQAWI.CAPTURE.MAY,Abu Musab al-Zarqawi to be captured/neutralised by 31 May 2005,3,15.8,May/26/2005 15:23:05
228406,ZARQAWI.CAPTURE.MAY,Abu Musab al-Zarqawi to be captured/neutralised by 31 May 2005,8,15.6,May/26/2005 15:23:23
228406,ZARQAWI.CAPTURE.MAY,Abu Musab al-Zarqawi to be captured/neutralised by 31 May 2005,20,15.9,May/26/2005 15:23:23
228406,ZARQAWI.CAPTURE.MAY,Abu Musab al-Zarqawi to be captured/neutralised by 31 May 2005,1,15.9,May/26/2005 15:23:23
228406,ZARQAWI.CAPTURE.MAY,Abu Musab al-Zarqawi to be captured/neutralised by 31 May 2005,2,16.0,May/26/2005 15:23:49
228406,ZARQAWI.CAPTURE.MAY,Abu Musab al-Zarqawi to be captured/neutralised by 31 May 2005,1,12.1,May/26/2005 15:25:11
228406,ZARQAWI.CAPTURE.MAY,Abu Musab al-Zarqawi to be captured/neutralised by 31 May 2005,10,11.0,May/26/2005 16:32:53
228406,ZARQAWI.CAPTURE.MAY,Abu Musab al-Zarqawi to be captured/neutralised by 31 May 2005,3,8.0,May/26/2005 17:39:05
228406,ZARQAWI.CAPTURE.MAY,Abu Musab al-Zarqawi to be captured/neutralised by 31 May 2005,2,10.0,May/26/2005 17:44:40
228406,ZARQAWI.CAPTURE.MAY,Abu Musab al-Zarqawi to be captured/neutralised by 31 May 2005,1,10.0,May/26/2005 18:10:04
228406,ZARQAWI.CAPTURE.MAY,Abu Musab al-Zarqawi to be captured/neutralised by 31 May 2005,1,5.2,May/26/2005 18:21:49
228406,ZARQAWI.CAPTURE.MAY,Abu Musab al-Zarqawi to be captured/neutralised by 31 May 2005,8,10.0,May/26/2005 18:52:55
228406,ZARQAWI.CAPTURE.MAY,Abu Musab al-Zarqawi to be captured/neutralised by 31 May 2005,2,10.0,May/26/2005 18:52:55
228406,ZARQAWI.CAPTURE.MAY,Abu Musab al-Zarqawi to be captured/neutralised by 31 May 2005,1,8.9,May/26/2005 19:26:22
228406,ZARQAWI.CAPTURE.MAY,Abu Musab al-Zarqawi to be captured/neutralised by 31 May 2005,1,5.3,May/26/2005 19:37:47
228406,ZARQAWI.CAPTURE.MAY,Abu Musab al-Zarqawi to be captured/neutralised by 31 May 2005,9,5.2,May/26/2005 19:37:47
228406,ZARQAWI.CAPTURE.MAY,Abu Musab al-Zarqawi to be captured/neutralised by 31 May 2005,5,10.0,May/26/2005 19:38:44
228406,ZARQAWI.CAPTURE.MAY,Abu Musab al-Zarqawi to be captured/neutralised by 31 May 2005,7,5.2,May/26/2005 20:06:38
228406,ZARQAWI.CAPTURE.MAY,Abu Musab al-Zarqawi to be captured/neutralised by 31 May 2005,6,9.8,May/26/2005 20:16:41
228406,ZARQAWI.CAPTURE.MAY,Abu Musab al-Zarqawi to be captured/neutralised by 31 May 2005,7,10.0,May/26/2005 20:39:02
228406,ZARQAWI.CAPTURE.MAY,Abu Musab al-Zarqawi to be captured/neutralised by 31 May 2005,5,9.9,May/26/2005 20:39:02
228406,ZARQAWI.CAPTURE.MAY,Abu Musab al-Zarqawi to be captured/neutralised by 31 May 2005,4,9.8,May/26/2005 20:39:02
228406,ZARQAWI.CAPTURE.MAY,Abu Musab al-Zarqawi to be captured/neutralised by 31 May 2005,1,12.9,May/26/2005 20:39:50
228406,ZARQAWI.CAPTURE.MAY,Abu Musab al-Zarqawi to be captured/neutralised by 31 May 2005,1,5.5,May/26/2005 21:13:19
228406,ZARQAWI.CAPTURE.MAY,Abu Musab al-Zarqawi to be captured/neutralised by 31 May 2005,50,8.0,May/26/2005 22:54:32
228406,ZARQAWI.CAPTURE.MAY,Abu Musab al-Zarqawi to be captured/neutralised by 31 May 2005,2,8.2,May/26/2005 22:54:32
228406,ZARQAWI.CAPTURE.MAY,Abu Musab al-Zarqawi to be captured/neutralised by 31 May 2005,2,10.6,May/27/2005 00:13:31
228406,ZARQAWI.CAPTURE.MAY,Abu Musab al-Zarqawi to be captured/neutralised by 31 May 2005,5,10.6,May/27/2005 00:13:31
228406,ZARQAWI.CAPTURE.MAY,Abu Musab al-Zarqawi to be captured/neutralised by 31 May 2005,6,10.7,May/27/2005 00:13:31
228406,ZARQAWI.CAPTURE.MAY,Abu Musab al-Zarqawi to be captured/neutralised by 31 May 2005,20,11.0,May/27/2005 00:13:31
228406,ZARQAWI.CAPTURE.MAY,Abu Musab al-Zarqawi to be captured/neutralised by 31 May 2005,1,12.5,May/27/2005 00:13:31
228406,ZARQAWI.CAPTURE.MAY,Abu Musab al-Zarqawi to be captured/neutralised by 31 May 2005,10,12.6,May/27/2005 00:15:31
228406,ZARQAWI.CAPTURE.MAY,Abu Musab al-Zarqawi to be captured/neutralised by 31 May 2005,2,12.9,May/27/2005 00:15:31
228406,ZARQAWI.CAPTURE.MAY,Abu Musab al-Zarqawi to be captured/neutralised by 31 May 2005,5,14.9,May/27/2005 00:15:40
228406,ZARQAWI.CAPTURE.MAY,Abu Musab al-Zarqawi to be captured/neutralised by 31 May 2005,7,14.9,May/27/2005 00:15:40
228406,ZARQAWI.CAPTURE.MAY,Abu Musab al-Zarqawi to be captured/neutralised by 31 May 2005,3,17.1,May/27/2005 00:15:56
228406,ZARQAWI.CAPTURE.MAY,Abu Musab al-Zarqawi to be captured/neutralised by 31 May 2005,1,17.7,May/27/2005 00:15:56
228406,ZARQAWI.CAPTURE.MAY,Abu Musab al-Zarqawi to be captured/neutralised by 31 May 2005,3,15.1,May/27/2005 00:22:23
228406,ZARQAWI.CAPTURE.MAY,Abu Musab al-Zarqawi to be captured/neutralised by 31 May 2005,15,10.0,May/27/2005 00:22:43
228406,ZARQAWI.CAPTURE.MAY,Abu Musab al-Zarqawi to be captured/neutralised by 31 May 2005,21,8.0,May/27/2005 01:16:03
228406,ZARQAWI.CAPTURE.MAY,Abu Musab al-Zarqawi to be captured/neutralised by 31 May 2005,1,8.1,May/27/2005 01:16:03
228406,ZARQAWI.CAPTURE.MAY,Abu Musab al-Zarqawi to be captured/neutralised by 31 May 2005,3,8.0,May/27/2005 01:18:53
228406,ZARQAWI.CAPTURE.MAY,Abu Musab al-Zarqawi to be captured/neutralised by 31 May 2005,17,8.0,May/27/2005 01:52:01
228406,ZARQAWI.CAPTURE.MAY,Abu Musab al-Zarqawi to be captured/neutralised by 31 May 2005,1,8.1,May/27/2005 01:52:01
228406,ZARQAWI.CAPTURE.MAY,Abu Musab al-Zarqawi to be captured/neutralised by 31 May 2005,1,6.0,May/27/2005 02:46:26
228406,ZARQAWI.CAPTURE.MAY,Abu Musab al-Zarqawi to be captured/neutralised by 31 May 2005,2,9.0,May/27/2005 04:17:51
228406,ZARQAWI.CAPTURE.MAY,Abu Musab al-Zarqawi to be captured/neutralised by 31 May 2005,2,9.0,May/27/2005 04:17:51
228406,ZARQAWI.CAPTURE.MAY,Abu Musab al-Zarqawi to be captured/neutralised by 31 May 2005,1,7.0,May/27/2005 07:54:45
228406,ZARQAWI.CAPTURE.MAY,Abu Musab al-Zarqawi to be captured/neutralised by 31 May 2005,20,10.0,May/27/2005 09:19:42
228406,ZARQAWI.CAPTURE.MAY,Abu Musab al-Zarqawi to be captured/neutralised by 31 May 2005,1,9.9,May/27/2005 09:19:42
228406,ZARQAWI.CAPTURE.MAY,Abu Musab al-Zarqawi to be captured/neutralised by 31 May 2005,5,9.9,May/27/2005 09:19:42
228406,ZARQAWI.CAPTURE.MAY,Abu Musab al-Zarqawi to be captured/neutralised by 31 May 2005,2,10.0,May/27/2005 11:53:53
228406,ZARQAWI.CAPTURE.MAY,Abu Musab al-Zarqawi to be captured/neutralised by 31 May 2005,20,9.5,May/27/2005 13:24:00
228406,ZARQAWI.CAPTURE.MAY,Abu Musab al-Zarqawi to be captured/neutralised by 31 May 2005,20,9.5,May/27/2005 13:24:00
228406,ZARQAWI.CAPTURE.MAY,Abu Musab al-Zarqawi to be captured/neutralised by 31 May 2005,1,9.4,May/27/2005 13:24:00
228406,ZARQAWI.CAPTURE.MAY,Abu Musab al-Zarqawi to be captured/neutralised by 31 May 2005,1,9.4,May/27/2005 13:24:00
228406,ZARQAWI.CAPTURE.MAY,Abu Musab al-Zarqawi to be captured/neutralised by 31 May 2005,2,9.5,May/27/2005 13:24:00
228406,ZARQAWI.CAPTURE.MAY,Abu Musab al-Zarqawi to be captured/neutralised by 31 May 2005,28,10.0,May/27/2005 13:24:00
228406,ZARQAWI.CAPTURE.MAY,Abu Musab al-Zarqawi to be captured/neutralised by 31 May 2005,20,10.0,May/27/2005 13:24:00
228406,ZARQAWI.CAPTURE.MAY,Abu Musab al-Zarqawi to be captured/neutralised by 31 May 2005,30,10.0,May/27/2005 13:45:00
228406,ZARQAWI.CAPTURE.MAY,Abu Musab al-Zarqawi to be captured/neutralised by 31 May 2005,9,9.3,May/27/2005 16:53:04
228406,ZARQAWI.CAPTURE.MAY,Abu Musab al-Zarqawi to be captured/neutralised by 31 May 2005,1,9.2,May/27/2005 16:53:04
228406,ZARQAWI.CAPTURE.MAY,Abu Musab al-Zarqawi to be captured/neutralised by 31 May 2005,1,9.3,May/27/2005 16:59:13
228406,ZARQAWI.CAPTURE.MAY,Abu Musab al-Zarqawi to be captured/neutralised by 31 May 2005,10,9.4,May/27/2005 16:59:13
228406,ZARQAWI.CAPTURE.MAY,Abu Musab al-Zarqawi to be captured/neutralised by 31 May 2005,14,10.0,May/27/2005 16:59:13
228406,ZARQAWI.CAPTURE.MAY,Abu Musab al-Zarqawi to be captured/neutralised by 31 May 2005,5,9.5,May/27/2005 17:16:14
228406,ZARQAWI.CAPTURE.MAY,Abu Musab al-Zarqawi to be captured/neutralised by 31 May 2005,5,9.2,May/27/2005 17:16:14
228406,ZARQAWI.CAPTURE.MAY,Abu Musab al-Zarqawi to be captured/neutralised by 31 May 2005,5,9.9,May/27/2005 17:17:01
228406,ZARQAWI.CAPTURE.MAY,Abu Musab al-Zarqawi to be captured/neutralised by 31 May 2005,10,9.0,May/27/2005 18:26:25
228406,ZARQAWI.CAPTURE.MAY,Abu Musab al-Zarqawi to be captured/neutralised by 31 May 2005,1,5.5,May/27/2005 19:43:58
228406,ZARQAWI.CAPTURE.MAY,Abu Musab al-Zarqawi to be captured/neutralised by 31 May 2005,1,4.8,May/28/2005 03:20:15
228406,ZARQAWI.CAPTURE.MAY,Abu Musab al-Zarqawi to be captured/neutralised by 31 May 2005,10,4.9,May/28/2005 03:20:55
228406,ZARQAWI.CAPTURE.MAY,Abu Musab al-Zarqawi to be captured/neutralised by 31 May 2005,8,4.9,May/28/2005 04:13:55
228406,ZARQAWI.CAPTURE.MAY,Abu Musab al-Zarqawi to be captured/neutralised by 31 May 2005,1,3.8,May/28/2005 11:33:28
228406,ZARQAWI.CAPTURE.MAY,Abu Musab al-Zarqawi to be captured/neutralised by 31 May 2005,10,3.6,May/28/2005 11:33:28
228406,ZARQAWI.CAPTURE.MAY,Abu Musab al-Zarqawi to be captured/neutralised by 31 May 2005,1,8.8,May/28/2005 11:48:07
228406,ZARQAWI.CAPTURE.MAY,Abu Musab al-Zarqawi to be captured/neutralised by 31 May 2005,6,8.8,May/28/2005 11:48:07
228406,ZARQAWI.CAPTURE.MAY,Abu Musab al-Zarqawi to be captured/neutralised by 31 May 2005,3,8.8,May/28/2005 11:48:07
228406,ZARQAWI.CAPTURE.MAY,Abu Musab al-Zarqawi to be captured/neutralised by 31 May 2005,10,8.9,May/28/2005 11:48:33
228406,ZARQAWI.CAPTURE.MAY,Abu Musab al-Zarqawi to be captured/neutralised by 31 May 2005,1,9.0,May/28/2005 11:51:19
228406,ZARQAWI.CAPTURE.MAY,Abu Musab al-Zarqawi to be captured/neutralised by 31 May 2005,5,4.6,May/28/2005 16:59:05
228406,ZARQAWI.CAPTURE.MAY,Abu Musab al-Zarqawi to be captured/neutralised by 31 May 2005,2,4.7,May/28/2005 16:59:05
228406,ZARQAWI.CAPTURE.MAY,Abu Musab al-Zarqawi to be captured/neutralised by 31 May 2005,5,4.6,May/28/2005 17:02:06
228406,ZARQAWI.CAPTURE.MAY,Abu Musab al-Zarqawi to be captured/neutralised by 31 May 2005,5,4.5,May/28/2005 17:10:58
228406,ZARQAWI.CAPTURE.MAY,Abu Musab al-Zarqawi to be captured/neutralised by 31 May 2005,2,4.6,May/28/2005 17:34:26
228406,ZARQAWI.CAPTURE.MAY,Abu Musab al-Zarqawi to be captured/neutralised by 31 May 2005,8,4.5,May/28/2005 17:34:52
228406,ZARQAWI.CAPTURE.MAY,Abu Musab al-Zarqawi to be captured/neutralised by 31 May 2005,10,8.0,May/28/2005 17:38:46
228406,ZARQAWI.CAPTURE.MAY,Abu Musab al-Zarqawi to be captured/neutralised by 31 May 2005,2,7.9,May/28/2005 17:38:46
228406,ZARQAWI.CAPTURE.MAY,Abu Musab al-Zarqawi to be captured/neutralised by 31 May 2005,1,3.7,May/28/2005 18:55:10
228406,ZARQAWI.CAPTURE.MAY,Abu Musab al-Zarqawi to be captured/neutralised by 31 May 2005,2,3.7,May/29/2005 03:57:20
228406,ZARQAWI.CAPTURE.MAY,Abu Musab al-Zarqawi to be captured/neutralised by 31 May 2005,11,3.6,May/29/2005 12:12:13
228406,ZARQAWI.CAPTURE.MAY,Abu Musab al-Zarqawi to be captured/neutralised by 31 May 2005,10,3.2,May/29/2005 12:12:13
228406,ZARQAWI.CAPTURE.MAY,Abu Musab al-Zarqawi to be captured/neutralised by 31 May 2005,3,5.9,May/29/2005 12:42:39
228406,ZARQAWI.CAPTURE.MAY,Abu Musab al-Zarqawi to be captured/neutralised by 31 May 2005,20,6.0,May/29/2005 12:42:39
228406,ZARQAWI.CAPTURE.MAY,Abu Musab al-Zarqawi to be captured/neutralised by 31 May 2005,33,8.2,May/29/2005 14:34:15
228406,ZARQAWI.CAPTURE.MAY,Abu Musab al-Zarqawi to be captured/neutralised by 31 May 2005,10,7.7,May/29/2005 14:34:15
228406,ZARQAWI.CAPTURE.MAY,Abu Musab al-Zarqawi to be captured/neutralised by 31 May 2005,10,5.0,May/29/2005 15:23:13
228406,ZARQAWI.CAPTURE.MAY,Abu Musab al-Zarqawi to be captured/neutralised by 31 May 2005,10,7.5,May/29/2005 15:23:22
228406,ZARQAWI.CAPTURE.MAY,Abu Musab al-Zarqawi to be captured/neutralised by 31 May 2005,1,12.5,May/29/2005 15:28:38
228406,ZARQAWI.CAPTURE.MAY,Abu Musab al-Zarqawi to be captured/neutralised by 31 May 2005,1,6.0,May/29/2005 15:54:46
228406,ZARQAWI.CAPTURE.MAY,Abu Musab al-Zarqawi to be captured/neutralised by 31 May 2005,25,6.0,May/29/2005 16:01:48
228406,ZARQAWI.CAPTURE.MAY,Abu Musab al-Zarqawi to be captured/neutralised by 31 May 2005,10,5.0,May/29/2005 16:05:27
228406,ZARQAWI.CAPTURE.MAY,Abu Musab al-Zarqawi to be captured/neutralised by 31 May 2005,27,5.0,May/29/2005 16:16:46
228406,ZARQAWI.CAPTURE.MAY,Abu Musab al-Zarqawi to be captured/neutralised by 31 May 2005,17,5.0,May/29/2005 16:17:35
228406,ZARQAWI.CAPTURE.MAY,Abu Musab al-Zarqawi to be captured/neutralised by 31 May 2005,45,4.0,May/29/2005 16:23:12
228406,ZARQAWI.CAPTURE.MAY,Abu Musab al-Zarqawi to be captured/neutralised by 31 May 2005,13,6.4,May/29/2005 17:37:52
228406,ZARQAWI.CAPTURE.MAY,Abu Musab al-Zarqawi to be captured/neutralised by 31 May 2005,10,6.3,May/29/2005 17:37:52
228406,ZARQAWI.CAPTURE.MAY,Abu Musab al-Zarqawi to be captured/neutralised by 31 May 2005,10,6.0,May/29/2005 17:37:52
228406,ZARQAWI.CAPTURE.MAY,Abu Musab al-Zarqawi to be captured/neutralised by 31 May 2005,20,7.0,May/29/2005 17:37:52
228406,ZARQAWI.CAPTURE.MAY,Abu Musab al-Zarqawi to be captured/neutralised by 31 May 2005,10,6.0,May/29/2005 18:19:39
228406,ZARQAWI.CAPTURE.MAY,Abu Musab al-Zarqawi to be captured/neutralised by 31 May 2005,45,5.0,May/29/2005 18:40:52
228406,ZARQAWI.CAPTURE.MAY,Abu Musab al-Zarqawi to be captured/neutralised by 31 May 2005,26,6.0,May/29/2005 18:40:52
228406,ZARQAWI.CAPTURE.MAY,Abu Musab al-Zarqawi to be captured/neutralised by 31 May 2005,53,4.0,May/29/2005 18:40:52
228406,ZARQAWI.CAPTURE.MAY,Abu Musab al-Zarqawi to be captured/neutralised by 31 May 2005,13,5.0,May/29/2005 20:44:41
228406,ZARQAWI.CAPTURE.MAY,Abu Musab al-Zarqawi to be captured/neutralised by 31 May 2005,10,6.3,May/29/2005 20:44:41
228406,ZARQAWI.CAPTURE.MAY,Abu Musab al-Zarqawi to be captured/neutralised by 31 May 2005,40,6.4,May/29/2005 20:44:41
228406,ZARQAWI.CAPTURE.MAY,Abu Musab al-Zarqawi to be captured/neutralised by 31 May 2005,3,6.5,May/29/2005 20:44:41
228406,ZARQAWI.CAPTURE.MAY,Abu Musab al-Zarqawi to be captured/neutralised by 31 May 2005,11,7.0,May/29/2005 20:44:56
228406,ZARQAWI.CAPTURE.MAY,Abu Musab al-Zarqawi to be captured/neutralised by 31 May 2005,2,3.0,May/29/2005 22:21:09
228406,ZARQAWI.CAPTURE.MAY,Abu Musab al-Zarqawi to be captured/neutralised by 31 May 2005,3,3.0,May/29/2005 22:22:18
228406,ZARQAWI.CAPTURE.MAY,Abu Musab al-Zarqawi to be captured/neutralised by 31 May 2005,1,3.0,May/29/2005 22:22:33
228406,ZARQAWI.CAPTURE.MAY,Abu Musab al-Zarqawi to be captured/neutralised by 31 May 2005,15,5.0,May/29/2005 23:15:10
228406,ZARQAWI.CAPTURE.MAY,Abu Musab al-Zarqawi to be captured/neutralised by 31 May 2005,63,5.0,May/29/2005 23:48:50
228406,ZARQAWI.CAPTURE.MAY,Abu Musab al-Zarqawi to be captured/neutralised by 31 May 2005,72,4.0,May/30/2005 00:18:23
228406,ZARQAWI.CAPTURE.MAY,Abu Musab al-Zarqawi to be captured/neutralised by 31 May 2005,5,3.1,May/30/2005 02:21:31
228406,ZARQAWI.CAPTURE.MAY,Abu Musab al-Zarqawi to be captured/neutralised by 31 May 2005,2,3.1,May/30/2005 02:35:44
228406,ZARQAWI.CAPTURE.MAY,Abu Musab al-Zarqawi to be captured/neutralised by 31 May 2005,10,3.5,May/30/2005 03:21:12
228406,ZARQAWI.CAPTURE.MAY,Abu Musab al-Zarqawi to be captured/neutralised by 31 May 2005,1,3.6,May/30/2005 03:26:42
228406,ZARQAWI.CAPTURE.MAY,Abu Musab al-Zarqawi to be captured/neutralised by 31 May 2005,5,3.6,May/30/2005 03:29:14
228406,ZARQAWI.CAPTURE.MAY,Abu Musab al-Zarqawi to be captured/neutralised by 31 May 2005,30,3.6,May/30/2005 05:58:46
228406,ZARQAWI.CAPTURE.MAY,Abu Musab al-Zarqawi to be captured/neutralised by 31 May 2005,3,2.0,May/30/2005 06:57:47
228406,ZARQAWI.CAPTURE.MAY,Abu Musab al-Zarqawi to be captured/neutralised by 31 May 2005,3,2.1,May/30/2005 08:02:37
228406,ZARQAWI.CAPTURE.MAY,Abu Musab al-Zarqawi to be captured/neutralised by 31 May 2005,1,2.1,May/30/2005 20:40:20
228406,ZARQAWI.CAPTURE.MAY,Abu Musab al-Zarqawi to be captured/neutralised by 31 May 2005,5,2.1,May/31/2005 07:08:06
228406,ZARQAWI.CAPTURE.MAY,Abu Musab al-Zarqawi to be captured/neutralised by 31 May 2005,3,1.5,May/31/2005 12:12:37
228406,ZARQAWI.CAPTURE.MAY,Abu Musab al-Zarqawi to be captured/neutralised by 31 May 2005,1,1.2,May/31/2005 15:14:10
228406,ZARQAWI.CAPTURE.MAY,Abu Musab al-Zarqawi to be captured/neutralised by 31 May 2005,5,1.0,May/31/2005 15:14:24
228406,ZARQAWI.CAPTURE.MAY,Abu Musab al-Zarqawi to be captured/neutralised by 31 May 2005,3,1.0,May/31/2005 16:56:47
228406,ZARQAWI.CAPTURE.MAY,Abu Musab al-Zarqawi to be captured/neutralised by 31 May 2005,50,1.0,May/31/2005 17:39:32
228406,ZARQAWI.CAPTURE.MAY,Abu Musab al-Zarqawi to be captured/neutralised by 31 May 2005,12,1.0,May/31/2005 20:01:07
228406,ZARQAWI.CAPTURE.MAY,Abu Musab al-Zarqawi to be captured/neutralised by 31 May 2005,1,1.0,May/31/2005 20:34:03
228406,ZARQAWI.CAPTURE.MAY,Abu Musab al-Zarqawi to be captured/neutralised by 31 May 2005,1,1.0,May/31/2005 21:23:06
228406,ZARQAWI.CAPTURE.MAY,Abu Musab al-Zarqawi to be captured/neutralised by 31 May 2005,10,1.0,May/31/2005 21:35:33
228406,ZARQAWI.CAPTURE.MAY,Abu Musab al-Zarqawi to be captured/neutralised by 31 May 2005,18,1.0,May/31/2005 21:38:02
228406,ZARQAWI.CAPTURE.MAY,Abu Musab al-Zarqawi to be captured/neutralised by 31 May 2005,6,0.5,Jun/01/2005 00:07:24
228406,ZARQAWI.CAPTURE.MAY,Abu Musab al-Zarqawi to be captured/neutralised by 31 May 2005,4,0.5,Jun/01/2005 00:07:24
