market id,market symbol,market name,trade quantity,trade price,date/time [utc]
211999,NJ.GOVERNOR05.REP,Republican Party candidate to win the 2005 New Jersey Governor's race,10,20.0,Feb/22/2005 02:03:12
211999,NJ.GOVERNOR05.REP,Republican Party candidate to win the 2005 New Jersey Governor's race,10,16.0,Feb/25/2005 14:41:36
211999,NJ.GOVERNOR05.REP,Republican Party candidate to win the 2005 New Jersey Governor's race,5,17.0,Feb/25/2005 14:41:36
211999,NJ.GOVERNOR05.REP,Republican Party candidate to win the 2005 New Jersey Governor's race,10,15.0,Feb/25/2005 17:18:35
211999,NJ.GOVERNOR05.REP,Republican Party candidate to win the 2005 New Jersey Governor's race,10,15.0,Feb/26/2005 01:52:05
211999,NJ.GOVERNOR05.REP,Republican Party candidate to win the 2005 New Jersey Governor's race,65,15.0,Feb/26/2005 01:52:50
211999,NJ.GOVERNOR05.REP,Republican Party candidate to win the 2005 New Jersey Governor's race,1,17.9,Mar/02/2005 15:04:29
211999,NJ.GOVERNOR05.REP,Republican Party candidate to win the 2005 New Jersey Governor's race,1,17.2,Apr/05/2005 13:48:53
211999,NJ.GOVERNOR05.REP,Republican Party candidate to win the 2005 New Jersey Governor's race,4,17.2,Apr/06/2005 20:50:57
211999,NJ.GOVERNOR05.REP,Republican Party candidate to win the 2005 New Jersey Governor's race,1,14.0,Apr/07/2005 13:09:52
211999,NJ.GOVERNOR05.REP,Republican Party candidate to win the 2005 New Jersey Governor's race,1,14.0,Apr/11/2005 14:19:33
211999,NJ.GOVERNOR05.REP,Republican Party candidate to win the 2005 New Jersey Governor's race,1,15.0,Apr/16/2005 23:00:38
211999,NJ.GOVERNOR05.REP,Republican Party candidate to win the 2005 New Jersey Governor's race,1,15.0,Apr/19/2005 20:38:43
211999,NJ.GOVERNOR05.REP,Republican Party candidate to win the 2005 New Jersey Governor's race,1,15.0,Apr/21/2005 14:28:47
211999,NJ.GOVERNOR05.REP,Republican Party candidate to win the 2005 New Jersey Governor's race,8,15.0,Apr/29/2005 03:14:07
211999,NJ.GOVERNOR05.REP,Republican Party candidate to win the 2005 New Jersey Governor's race,98,14.0,Apr/29/2005 03:14:07
211999,NJ.GOVERNOR05.REP,Republican Party candidate to win the 2005 New Jersey Governor's race,10,14.0,May/12/2005 22:55:03
211999,NJ.GOVERNOR05.REP,Republican Party candidate to win the 2005 New Jersey Governor's race,1,13.9,May/14/2005 03:20:17
211999,NJ.GOVERNOR05.REP,Republican Party candidate to win the 2005 New Jersey Governor's race,10,10.0,May/18/2005 23:10:05
211999,NJ.GOVERNOR05.REP,Republican Party candidate to win the 2005 New Jersey Governor's race,9,7.0,May/18/2005 23:10:31
211999,NJ.GOVERNOR05.REP,Republican Party candidate to win the 2005 New Jersey Governor's race,1,7.0,May/18/2005 23:10:31
211999,NJ.GOVERNOR05.REP,Republican Party candidate to win the 2005 New Jersey Governor's race,10,5.9,May/20/2005 02:59:13
211999,NJ.GOVERNOR05.REP,Republican Party candidate to win the 2005 New Jersey Governor's race,2,6.0,May/20/2005 02:59:13
211999,NJ.GOVERNOR05.REP,Republican Party candidate to win the 2005 New Jersey Governor's race,10,8.0,May/25/2005 03:30:05
211999,NJ.GOVERNOR05.REP,Republican Party candidate to win the 2005 New Jersey Governor's race,1,8.1,May/25/2005 03:30:05
211999,NJ.GOVERNOR05.REP,Republican Party candidate to win the 2005 New Jersey Governor's race,10,5.0,May/31/2005 22:49:28
211999,NJ.GOVERNOR05.REP,Republican Party candidate to win the 2005 New Jersey Governor's race,10,4.9,May/31/2005 22:49:28
211999,NJ.GOVERNOR05.REP,Republican Party candidate to win the 2005 New Jersey Governor's race,1,8.0,Jun/01/2005 13:54:24
211999,NJ.GOVERNOR05.REP,Republican Party candidate to win the 2005 New Jersey Governor's race,1,7.9,Jun/01/2005 14:55:03
211999,NJ.GOVERNOR05.REP,Republican Party candidate to win the 2005 New Jersey Governor's race,3,7.8,Jun/02/2005 13:55:38
211999,NJ.GOVERNOR05.REP,Republican Party candidate to win the 2005 New Jersey Governor's race,4,9.3,Jun/03/2005 23:18:15
211999,NJ.GOVERNOR05.REP,Republican Party candidate to win the 2005 New Jersey Governor's race,9,9.4,Jun/04/2005 14:26:55
211999,NJ.GOVERNOR05.REP,Republican Party candidate to win the 2005 New Jersey Governor's race,20,9.4,Jun/04/2005 14:26:55
211999,NJ.GOVERNOR05.REP,Republican Party candidate to win the 2005 New Jersey Governor's race,2,13.1,Jun/05/2005 03:42:04
211999,NJ.GOVERNOR05.REP,Republican Party candidate to win the 2005 New Jersey Governor's race,2,13.0,Jun/05/2005 03:42:22
211999,NJ.GOVERNOR05.REP,Republican Party candidate to win the 2005 New Jersey Governor's race,11,13.0,Jun/05/2005 03:42:41
211999,NJ.GOVERNOR05.REP,Republican Party candidate to win the 2005 New Jersey Governor's race,71,10.0,Jun/05/2005 03:53:35
211999,NJ.GOVERNOR05.REP,Republican Party candidate to win the 2005 New Jersey Governor's race,3,10.1,Jun/05/2005 03:53:35
211999,NJ.GOVERNOR05.REP,Republican Party candidate to win the 2005 New Jersey Governor's race,5,13.5,Jun/06/2005 22:55:48
211999,NJ.GOVERNOR05.REP,Republican Party candidate to win the 2005 New Jersey Governor's race,3,13.9,Jun/06/2005 22:55:48
211999,NJ.GOVERNOR05.REP,Republican Party candidate to win the 2005 New Jersey Governor's race,2,13.5,Jun/06/2005 22:55:48
211999,NJ.GOVERNOR05.REP,Republican Party candidate to win the 2005 New Jersey Governor's race,1,13.7,Jun/07/2005 12:52:50
211999,NJ.GOVERNOR05.REP,Republican Party candidate to win the 2005 New Jersey Governor's race,5,13.7,Jun/07/2005 12:52:50
211999,NJ.GOVERNOR05.REP,Republican Party candidate to win the 2005 New Jersey Governor's race,24,13.7,Jun/07/2005 15:47:54
211999,NJ.GOVERNOR05.REP,Republican Party candidate to win the 2005 New Jersey Governor's race,1,11.5,Jun/08/2005 18:42:58
211999,NJ.GOVERNOR05.REP,Republican Party candidate to win the 2005 New Jersey Governor's race,7,12.5,Jun/09/2005 05:27:22
211999,NJ.GOVERNOR05.REP,Republican Party candidate to win the 2005 New Jersey Governor's race,20,12.5,Jun/09/2005 05:27:45
211999,NJ.GOVERNOR05.REP,Republican Party candidate to win the 2005 New Jersey Governor's race,66,13.0,Jun/09/2005 11:51:31
211999,NJ.GOVERNOR05.REP,Republican Party candidate to win the 2005 New Jersey Governor's race,33,12.9,Jun/09/2005 11:51:31
211999,NJ.GOVERNOR05.REP,Republican Party candidate to win the 2005 New Jersey Governor's race,10,13.9,Jun/09/2005 15:10:03
211999,NJ.GOVERNOR05.REP,Republican Party candidate to win the 2005 New Jersey Governor's race,10,13.0,Jun/09/2005 15:10:03
211999,NJ.GOVERNOR05.REP,Republican Party candidate to win the 2005 New Jersey Governor's race,81,13.9,Jun/09/2005 15:10:03
211999,NJ.GOVERNOR05.REP,Republican Party candidate to win the 2005 New Jersey Governor's race,2,12.6,Jun/10/2005 02:05:18
211999,NJ.GOVERNOR05.REP,Republican Party candidate to win the 2005 New Jersey Governor's race,1,12.6,Jun/10/2005 02:05:18
211999,NJ.GOVERNOR05.REP,Republican Party candidate to win the 2005 New Jersey Governor's race,3,10.1,Jun/10/2005 02:17:56
211999,NJ.GOVERNOR05.REP,Republican Party candidate to win the 2005 New Jersey Governor's race,10,10.0,Jun/10/2005 02:17:56
211999,NJ.GOVERNOR05.REP,Republican Party candidate to win the 2005 New Jersey Governor's race,10,9.0,Jun/10/2005 04:49:35
211999,NJ.GOVERNOR05.REP,Republican Party candidate to win the 2005 New Jersey Governor's race,1,9.1,Jun/10/2005 04:49:35
211999,NJ.GOVERNOR05.REP,Republican Party candidate to win the 2005 New Jersey Governor's race,33,8.1,Jun/10/2005 04:54:42
211999,NJ.GOVERNOR05.REP,Republican Party candidate to win the 2005 New Jersey Governor's race,100,8.0,Jun/10/2005 04:54:42
211999,NJ.GOVERNOR05.REP,Republican Party candidate to win the 2005 New Jersey Governor's race,1,8.2,Jun/10/2005 04:54:42
211999,NJ.GOVERNOR05.REP,Republican Party candidate to win the 2005 New Jersey Governor's race,2,9.9,Jun/10/2005 11:38:44
211999,NJ.GOVERNOR05.REP,Republican Party candidate to win the 2005 New Jersey Governor's race,2,9.9,Jun/10/2005 11:38:44
211999,NJ.GOVERNOR05.REP,Republican Party candidate to win the 2005 New Jersey Governor's race,2,14.5,Jun/10/2005 11:54:57
211999,NJ.GOVERNOR05.REP,Republican Party candidate to win the 2005 New Jersey Governor's race,1,10.0,Jun/16/2005 20:49:41
211999,NJ.GOVERNOR05.REP,Republican Party candidate to win the 2005 New Jersey Governor's race,2,8.1,Jun/16/2005 23:30:00
211999,NJ.GOVERNOR05.REP,Republican Party candidate to win the 2005 New Jersey Governor's race,10,9.0,Jun/16/2005 23:30:00
211999,NJ.GOVERNOR05.REP,Republican Party candidate to win the 2005 New Jersey Governor's race,10,8.5,Jun/16/2005 23:30:00
211999,NJ.GOVERNOR05.REP,Republican Party candidate to win the 2005 New Jersey Governor's race,100,8.0,Jun/16/2005 23:30:00
211999,NJ.GOVERNOR05.REP,Republican Party candidate to win the 2005 New Jersey Governor's race,97,10.0,Jun/23/2005 09:32:49
211999,NJ.GOVERNOR05.REP,Republican Party candidate to win the 2005 New Jersey Governor's race,3,9.9,Jun/23/2005 09:32:49
211999,NJ.GOVERNOR05.REP,Republican Party candidate to win the 2005 New Jersey Governor's race,3,10.0,Jun/24/2005 17:29:28
211999,NJ.GOVERNOR05.REP,Republican Party candidate to win the 2005 New Jersey Governor's race,3,10.0,Jun/24/2005 17:29:28
211999,NJ.GOVERNOR05.REP,Republican Party candidate to win the 2005 New Jersey Governor's race,5,6.6,Jun/26/2005 22:39:18
211999,NJ.GOVERNOR05.REP,Republican Party candidate to win the 2005 New Jersey Governor's race,25,6.5,Jun/26/2005 22:39:18
211999,NJ.GOVERNOR05.REP,Republican Party candidate to win the 2005 New Jersey Governor's race,5,9.5,Jul/01/2005 05:19:49
211999,NJ.GOVERNOR05.REP,Republican Party candidate to win the 2005 New Jersey Governor's race,75,9.0,Jul/01/2005 05:19:49
211999,NJ.GOVERNOR05.REP,Republican Party candidate to win the 2005 New Jersey Governor's race,1,7.1,Jul/03/2005 02:24:35
211999,NJ.GOVERNOR05.REP,Republican Party candidate to win the 2005 New Jersey Governor's race,5,10.1,Jul/03/2005 21:24:26
211999,NJ.GOVERNOR05.REP,Republican Party candidate to win the 2005 New Jersey Governor's race,1,10.0,Jul/03/2005 21:26:54
211999,NJ.GOVERNOR05.REP,Republican Party candidate to win the 2005 New Jersey Governor's race,5,10.1,Jul/03/2005 21:41:52
211999,NJ.GOVERNOR05.REP,Republican Party candidate to win the 2005 New Jersey Governor's race,5,10.1,Jul/03/2005 21:44:12
211999,NJ.GOVERNOR05.REP,Republican Party candidate to win the 2005 New Jersey Governor's race,5,10.1,Jul/03/2005 21:46:35
211999,NJ.GOVERNOR05.REP,Republican Party candidate to win the 2005 New Jersey Governor's race,3,10.1,Jul/03/2005 21:49:04
211999,NJ.GOVERNOR05.REP,Republican Party candidate to win the 2005 New Jersey Governor's race,1,10.0,Jul/04/2005 11:06:53
211999,NJ.GOVERNOR05.REP,Republican Party candidate to win the 2005 New Jersey Governor's race,1,7.0,Jul/04/2005 14:16:41
211999,NJ.GOVERNOR05.REP,Republican Party candidate to win the 2005 New Jersey Governor's race,10,8.0,Jul/06/2005 20:30:12
211999,NJ.GOVERNOR05.REP,Republican Party candidate to win the 2005 New Jersey Governor's race,9,9.5,Jul/11/2005 21:22:20
211999,NJ.GOVERNOR05.REP,Republican Party candidate to win the 2005 New Jersey Governor's race,8,9.4,Jul/11/2005 21:22:20
211999,NJ.GOVERNOR05.REP,Republican Party candidate to win the 2005 New Jersey Governor's race,8,9.4,Jul/12/2005 21:31:03
211999,NJ.GOVERNOR05.REP,Republican Party candidate to win the 2005 New Jersey Governor's race,8,9.5,Jul/12/2005 22:43:40
211999,NJ.GOVERNOR05.REP,Republican Party candidate to win the 2005 New Jersey Governor's race,2,9.5,Jul/12/2005 22:48:53
211999,NJ.GOVERNOR05.REP,Republican Party candidate to win the 2005 New Jersey Governor's race,1,8.7,Jul/15/2005 20:58:57
211999,NJ.GOVERNOR05.REP,Republican Party candidate to win the 2005 New Jersey Governor's race,10,8.5,Jul/15/2005 20:58:57
211999,NJ.GOVERNOR05.REP,Republican Party candidate to win the 2005 New Jersey Governor's race,5,8.0,Jul/15/2005 20:58:57
211999,NJ.GOVERNOR05.REP,Republican Party candidate to win the 2005 New Jersey Governor's race,1,9.4,Jul/17/2005 01:56:48
211999,NJ.GOVERNOR05.REP,Republican Party candidate to win the 2005 New Jersey Governor's race,1,9.4,Jul/17/2005 01:56:48
211999,NJ.GOVERNOR05.REP,Republican Party candidate to win the 2005 New Jersey Governor's race,1,9.4,Jul/17/2005 01:56:48
211999,NJ.GOVERNOR05.REP,Republican Party candidate to win the 2005 New Jersey Governor's race,1,9.5,Jul/17/2005 01:57:15
211999,NJ.GOVERNOR05.REP,Republican Party candidate to win the 2005 New Jersey Governor's race,4,9.5,Jul/17/2005 01:57:15
211999,NJ.GOVERNOR05.REP,Republican Party candidate to win the 2005 New Jersey Governor's race,2,9.6,Jul/17/2005 01:57:30
211999,NJ.GOVERNOR05.REP,Republican Party candidate to win the 2005 New Jersey Governor's race,1,9.4,Jul/19/2005 12:47:31
211999,NJ.GOVERNOR05.REP,Republican Party candidate to win the 2005 New Jersey Governor's race,1,9.4,Jul/20/2005 00:42:46
211999,NJ.GOVERNOR05.REP,Republican Party candidate to win the 2005 New Jersey Governor's race,1,7.1,Jul/25/2005 17:07:26
211999,NJ.GOVERNOR05.REP,Republican Party candidate to win the 2005 New Jersey Governor's race,1,9.1,Jul/30/2005 13:24:18
211999,NJ.GOVERNOR05.REP,Republican Party candidate to win the 2005 New Jersey Governor's race,2,8.1,Jul/31/2005 00:16:03
211999,NJ.GOVERNOR05.REP,Republican Party candidate to win the 2005 New Jersey Governor's race,1,8.0,Aug/02/2005 03:58:02
211999,NJ.GOVERNOR05.REP,Republican Party candidate to win the 2005 New Jersey Governor's race,3,9.9,Aug/05/2005 21:02:07
211999,NJ.GOVERNOR05.REP,Republican Party candidate to win the 2005 New Jersey Governor's race,10,10.0,Aug/05/2005 21:02:07
211999,NJ.GOVERNOR05.REP,Republican Party candidate to win the 2005 New Jersey Governor's race,5,9.0,Aug/05/2005 21:02:07
211999,NJ.GOVERNOR05.REP,Republican Party candidate to win the 2005 New Jersey Governor's race,7,9.7,Aug/05/2005 21:02:07
211999,NJ.GOVERNOR05.REP,Republican Party candidate to win the 2005 New Jersey Governor's race,9,9.1,Aug/05/2005 21:02:07
211999,NJ.GOVERNOR05.REP,Republican Party candidate to win the 2005 New Jersey Governor's race,6,9.6,Aug/05/2005 21:02:07
211999,NJ.GOVERNOR05.REP,Republican Party candidate to win the 2005 New Jersey Governor's race,12,10.0,Aug/05/2005 21:02:07
211999,NJ.GOVERNOR05.REP,Republican Party candidate to win the 2005 New Jersey Governor's race,1,10.9,Aug/06/2005 12:48:06
211999,NJ.GOVERNOR05.REP,Republican Party candidate to win the 2005 New Jersey Governor's race,2,10.9,Aug/06/2005 12:48:06
211999,NJ.GOVERNOR05.REP,Republican Party candidate to win the 2005 New Jersey Governor's race,1,10.9,Aug/06/2005 12:48:06
211999,NJ.GOVERNOR05.REP,Republican Party candidate to win the 2005 New Jersey Governor's race,1,10.2,Aug/06/2005 13:12:52
211999,NJ.GOVERNOR05.REP,Republican Party candidate to win the 2005 New Jersey Governor's race,1,10.8,Aug/07/2005 16:07:59
211999,NJ.GOVERNOR05.REP,Republican Party candidate to win the 2005 New Jersey Governor's race,1,10.8,Aug/07/2005 16:07:59
211999,NJ.GOVERNOR05.REP,Republican Party candidate to win the 2005 New Jersey Governor's race,9,10.9,Aug/07/2005 16:08:15
211999,NJ.GOVERNOR05.REP,Republican Party candidate to win the 2005 New Jersey Governor's race,9,11.0,Aug/07/2005 16:08:28
211999,NJ.GOVERNOR05.REP,Republican Party candidate to win the 2005 New Jersey Governor's race,9,11.0,Aug/07/2005 20:31:56
211999,NJ.GOVERNOR05.REP,Republican Party candidate to win the 2005 New Jersey Governor's race,4,11.0,Aug/07/2005 20:31:56
211999,NJ.GOVERNOR05.REP,Republican Party candidate to win the 2005 New Jersey Governor's race,1,11.4,Aug/07/2005 23:04:12
211999,NJ.GOVERNOR05.REP,Republican Party candidate to win the 2005 New Jersey Governor's race,1,11.4,Aug/07/2005 23:04:12
211999,NJ.GOVERNOR05.REP,Republican Party candidate to win the 2005 New Jersey Governor's race,9,11.5,Aug/07/2005 23:04:26
211999,NJ.GOVERNOR05.REP,Republican Party candidate to win the 2005 New Jersey Governor's race,5,10.1,Aug/08/2005 01:26:24
211999,NJ.GOVERNOR05.REP,Republican Party candidate to win the 2005 New Jersey Governor's race,100,10.0,Aug/08/2005 01:26:24
211999,NJ.GOVERNOR05.REP,Republican Party candidate to win the 2005 New Jersey Governor's race,2,8.9,Aug/08/2005 01:26:42
211999,NJ.GOVERNOR05.REP,Republican Party candidate to win the 2005 New Jersey Governor's race,1,8.0,Aug/08/2005 01:26:42
211999,NJ.GOVERNOR05.REP,Republican Party candidate to win the 2005 New Jersey Governor's race,4,10.0,Aug/08/2005 05:12:07
211999,NJ.GOVERNOR05.REP,Republican Party candidate to win the 2005 New Jersey Governor's race,1,10.0,Aug/08/2005 05:12:07
211999,NJ.GOVERNOR05.REP,Republican Party candidate to win the 2005 New Jersey Governor's race,1,8.1,Aug/08/2005 17:10:54
211999,NJ.GOVERNOR05.REP,Republican Party candidate to win the 2005 New Jersey Governor's race,1,8.0,Aug/08/2005 17:10:54
211999,NJ.GOVERNOR05.REP,Republican Party candidate to win the 2005 New Jersey Governor's race,1,9.9,Aug/09/2005 00:53:02
211999,NJ.GOVERNOR05.REP,Republican Party candidate to win the 2005 New Jersey Governor's race,1,9.9,Aug/09/2005 00:53:02
211999,NJ.GOVERNOR05.REP,Republican Party candidate to win the 2005 New Jersey Governor's race,5,9.9,Aug/09/2005 00:56:59
211999,NJ.GOVERNOR05.REP,Republican Party candidate to win the 2005 New Jersey Governor's race,1,9.9,Aug/09/2005 22:19:14
211999,NJ.GOVERNOR05.REP,Republican Party candidate to win the 2005 New Jersey Governor's race,2,9.9,Aug/09/2005 22:19:14
211999,NJ.GOVERNOR05.REP,Republican Party candidate to win the 2005 New Jersey Governor's race,7,10.0,Aug/10/2005 11:28:25
211999,NJ.GOVERNOR05.REP,Republican Party candidate to win the 2005 New Jersey Governor's race,1,11.6,Aug/13/2005 15:53:01
211999,NJ.GOVERNOR05.REP,Republican Party candidate to win the 2005 New Jersey Governor's race,18,11.7,Aug/13/2005 15:53:01
211999,NJ.GOVERNOR05.REP,Republican Party candidate to win the 2005 New Jersey Governor's race,1,11.6,Aug/13/2005 15:53:01
211999,NJ.GOVERNOR05.REP,Republican Party candidate to win the 2005 New Jersey Governor's race,2,10.5,Aug/16/2005 22:51:09
211999,NJ.GOVERNOR05.REP,Republican Party candidate to win the 2005 New Jersey Governor's race,1,10.5,Aug/16/2005 22:51:09
211999,NJ.GOVERNOR05.REP,Republican Party candidate to win the 2005 New Jersey Governor's race,14,10.0,Aug/16/2005 22:51:50
211999,NJ.GOVERNOR05.REP,Republican Party candidate to win the 2005 New Jersey Governor's race,1,9.8,Aug/26/2005 20:47:52
211999,NJ.GOVERNOR05.REP,Republican Party candidate to win the 2005 New Jersey Governor's race,1,9.8,Aug/27/2005 13:56:25
211999,NJ.GOVERNOR05.REP,Republican Party candidate to win the 2005 New Jersey Governor's race,1,9.8,Aug/29/2005 12:51:55
211999,NJ.GOVERNOR05.REP,Republican Party candidate to win the 2005 New Jersey Governor's race,9,9.8,Sep/01/2005 00:40:39
211999,NJ.GOVERNOR05.REP,Republican Party candidate to win the 2005 New Jersey Governor's race,1,9.8,Sep/01/2005 03:49:51
211999,NJ.GOVERNOR05.REP,Republican Party candidate to win the 2005 New Jersey Governor's race,1,9.8,Sep/02/2005 14:17:04
211999,NJ.GOVERNOR05.REP,Republican Party candidate to win the 2005 New Jersey Governor's race,4,6.1,Sep/12/2005 17:54:59
211999,NJ.GOVERNOR05.REP,Republican Party candidate to win the 2005 New Jersey Governor's race,15,6.1,Sep/12/2005 19:31:00
211999,NJ.GOVERNOR05.REP,Republican Party candidate to win the 2005 New Jersey Governor's race,10,8.0,Sep/19/2005 15:12:33
211999,NJ.GOVERNOR05.REP,Republican Party candidate to win the 2005 New Jersey Governor's race,6,6.1,Sep/19/2005 21:05:43
211999,NJ.GOVERNOR05.REP,Republican Party candidate to win the 2005 New Jersey Governor's race,10,6.5,Sep/19/2005 21:05:43
211999,NJ.GOVERNOR05.REP,Republican Party candidate to win the 2005 New Jersey Governor's race,1,6.0,Sep/19/2005 21:05:43
211999,NJ.GOVERNOR05.REP,Republican Party candidate to win the 2005 New Jersey Governor's race,1,5.0,Sep/21/2005 00:28:47
211999,NJ.GOVERNOR05.REP,Republican Party candidate to win the 2005 New Jersey Governor's race,1,5.1,Sep/23/2005 03:18:24
211999,NJ.GOVERNOR05.REP,Republican Party candidate to win the 2005 New Jersey Governor's race,1,7.8,Sep/28/2005 03:15:21
211999,NJ.GOVERNOR05.REP,Republican Party candidate to win the 2005 New Jersey Governor's race,1,7.7,Sep/28/2005 03:15:21
211999,NJ.GOVERNOR05.REP,Republican Party candidate to win the 2005 New Jersey Governor's race,10,7.9,Sep/28/2005 18:26:20
211999,NJ.GOVERNOR05.REP,Republican Party candidate to win the 2005 New Jersey Governor's race,5,7.9,Sep/28/2005 18:29:06
211999,NJ.GOVERNOR05.REP,Republican Party candidate to win the 2005 New Jersey Governor's race,2,7.9,Sep/28/2005 19:31:17
211999,NJ.GOVERNOR05.REP,Republican Party candidate to win the 2005 New Jersey Governor's race,15,8.0,Sep/28/2005 19:31:51
211999,NJ.GOVERNOR05.REP,Republican Party candidate to win the 2005 New Jersey Governor's race,1,8.4,Sep/28/2005 23:48:35
211999,NJ.GOVERNOR05.REP,Republican Party candidate to win the 2005 New Jersey Governor's race,1,8.3,Sep/28/2005 23:48:35
211999,NJ.GOVERNOR05.REP,Republican Party candidate to win the 2005 New Jersey Governor's race,3,8.4,Sep/28/2005 23:48:35
211999,NJ.GOVERNOR05.REP,Republican Party candidate to win the 2005 New Jersey Governor's race,10,8.2,Sep/29/2005 11:07:28
211999,NJ.GOVERNOR05.REP,Republican Party candidate to win the 2005 New Jersey Governor's race,15,9.8,Sep/29/2005 12:53:37
211999,NJ.GOVERNOR05.REP,Republican Party candidate to win the 2005 New Jersey Governor's race,25,8.5,Sep/29/2005 12:53:37
211999,NJ.GOVERNOR05.REP,Republican Party candidate to win the 2005 New Jersey Governor's race,6,9.7,Sep/29/2005 12:53:37
211999,NJ.GOVERNOR05.REP,Republican Party candidate to win the 2005 New Jersey Governor's race,10,8.4,Sep/29/2005 12:53:37
211999,NJ.GOVERNOR05.REP,Republican Party candidate to win the 2005 New Jersey Governor's race,6,8.4,Sep/29/2005 12:53:37
211999,NJ.GOVERNOR05.REP,Republican Party candidate to win the 2005 New Jersey Governor's race,22,9.9,Sep/29/2005 12:53:37
211999,NJ.GOVERNOR05.REP,Republican Party candidate to win the 2005 New Jersey Governor's race,2,11.7,Sep/29/2005 13:10:09
211999,NJ.GOVERNOR05.REP,Republican Party candidate to win the 2005 New Jersey Governor's race,10,11.0,Sep/29/2005 23:06:39
211999,NJ.GOVERNOR05.REP,Republican Party candidate to win the 2005 New Jersey Governor's race,1,11.7,Sep/30/2005 00:42:46
211999,NJ.GOVERNOR05.REP,Republican Party candidate to win the 2005 New Jersey Governor's race,5,11.0,Sep/30/2005 09:22:32
211999,NJ.GOVERNOR05.REP,Republican Party candidate to win the 2005 New Jersey Governor's race,2,11.7,Sep/30/2005 15:34:46
211999,NJ.GOVERNOR05.REP,Republican Party candidate to win the 2005 New Jersey Governor's race,57,10.0,Sep/30/2005 20:12:32
211999,NJ.GOVERNOR05.REP,Republican Party candidate to win the 2005 New Jersey Governor's race,5,11.1,Sep/30/2005 20:12:32
211999,NJ.GOVERNOR05.REP,Republican Party candidate to win the 2005 New Jersey Governor's race,1,10.2,Sep/30/2005 20:12:32
211999,NJ.GOVERNOR05.REP,Republican Party candidate to win the 2005 New Jersey Governor's race,15,11.0,Sep/30/2005 20:12:32
211999,NJ.GOVERNOR05.REP,Republican Party candidate to win the 2005 New Jersey Governor's race,3,10.3,Oct/01/2005 04:06:27
211999,NJ.GOVERNOR05.REP,Republican Party candidate to win the 2005 New Jersey Governor's race,1,10.2,Oct/01/2005 20:54:15
211999,NJ.GOVERNOR05.REP,Republican Party candidate to win the 2005 New Jersey Governor's race,1,11.7,Oct/02/2005 00:37:51
211999,NJ.GOVERNOR05.REP,Republican Party candidate to win the 2005 New Jersey Governor's race,1,11.7,Oct/02/2005 00:37:51
211999,NJ.GOVERNOR05.REP,Republican Party candidate to win the 2005 New Jersey Governor's race,10,11.8,Oct/02/2005 00:37:51
211999,NJ.GOVERNOR05.REP,Republican Party candidate to win the 2005 New Jersey Governor's race,2,11.7,Oct/02/2005 00:37:51
211999,NJ.GOVERNOR05.REP,Republican Party candidate to win the 2005 New Jersey Governor's race,18,11.9,Oct/02/2005 00:37:51
211999,NJ.GOVERNOR05.REP,Republican Party candidate to win the 2005 New Jersey Governor's race,1,11.8,Oct/02/2005 00:37:51
211999,NJ.GOVERNOR05.REP,Republican Party candidate to win the 2005 New Jersey Governor's race,55,13.5,Oct/02/2005 00:39:30
211999,NJ.GOVERNOR05.REP,Republican Party candidate to win the 2005 New Jersey Governor's race,100,15.0,Oct/02/2005 00:40:37
211999,NJ.GOVERNOR05.REP,Republican Party candidate to win the 2005 New Jersey Governor's race,5,14.7,Oct/02/2005 00:40:37
211999,NJ.GOVERNOR05.REP,Republican Party candidate to win the 2005 New Jersey Governor's race,1,15.0,Oct/02/2005 00:40:37
211999,NJ.GOVERNOR05.REP,Republican Party candidate to win the 2005 New Jersey Governor's race,1,15.1,Oct/02/2005 04:32:58
211999,NJ.GOVERNOR05.REP,Republican Party candidate to win the 2005 New Jersey Governor's race,1,15.0,Oct/02/2005 08:18:52
211999,NJ.GOVERNOR05.REP,Republican Party candidate to win the 2005 New Jersey Governor's race,11,15.4,Oct/03/2005 03:49:44
211999,NJ.GOVERNOR05.REP,Republican Party candidate to win the 2005 New Jersey Governor's race,3,15.5,Oct/03/2005 03:49:44
211999,NJ.GOVERNOR05.REP,Republican Party candidate to win the 2005 New Jersey Governor's race,1,15.0,Oct/03/2005 16:44:10
211999,NJ.GOVERNOR05.REP,Republican Party candidate to win the 2005 New Jersey Governor's race,1,15.0,Oct/03/2005 17:37:06
211999,NJ.GOVERNOR05.REP,Republican Party candidate to win the 2005 New Jersey Governor's race,100,15.0,Oct/04/2005 14:14:05
211999,NJ.GOVERNOR05.REP,Republican Party candidate to win the 2005 New Jersey Governor's race,10,15.0,Oct/04/2005 19:34:48
211999,NJ.GOVERNOR05.REP,Republican Party candidate to win the 2005 New Jersey Governor's race,1,15.0,Oct/05/2005 16:13:54
211999,NJ.GOVERNOR05.REP,Republican Party candidate to win the 2005 New Jersey Governor's race,1,15.5,Oct/06/2005 00:44:33
211999,NJ.GOVERNOR05.REP,Republican Party candidate to win the 2005 New Jersey Governor's race,1,15.9,Oct/06/2005 00:44:33
211999,NJ.GOVERNOR05.REP,Republican Party candidate to win the 2005 New Jersey Governor's race,19,16.0,Oct/06/2005 00:44:33
211999,NJ.GOVERNOR05.REP,Republican Party candidate to win the 2005 New Jersey Governor's race,5,16.0,Oct/06/2005 00:44:33
211999,NJ.GOVERNOR05.REP,Republican Party candidate to win the 2005 New Jersey Governor's race,3,16.9,Oct/06/2005 20:58:06
211999,NJ.GOVERNOR05.REP,Republican Party candidate to win the 2005 New Jersey Governor's race,40,17.0,Oct/06/2005 20:58:06
211999,NJ.GOVERNOR05.REP,Republican Party candidate to win the 2005 New Jersey Governor's race,1,16.0,Oct/06/2005 22:38:37
211999,NJ.GOVERNOR05.REP,Republican Party candidate to win the 2005 New Jersey Governor's race,63,16.0,Oct/07/2005 00:23:31
211999,NJ.GOVERNOR05.REP,Republican Party candidate to win the 2005 New Jersey Governor's race,15,15.0,Oct/07/2005 14:07:14
211999,NJ.GOVERNOR05.REP,Republican Party candidate to win the 2005 New Jersey Governor's race,10,15.0,Oct/08/2005 19:22:28
211999,NJ.GOVERNOR05.REP,Republican Party candidate to win the 2005 New Jersey Governor's race,1,14.4,Oct/09/2005 00:23:15
211999,NJ.GOVERNOR05.REP,Republican Party candidate to win the 2005 New Jersey Governor's race,1,10.3,Oct/09/2005 14:07:14
211999,NJ.GOVERNOR05.REP,Republican Party candidate to win the 2005 New Jersey Governor's race,100,10.0,Oct/09/2005 14:07:14
211999,NJ.GOVERNOR05.REP,Republican Party candidate to win the 2005 New Jersey Governor's race,19,10.2,Oct/09/2005 14:07:14
211999,NJ.GOVERNOR05.REP,Republican Party candidate to win the 2005 New Jersey Governor's race,18,12.0,Oct/09/2005 18:28:46
211999,NJ.GOVERNOR05.REP,Republican Party candidate to win the 2005 New Jersey Governor's race,1,11.9,Oct/09/2005 18:28:46
211999,NJ.GOVERNOR05.REP,Republican Party candidate to win the 2005 New Jersey Governor's race,1,11.9,Oct/09/2005 18:28:46
211999,NJ.GOVERNOR05.REP,Republican Party candidate to win the 2005 New Jersey Governor's race,10,12.0,Oct/09/2005 21:25:34
211999,NJ.GOVERNOR05.REP,Republican Party candidate to win the 2005 New Jersey Governor's race,72,12.0,Oct/09/2005 21:37:15
211999,NJ.GOVERNOR05.REP,Republican Party candidate to win the 2005 New Jersey Governor's race,1,11.1,Oct/09/2005 22:59:31
211999,NJ.GOVERNOR05.REP,Republican Party candidate to win the 2005 New Jersey Governor's race,1,11.1,Oct/09/2005 22:59:31
211999,NJ.GOVERNOR05.REP,Republican Party candidate to win the 2005 New Jersey Governor's race,1,13.7,Oct/09/2005 23:14:17
211999,NJ.GOVERNOR05.REP,Republican Party candidate to win the 2005 New Jersey Governor's race,1,13.7,Oct/09/2005 23:14:17
211999,NJ.GOVERNOR05.REP,Republican Party candidate to win the 2005 New Jersey Governor's race,1,13.7,Oct/09/2005 23:14:17
211999,NJ.GOVERNOR05.REP,Republican Party candidate to win the 2005 New Jersey Governor's race,1,13.8,Oct/09/2005 23:14:33
211999,NJ.GOVERNOR05.REP,Republican Party candidate to win the 2005 New Jersey Governor's race,2,13.9,Oct/09/2005 23:14:51
211999,NJ.GOVERNOR05.REP,Republican Party candidate to win the 2005 New Jersey Governor's race,2,11.2,Oct/10/2005 03:53:11
211999,NJ.GOVERNOR05.REP,Republican Party candidate to win the 2005 New Jersey Governor's race,1,11.2,Oct/10/2005 03:53:11
211999,NJ.GOVERNOR05.REP,Republican Party candidate to win the 2005 New Jersey Governor's race,80,12.5,Oct/10/2005 17:09:48
211999,NJ.GOVERNOR05.REP,Republican Party candidate to win the 2005 New Jersey Governor's race,1,12.3,Oct/10/2005 23:54:25
211999,NJ.GOVERNOR05.REP,Republican Party candidate to win the 2005 New Jersey Governor's race,2,12.4,Oct/10/2005 23:54:25
211999,NJ.GOVERNOR05.REP,Republican Party candidate to win the 2005 New Jersey Governor's race,1,12.3,Oct/10/2005 23:54:25
211999,NJ.GOVERNOR05.REP,Republican Party candidate to win the 2005 New Jersey Governor's race,20,12.5,Oct/10/2005 23:54:25
211999,NJ.GOVERNOR05.REP,Republican Party candidate to win the 2005 New Jersey Governor's race,1,13.7,Oct/10/2005 23:58:55
211999,NJ.GOVERNOR05.REP,Republican Party candidate to win the 2005 New Jersey Governor's race,2,13.7,Oct/10/2005 23:58:55
211999,NJ.GOVERNOR05.REP,Republican Party candidate to win the 2005 New Jersey Governor's race,100,15.0,Oct/10/2005 23:58:55
211999,NJ.GOVERNOR05.REP,Republican Party candidate to win the 2005 New Jersey Governor's race,1,13.8,Oct/10/2005 23:58:55
211999,NJ.GOVERNOR05.REP,Republican Party candidate to win the 2005 New Jersey Governor's race,5,13.9,Oct/10/2005 23:58:55
211999,NJ.GOVERNOR05.REP,Republican Party candidate to win the 2005 New Jersey Governor's race,8,14.0,Oct/10/2005 23:58:55
211999,NJ.GOVERNOR05.REP,Republican Party candidate to win the 2005 New Jersey Governor's race,7,15.0,Oct/10/2005 23:58:55
211999,NJ.GOVERNOR05.REP,Republican Party candidate to win the 2005 New Jersey Governor's race,23,14.0,Oct/11/2005 00:04:59
211999,NJ.GOVERNOR05.REP,Republican Party candidate to win the 2005 New Jersey Governor's race,2,14.1,Oct/11/2005 00:04:59
211999,NJ.GOVERNOR05.REP,Republican Party candidate to win the 2005 New Jersey Governor's race,2,16.8,Oct/11/2005 02:43:45
211999,NJ.GOVERNOR05.REP,Republican Party candidate to win the 2005 New Jersey Governor's race,13,17.0,Oct/11/2005 02:43:45
211999,NJ.GOVERNOR05.REP,Republican Party candidate to win the 2005 New Jersey Governor's race,1,16.9,Oct/11/2005 02:43:45
211999,NJ.GOVERNOR05.REP,Republican Party candidate to win the 2005 New Jersey Governor's race,1,17.0,Oct/11/2005 02:43:45
211999,NJ.GOVERNOR05.REP,Republican Party candidate to win the 2005 New Jersey Governor's race,2,17.1,Oct/11/2005 02:43:45
211999,NJ.GOVERNOR05.REP,Republican Party candidate to win the 2005 New Jersey Governor's race,1,16.8,Oct/11/2005 02:43:45
211999,NJ.GOVERNOR05.REP,Republican Party candidate to win the 2005 New Jersey Governor's race,1,17.1,Oct/11/2005 02:47:31
211999,NJ.GOVERNOR05.REP,Republican Party candidate to win the 2005 New Jersey Governor's race,1,17.1,Oct/11/2005 02:47:31
211999,NJ.GOVERNOR05.REP,Republican Party candidate to win the 2005 New Jersey Governor's race,1,17.4,Oct/11/2005 14:45:52
211999,NJ.GOVERNOR05.REP,Republican Party candidate to win the 2005 New Jersey Governor's race,1,17.4,Oct/11/2005 14:45:52
211999,NJ.GOVERNOR05.REP,Republican Party candidate to win the 2005 New Jersey Governor's race,4,17.5,Oct/11/2005 14:46:09
211999,NJ.GOVERNOR05.REP,Republican Party candidate to win the 2005 New Jersey Governor's race,2,17.4,Oct/11/2005 15:10:28
211999,NJ.GOVERNOR05.REP,Republican Party candidate to win the 2005 New Jersey Governor's race,38,17.5,Oct/11/2005 15:10:28
211999,NJ.GOVERNOR05.REP,Republican Party candidate to win the 2005 New Jersey Governor's race,1,17.5,Oct/11/2005 18:25:49
211999,NJ.GOVERNOR05.REP,Republican Party candidate to win the 2005 New Jersey Governor's race,1,17.5,Oct/11/2005 18:25:49
211999,NJ.GOVERNOR05.REP,Republican Party candidate to win the 2005 New Jersey Governor's race,1,17.5,Oct/11/2005 18:25:49
211999,NJ.GOVERNOR05.REP,Republican Party candidate to win the 2005 New Jersey Governor's race,21,17.6,Oct/11/2005 18:26:08
211999,NJ.GOVERNOR05.REP,Republican Party candidate to win the 2005 New Jersey Governor's race,1,17.9,Oct/11/2005 18:27:32
211999,NJ.GOVERNOR05.REP,Republican Party candidate to win the 2005 New Jersey Governor's race,1,17.9,Oct/11/2005 18:27:32
211999,NJ.GOVERNOR05.REP,Republican Party candidate to win the 2005 New Jersey Governor's race,30,18.0,Oct/11/2005 18:28:45
211999,NJ.GOVERNOR05.REP,Republican Party candidate to win the 2005 New Jersey Governor's race,19,18.0,Oct/12/2005 02:52:38
211999,NJ.GOVERNOR05.REP,Republican Party candidate to win the 2005 New Jersey Governor's race,1,17.9,Oct/12/2005 02:52:38
211999,NJ.GOVERNOR05.REP,Republican Party candidate to win the 2005 New Jersey Governor's race,6,19.9,Oct/12/2005 11:55:55
211999,NJ.GOVERNOR05.REP,Republican Party candidate to win the 2005 New Jersey Governor's race,1,18.8,Oct/12/2005 11:55:55
211999,NJ.GOVERNOR05.REP,Republican Party candidate to win the 2005 New Jersey Governor's race,100,20.0,Oct/12/2005 11:55:55
211999,NJ.GOVERNOR05.REP,Republican Party candidate to win the 2005 New Jersey Governor's race,41,18.0,Oct/12/2005 11:55:55
211999,NJ.GOVERNOR05.REP,Republican Party candidate to win the 2005 New Jersey Governor's race,7,18.9,Oct/12/2005 11:55:55
211999,NJ.GOVERNOR05.REP,Republican Party candidate to win the 2005 New Jersey Governor's race,50,19.9,Oct/12/2005 11:56:15
211999,NJ.GOVERNOR05.REP,Republican Party candidate to win the 2005 New Jersey Governor's race,4,20.0,Oct/12/2005 16:17:54
211999,NJ.GOVERNOR05.REP,Republican Party candidate to win the 2005 New Jersey Governor's race,1,20.0,Oct/12/2005 16:17:54
211999,NJ.GOVERNOR05.REP,Republican Party candidate to win the 2005 New Jersey Governor's race,77,19.0,Oct/12/2005 18:39:38
211999,NJ.GOVERNOR05.REP,Republican Party candidate to win the 2005 New Jersey Governor's race,1,19.1,Oct/12/2005 18:39:38
211999,NJ.GOVERNOR05.REP,Republican Party candidate to win the 2005 New Jersey Governor's race,2,19.1,Oct/12/2005 18:39:38
211999,NJ.GOVERNOR05.REP,Republican Party candidate to win the 2005 New Jersey Governor's race,4,20.1,Oct/13/2005 00:36:53
211999,NJ.GOVERNOR05.REP,Republican Party candidate to win the 2005 New Jersey Governor's race,22,20.1,Oct/13/2005 01:44:22
211999,NJ.GOVERNOR05.REP,Republican Party candidate to win the 2005 New Jersey Governor's race,1,21.9,Oct/13/2005 17:28:52
211999,NJ.GOVERNOR05.REP,Republican Party candidate to win the 2005 New Jersey Governor's race,4,22.0,Oct/13/2005 17:30:09
211999,NJ.GOVERNOR05.REP,Republican Party candidate to win the 2005 New Jersey Governor's race,1,19.2,Oct/13/2005 20:46:41
211999,NJ.GOVERNOR05.REP,Republican Party candidate to win the 2005 New Jersey Governor's race,1,20.0,Oct/13/2005 22:57:24
211999,NJ.GOVERNOR05.REP,Republican Party candidate to win the 2005 New Jersey Governor's race,4,20.0,Oct/13/2005 22:58:11
211999,NJ.GOVERNOR05.REP,Republican Party candidate to win the 2005 New Jersey Governor's race,10,21.0,Oct/14/2005 00:39:15
211999,NJ.GOVERNOR05.REP,Republican Party candidate to win the 2005 New Jersey Governor's race,1,20.9,Oct/14/2005 00:39:15
211999,NJ.GOVERNOR05.REP,Republican Party candidate to win the 2005 New Jersey Governor's race,1,20.9,Oct/14/2005 00:39:15
211999,NJ.GOVERNOR05.REP,Republican Party candidate to win the 2005 New Jersey Governor's race,38,22.0,Oct/14/2005 00:39:15
211999,NJ.GOVERNOR05.REP,Republican Party candidate to win the 2005 New Jersey Governor's race,1,18.1,Oct/14/2005 11:11:29
211999,NJ.GOVERNOR05.REP,Republican Party candidate to win the 2005 New Jersey Governor's race,1,18.1,Oct/14/2005 11:11:29
211999,NJ.GOVERNOR05.REP,Republican Party candidate to win the 2005 New Jersey Governor's race,36,18.0,Oct/14/2005 11:11:29
211999,NJ.GOVERNOR05.REP,Republican Party candidate to win the 2005 New Jersey Governor's race,100,17.0,Oct/14/2005 11:11:29
211999,NJ.GOVERNOR05.REP,Republican Party candidate to win the 2005 New Jersey Governor's race,1,16.1,Oct/14/2005 17:32:31
211999,NJ.GOVERNOR05.REP,Republican Party candidate to win the 2005 New Jersey Governor's race,1,16.1,Oct/14/2005 17:32:31
211999,NJ.GOVERNOR05.REP,Republican Party candidate to win the 2005 New Jersey Governor's race,25,16.0,Oct/14/2005 17:33:21
211999,NJ.GOVERNOR05.REP,Republican Party candidate to win the 2005 New Jersey Governor's race,4,16.3,Oct/14/2005 17:34:44
211999,NJ.GOVERNOR05.REP,Republican Party candidate to win the 2005 New Jersey Governor's race,4,16.3,Oct/14/2005 17:36:43
211999,NJ.GOVERNOR05.REP,Republican Party candidate to win the 2005 New Jersey Governor's race,1,16.4,Oct/14/2005 17:38:23
211999,NJ.GOVERNOR05.REP,Republican Party candidate to win the 2005 New Jersey Governor's race,3,16.1,Oct/14/2005 17:41:39
211999,NJ.GOVERNOR05.REP,Republican Party candidate to win the 2005 New Jersey Governor's race,11,16.0,Oct/14/2005 18:17:12
211999,NJ.GOVERNOR05.REP,Republican Party candidate to win the 2005 New Jersey Governor's race,1,15.2,Oct/14/2005 19:23:29
211999,NJ.GOVERNOR05.REP,Republican Party candidate to win the 2005 New Jersey Governor's race,4,15.2,Oct/14/2005 19:23:29
211999,NJ.GOVERNOR05.REP,Republican Party candidate to win the 2005 New Jersey Governor's race,100,13.0,Oct/15/2005 09:48:11
211999,NJ.GOVERNOR05.REP,Republican Party candidate to win the 2005 New Jersey Governor's race,1,12.9,Oct/15/2005 19:03:50
211999,NJ.GOVERNOR05.REP,Republican Party candidate to win the 2005 New Jersey Governor's race,1,12.9,Oct/15/2005 19:03:50
211999,NJ.GOVERNOR05.REP,Republican Party candidate to win the 2005 New Jersey Governor's race,4,13.0,Oct/15/2005 19:03:50
211999,NJ.GOVERNOR05.REP,Republican Party candidate to win the 2005 New Jersey Governor's race,1,13.1,Oct/16/2005 02:09:18
211999,NJ.GOVERNOR05.REP,Republican Party candidate to win the 2005 New Jersey Governor's race,1,12.9,Oct/16/2005 05:35:48
211999,NJ.GOVERNOR05.REP,Republican Party candidate to win the 2005 New Jersey Governor's race,1,12.9,Oct/16/2005 05:35:48
211999,NJ.GOVERNOR05.REP,Republican Party candidate to win the 2005 New Jersey Governor's race,1,12.9,Oct/16/2005 15:09:24
211999,NJ.GOVERNOR05.REP,Republican Party candidate to win the 2005 New Jersey Governor's race,1,12.9,Oct/16/2005 15:09:24
211999,NJ.GOVERNOR05.REP,Republican Party candidate to win the 2005 New Jersey Governor's race,1,13.0,Oct/16/2005 15:09:24
211999,NJ.GOVERNOR05.REP,Republican Party candidate to win the 2005 New Jersey Governor's race,18,13.0,Oct/16/2005 15:09:24
211999,NJ.GOVERNOR05.REP,Republican Party candidate to win the 2005 New Jersey Governor's race,1,10.1,Oct/16/2005 23:35:21
211999,NJ.GOVERNOR05.REP,Republican Party candidate to win the 2005 New Jersey Governor's race,100,10.0,Oct/16/2005 23:35:21
211999,NJ.GOVERNOR05.REP,Republican Party candidate to win the 2005 New Jersey Governor's race,1,12.8,Oct/18/2005 14:12:46
211999,NJ.GOVERNOR05.REP,Republican Party candidate to win the 2005 New Jersey Governor's race,1,12.8,Oct/18/2005 14:12:46
211999,NJ.GOVERNOR05.REP,Republican Party candidate to win the 2005 New Jersey Governor's race,10,12.9,Oct/18/2005 15:20:54
211999,NJ.GOVERNOR05.REP,Republican Party candidate to win the 2005 New Jersey Governor's race,53,13.0,Oct/18/2005 15:26:28
211999,NJ.GOVERNOR05.REP,Republican Party candidate to win the 2005 New Jersey Governor's race,17,13.0,Oct/18/2005 15:26:28
211999,NJ.GOVERNOR05.REP,Republican Party candidate to win the 2005 New Jersey Governor's race,1,13.0,Oct/19/2005 05:45:14
211999,NJ.GOVERNOR05.REP,Republican Party candidate to win the 2005 New Jersey Governor's race,1,12.9,Oct/19/2005 05:45:14
211999,NJ.GOVERNOR05.REP,Republican Party candidate to win the 2005 New Jersey Governor's race,1,12.8,Oct/19/2005 05:45:14
211999,NJ.GOVERNOR05.REP,Republican Party candidate to win the 2005 New Jersey Governor's race,17,10.0,Oct/20/2005 18:22:03
211999,NJ.GOVERNOR05.REP,Republican Party candidate to win the 2005 New Jersey Governor's race,3,9.9,Oct/20/2005 18:22:03
211999,NJ.GOVERNOR05.REP,Republican Party candidate to win the 2005 New Jersey Governor's race,2,9.9,Oct/21/2005 05:52:39
211999,NJ.GOVERNOR05.REP,Republican Party candidate to win the 2005 New Jersey Governor's race,1,9.8,Oct/21/2005 05:52:39
211999,NJ.GOVERNOR05.REP,Republican Party candidate to win the 2005 New Jersey Governor's race,1,8.1,Oct/21/2005 11:35:13
211999,NJ.GOVERNOR05.REP,Republican Party candidate to win the 2005 New Jersey Governor's race,1,8.1,Oct/21/2005 11:35:13
211999,NJ.GOVERNOR05.REP,Republican Party candidate to win the 2005 New Jersey Governor's race,100,8.0,Oct/21/2005 11:35:13
211999,NJ.GOVERNOR05.REP,Republican Party candidate to win the 2005 New Jersey Governor's race,1,7.6,Oct/21/2005 18:04:17
211999,NJ.GOVERNOR05.REP,Republican Party candidate to win the 2005 New Jersey Governor's race,26,7.7,Oct/21/2005 18:04:17
211999,NJ.GOVERNOR05.REP,Republican Party candidate to win the 2005 New Jersey Governor's race,2,9.9,Oct/22/2005 03:14:19
211999,NJ.GOVERNOR05.REP,Republican Party candidate to win the 2005 New Jersey Governor's race,1,9.8,Oct/22/2005 03:14:19
211999,NJ.GOVERNOR05.REP,Republican Party candidate to win the 2005 New Jersey Governor's race,1,9.8,Oct/22/2005 03:14:19
211999,NJ.GOVERNOR05.REP,Republican Party candidate to win the 2005 New Jersey Governor's race,1,5.6,Oct/24/2005 01:33:44
211999,NJ.GOVERNOR05.REP,Republican Party candidate to win the 2005 New Jersey Governor's race,1,5.6,Oct/24/2005 01:33:44
211999,NJ.GOVERNOR05.REP,Republican Party candidate to win the 2005 New Jersey Governor's race,9,5.5,Oct/24/2005 01:35:45
211999,NJ.GOVERNOR05.REP,Republican Party candidate to win the 2005 New Jersey Governor's race,1,5.6,Oct/24/2005 01:35:45
211999,NJ.GOVERNOR05.REP,Republican Party candidate to win the 2005 New Jersey Governor's race,3,5.6,Oct/24/2005 01:44:11
211999,NJ.GOVERNOR05.REP,Republican Party candidate to win the 2005 New Jersey Governor's race,1,5.6,Oct/24/2005 15:59:50
211999,NJ.GOVERNOR05.REP,Republican Party candidate to win the 2005 New Jersey Governor's race,1,5.6,Oct/24/2005 19:40:15
211999,NJ.GOVERNOR05.REP,Republican Party candidate to win the 2005 New Jersey Governor's race,10,5.8,Oct/25/2005 14:42:41
211999,NJ.GOVERNOR05.REP,Republican Party candidate to win the 2005 New Jersey Governor's race,20,5.8,Oct/25/2005 15:55:02
211999,NJ.GOVERNOR05.REP,Republican Party candidate to win the 2005 New Jersey Governor's race,1,6.0,Oct/26/2005 17:33:31
211999,NJ.GOVERNOR05.REP,Republican Party candidate to win the 2005 New Jersey Governor's race,1,6.9,Oct/27/2005 02:37:37
211999,NJ.GOVERNOR05.REP,Republican Party candidate to win the 2005 New Jersey Governor's race,6,7.0,Oct/27/2005 02:37:53
211999,NJ.GOVERNOR05.REP,Republican Party candidate to win the 2005 New Jersey Governor's race,2,8.3,Oct/27/2005 05:36:28
211999,NJ.GOVERNOR05.REP,Republican Party candidate to win the 2005 New Jersey Governor's race,2,5.3,Oct/27/2005 14:42:11
211999,NJ.GOVERNOR05.REP,Republican Party candidate to win the 2005 New Jersey Governor's race,1,5.3,Oct/27/2005 14:48:47
211999,NJ.GOVERNOR05.REP,Republican Party candidate to win the 2005 New Jersey Governor's race,47,5.3,Oct/27/2005 16:14:31
211999,NJ.GOVERNOR05.REP,Republican Party candidate to win the 2005 New Jersey Governor's race,100,5.0,Oct/27/2005 16:14:31
211999,NJ.GOVERNOR05.REP,Republican Party candidate to win the 2005 New Jersey Governor's race,2,6.4,Oct/28/2005 04:18:26
211999,NJ.GOVERNOR05.REP,Republican Party candidate to win the 2005 New Jersey Governor's race,5,6.0,Oct/28/2005 20:41:24
211999,NJ.GOVERNOR05.REP,Republican Party candidate to win the 2005 New Jersey Governor's race,20,6.5,Oct/28/2005 20:41:46
211999,NJ.GOVERNOR05.REP,Republican Party candidate to win the 2005 New Jersey Governor's race,100,5.0,Oct/29/2005 01:41:29
211999,NJ.GOVERNOR05.REP,Republican Party candidate to win the 2005 New Jersey Governor's race,2,2.5,Oct/31/2005 21:22:48
211999,NJ.GOVERNOR05.REP,Republican Party candidate to win the 2005 New Jersey Governor's race,80,3.0,Nov/01/2005 11:43:57
211999,NJ.GOVERNOR05.REP,Republican Party candidate to win the 2005 New Jersey Governor's race,10,4.9,Nov/01/2005 16:13:24
211999,NJ.GOVERNOR05.REP,Republican Party candidate to win the 2005 New Jersey Governor's race,70,3.0,Nov/01/2005 16:47:40
211999,NJ.GOVERNOR05.REP,Republican Party candidate to win the 2005 New Jersey Governor's race,30,3.0,Nov/02/2005 00:38:48
211999,NJ.GOVERNOR05.REP,Republican Party candidate to win the 2005 New Jersey Governor's race,30,4.9,Nov/02/2005 17:21:34
211999,NJ.GOVERNOR05.REP,Republican Party candidate to win the 2005 New Jersey Governor's race,6,2.5,Nov/03/2005 11:30:30
211999,NJ.GOVERNOR05.REP,Republican Party candidate to win the 2005 New Jersey Governor's race,10,3.0,Nov/03/2005 11:30:30
211999,NJ.GOVERNOR05.REP,Republican Party candidate to win the 2005 New Jersey Governor's race,1,3.1,Nov/03/2005 11:30:30
211999,NJ.GOVERNOR05.REP,Republican Party candidate to win the 2005 New Jersey Governor's race,1,6.9,Nov/03/2005 17:35:52
211999,NJ.GOVERNOR05.REP,Republican Party candidate to win the 2005 New Jersey Governor's race,10,7.0,Nov/03/2005 17:38:59
211999,NJ.GOVERNOR05.REP,Republican Party candidate to win the 2005 New Jersey Governor's race,50,7.0,Nov/03/2005 20:33:32
211999,NJ.GOVERNOR05.REP,Republican Party candidate to win the 2005 New Jersey Governor's race,40,7.0,Nov/03/2005 22:02:14
211999,NJ.GOVERNOR05.REP,Republican Party candidate to win the 2005 New Jersey Governor's race,2,9.4,Nov/03/2005 22:47:28
211999,NJ.GOVERNOR05.REP,Republican Party candidate to win the 2005 New Jersey Governor's race,2,9.6,Nov/03/2005 22:47:49
211999,NJ.GOVERNOR05.REP,Republican Party candidate to win the 2005 New Jersey Governor's race,2,9.6,Nov/03/2005 22:48:10
211999,NJ.GOVERNOR05.REP,Republican Party candidate to win the 2005 New Jersey Governor's race,3,9.7,Nov/03/2005 22:48:26
211999,NJ.GOVERNOR05.REP,Republican Party candidate to win the 2005 New Jersey Governor's race,1,9.8,Nov/03/2005 22:48:44
211999,NJ.GOVERNOR05.REP,Republican Party candidate to win the 2005 New Jersey Governor's race,5,9.9,Nov/03/2005 22:49:01
211999,NJ.GOVERNOR05.REP,Republican Party candidate to win the 2005 New Jersey Governor's race,25,9.9,Nov/03/2005 22:49:01
211999,NJ.GOVERNOR05.REP,Republican Party candidate to win the 2005 New Jersey Governor's race,3,9.9,Nov/03/2005 22:49:01
211999,NJ.GOVERNOR05.REP,Republican Party candidate to win the 2005 New Jersey Governor's race,1,5.6,Nov/04/2005 00:18:57
211999,NJ.GOVERNOR05.REP,Republican Party candidate to win the 2005 New Jersey Governor's race,50,5.5,Nov/04/2005 00:18:57
211999,NJ.GOVERNOR05.REP,Republican Party candidate to win the 2005 New Jersey Governor's race,10,5.0,Nov/04/2005 00:18:57
211999,NJ.GOVERNOR05.REP,Republican Party candidate to win the 2005 New Jersey Governor's race,3,10.9,Nov/04/2005 01:26:50
211999,NJ.GOVERNOR05.REP,Republican Party candidate to win the 2005 New Jersey Governor's race,1,12.8,Nov/04/2005 01:27:31
211999,NJ.GOVERNOR05.REP,Republican Party candidate to win the 2005 New Jersey Governor's race,22,12.9,Nov/04/2005 01:27:58
211999,NJ.GOVERNOR05.REP,Republican Party candidate to win the 2005 New Jersey Governor's race,3,15.0,Nov/04/2005 01:28:17
211999,NJ.GOVERNOR05.REP,Republican Party candidate to win the 2005 New Jersey Governor's race,1,14.9,Nov/04/2005 01:28:17
211999,NJ.GOVERNOR05.REP,Republican Party candidate to win the 2005 New Jersey Governor's race,1,6.4,Nov/04/2005 18:47:32
211999,NJ.GOVERNOR05.REP,Republican Party candidate to win the 2005 New Jersey Governor's race,1,6.5,Nov/04/2005 18:47:32
211999,NJ.GOVERNOR05.REP,Republican Party candidate to win the 2005 New Jersey Governor's race,30,6.5,Nov/04/2005 22:37:46
211999,NJ.GOVERNOR05.REP,Republican Party candidate to win the 2005 New Jersey Governor's race,9,6.5,Nov/04/2005 23:20:34
211999,NJ.GOVERNOR05.REP,Republican Party candidate to win the 2005 New Jersey Governor's race,10,10.0,Nov/04/2005 23:21:04
211999,NJ.GOVERNOR05.REP,Republican Party candidate to win the 2005 New Jersey Governor's race,1,9.0,Nov/05/2005 00:28:40
211999,NJ.GOVERNOR05.REP,Republican Party candidate to win the 2005 New Jersey Governor's race,39,8.0,Nov/05/2005 03:34:01
211999,NJ.GOVERNOR05.REP,Republican Party candidate to win the 2005 New Jersey Governor's race,10,9.0,Nov/05/2005 03:34:23
211999,NJ.GOVERNOR05.REP,Republican Party candidate to win the 2005 New Jersey Governor's race,1,6.5,Nov/05/2005 13:42:41
211999,NJ.GOVERNOR05.REP,Republican Party candidate to win the 2005 New Jersey Governor's race,1,6.5,Nov/05/2005 15:11:39
211999,NJ.GOVERNOR05.REP,Republican Party candidate to win the 2005 New Jersey Governor's race,1,6.5,Nov/05/2005 17:06:55
211999,NJ.GOVERNOR05.REP,Republican Party candidate to win the 2005 New Jersey Governor's race,2,5.7,Nov/05/2005 18:59:02
211999,NJ.GOVERNOR05.REP,Republican Party candidate to win the 2005 New Jersey Governor's race,50,6.0,Nov/05/2005 19:11:50
211999,NJ.GOVERNOR05.REP,Republican Party candidate to win the 2005 New Jersey Governor's race,1,6.0,Nov/05/2005 19:11:50
211999,NJ.GOVERNOR05.REP,Republican Party candidate to win the 2005 New Jersey Governor's race,12,5.6,Nov/05/2005 19:12:08
211999,NJ.GOVERNOR05.REP,Republican Party candidate to win the 2005 New Jersey Governor's race,1,5.7,Nov/05/2005 19:12:08
211999,NJ.GOVERNOR05.REP,Republican Party candidate to win the 2005 New Jersey Governor's race,100,8.0,Nov/06/2005 11:58:10
211999,NJ.GOVERNOR05.REP,Republican Party candidate to win the 2005 New Jersey Governor's race,7,10.0,Nov/06/2005 12:41:34
211999,NJ.GOVERNOR05.REP,Republican Party candidate to win the 2005 New Jersey Governor's race,2,9.9,Nov/06/2005 12:41:34
211999,NJ.GOVERNOR05.REP,Republican Party candidate to win the 2005 New Jersey Governor's race,20,9.0,Nov/06/2005 15:40:37
211999,NJ.GOVERNOR05.REP,Republican Party candidate to win the 2005 New Jersey Governor's race,20,9.0,Nov/06/2005 15:40:59
211999,NJ.GOVERNOR05.REP,Republican Party candidate to win the 2005 New Jersey Governor's race,15,9.0,Nov/06/2005 17:34:43
211999,NJ.GOVERNOR05.REP,Republican Party candidate to win the 2005 New Jersey Governor's race,1,9.0,Nov/06/2005 17:35:11
211999,NJ.GOVERNOR05.REP,Republican Party candidate to win the 2005 New Jersey Governor's race,1,5.5,Nov/06/2005 17:40:45
211999,NJ.GOVERNOR05.REP,Republican Party candidate to win the 2005 New Jersey Governor's race,1,8.9,Nov/06/2005 17:41:25
211999,NJ.GOVERNOR05.REP,Republican Party candidate to win the 2005 New Jersey Governor's race,1,9.0,Nov/06/2005 17:41:42
211999,NJ.GOVERNOR05.REP,Republican Party candidate to win the 2005 New Jersey Governor's race,9,6.0,Nov/07/2005 00:09:40
211999,NJ.GOVERNOR05.REP,Republican Party candidate to win the 2005 New Jersey Governor's race,1,7.4,Nov/07/2005 01:51:44
211999,NJ.GOVERNOR05.REP,Republican Party candidate to win the 2005 New Jersey Governor's race,4,7.5,Nov/07/2005 01:52:53
211999,NJ.GOVERNOR05.REP,Republican Party candidate to win the 2005 New Jersey Governor's race,2,5.5,Nov/07/2005 02:14:20
211999,NJ.GOVERNOR05.REP,Republican Party candidate to win the 2005 New Jersey Governor's race,2,5.6,Nov/07/2005 05:34:42
211999,NJ.GOVERNOR05.REP,Republican Party candidate to win the 2005 New Jersey Governor's race,2,5.5,Nov/07/2005 05:35:10
211999,NJ.GOVERNOR05.REP,Republican Party candidate to win the 2005 New Jersey Governor's race,1,5.5,Nov/07/2005 06:10:06
211999,NJ.GOVERNOR05.REP,Republican Party candidate to win the 2005 New Jersey Governor's race,18,5.6,Nov/07/2005 06:10:06
211999,NJ.GOVERNOR05.REP,Republican Party candidate to win the 2005 New Jersey Governor's race,1,7.5,Nov/07/2005 06:23:45
211999,NJ.GOVERNOR05.REP,Republican Party candidate to win the 2005 New Jersey Governor's race,1,7.5,Nov/07/2005 06:24:40
211999,NJ.GOVERNOR05.REP,Republican Party candidate to win the 2005 New Jersey Governor's race,1,7.5,Nov/07/2005 06:25:35
211999,NJ.GOVERNOR05.REP,Republican Party candidate to win the 2005 New Jersey Governor's race,46,5.0,Nov/07/2005 14:21:33
211999,NJ.GOVERNOR05.REP,Republican Party candidate to win the 2005 New Jersey Governor's race,2,5.0,Nov/07/2005 14:32:07
211999,NJ.GOVERNOR05.REP,Republican Party candidate to win the 2005 New Jersey Governor's race,3,5.0,Nov/07/2005 16:54:32
211999,NJ.GOVERNOR05.REP,Republican Party candidate to win the 2005 New Jersey Governor's race,89,5.0,Nov/07/2005 17:12:39
211999,NJ.GOVERNOR05.REP,Republican Party candidate to win the 2005 New Jersey Governor's race,5,7.5,Nov/07/2005 18:05:32
211999,NJ.GOVERNOR05.REP,Republican Party candidate to win the 2005 New Jersey Governor's race,4,7.5,Nov/07/2005 18:54:02
211999,NJ.GOVERNOR05.REP,Republican Party candidate to win the 2005 New Jersey Governor's race,12,7.9,Nov/07/2005 18:54:18
211999,NJ.GOVERNOR05.REP,Republican Party candidate to win the 2005 New Jersey Governor's race,35,8.0,Nov/07/2005 18:55:05
211999,NJ.GOVERNOR05.REP,Republican Party candidate to win the 2005 New Jersey Governor's race,4,5.2,Nov/07/2005 21:54:43
211999,NJ.GOVERNOR05.REP,Republican Party candidate to win the 2005 New Jersey Governor's race,10,5.1,Nov/07/2005 21:56:18
211999,NJ.GOVERNOR05.REP,Republican Party candidate to win the 2005 New Jersey Governor's race,9,5.0,Nov/07/2005 22:03:44
211999,NJ.GOVERNOR05.REP,Republican Party candidate to win the 2005 New Jersey Governor's race,1,7.2,Nov/07/2005 22:12:36
211999,NJ.GOVERNOR05.REP,Republican Party candidate to win the 2005 New Jersey Governor's race,4,7.2,Nov/07/2005 23:13:06
211999,NJ.GOVERNOR05.REP,Republican Party candidate to win the 2005 New Jersey Governor's race,3,7.2,Nov/07/2005 23:20:37
211999,NJ.GOVERNOR05.REP,Republican Party candidate to win the 2005 New Jersey Governor's race,2,7.2,Nov/07/2005 23:21:56
211999,NJ.GOVERNOR05.REP,Republican Party candidate to win the 2005 New Jersey Governor's race,2,7.1,Nov/07/2005 23:48:07
211999,NJ.GOVERNOR05.REP,Republican Party candidate to win the 2005 New Jersey Governor's race,8,8.0,Nov/07/2005 23:48:07
211999,NJ.GOVERNOR05.REP,Republican Party candidate to win the 2005 New Jersey Governor's race,1,6.0,Nov/08/2005 00:14:46
211999,NJ.GOVERNOR05.REP,Republican Party candidate to win the 2005 New Jersey Governor's race,5,5.0,Nov/08/2005 00:47:56
211999,NJ.GOVERNOR05.REP,Republican Party candidate to win the 2005 New Jersey Governor's race,1,6.5,Nov/08/2005 02:38:44
211999,NJ.GOVERNOR05.REP,Republican Party candidate to win the 2005 New Jersey Governor's race,6,6.5,Nov/08/2005 02:58:44
211999,NJ.GOVERNOR05.REP,Republican Party candidate to win the 2005 New Jersey Governor's race,10,7.5,Nov/08/2005 03:39:48
211999,NJ.GOVERNOR05.REP,Republican Party candidate to win the 2005 New Jersey Governor's race,5,7.0,Nov/08/2005 04:20:53
211999,NJ.GOVERNOR05.REP,Republican Party candidate to win the 2005 New Jersey Governor's race,4,7.5,Nov/08/2005 04:21:34
211999,NJ.GOVERNOR05.REP,Republican Party candidate to win the 2005 New Jersey Governor's race,3,6.5,Nov/08/2005 04:23:44
211999,NJ.GOVERNOR05.REP,Republican Party candidate to win the 2005 New Jersey Governor's race,57,8.0,Nov/08/2005 05:54:44
211999,NJ.GOVERNOR05.REP,Republican Party candidate to win the 2005 New Jersey Governor's race,1,7.0,Nov/08/2005 06:43:01
211999,NJ.GOVERNOR05.REP,Republican Party candidate to win the 2005 New Jersey Governor's race,7,7.0,Nov/08/2005 06:43:01
211999,NJ.GOVERNOR05.REP,Republican Party candidate to win the 2005 New Jersey Governor's race,1,8.0,Nov/08/2005 11:38:39
211999,NJ.GOVERNOR05.REP,Republican Party candidate to win the 2005 New Jersey Governor's race,8,6.5,Nov/08/2005 11:41:05
211999,NJ.GOVERNOR05.REP,Republican Party candidate to win the 2005 New Jersey Governor's race,12,6.5,Nov/08/2005 12:06:23
211999,NJ.GOVERNOR05.REP,Republican Party candidate to win the 2005 New Jersey Governor's race,5,12.0,Nov/08/2005 12:07:35
211999,NJ.GOVERNOR05.REP,Republican Party candidate to win the 2005 New Jersey Governor's race,11,12.0,Nov/08/2005 12:10:32
211999,NJ.GOVERNOR05.REP,Republican Party candidate to win the 2005 New Jersey Governor's race,3,5.5,Nov/08/2005 12:13:11
211999,NJ.GOVERNOR05.REP,Republican Party candidate to win the 2005 New Jersey Governor's race,8,5.0,Nov/08/2005 12:13:11
211999,NJ.GOVERNOR05.REP,Republican Party candidate to win the 2005 New Jersey Governor's race,1,6.0,Nov/08/2005 16:03:25
211999,NJ.GOVERNOR05.REP,Republican Party candidate to win the 2005 New Jersey Governor's race,1,10.3,Nov/08/2005 16:33:53
211999,NJ.GOVERNOR05.REP,Republican Party candidate to win the 2005 New Jersey Governor's race,2,7.0,Nov/08/2005 16:58:16
211999,NJ.GOVERNOR05.REP,Republican Party candidate to win the 2005 New Jersey Governor's race,2,9.8,Nov/08/2005 18:03:24
211999,NJ.GOVERNOR05.REP,Republican Party candidate to win the 2005 New Jersey Governor's race,3,9.9,Nov/08/2005 18:03:24
211999,NJ.GOVERNOR05.REP,Republican Party candidate to win the 2005 New Jersey Governor's race,20,9.9,Nov/08/2005 18:07:52
211999,NJ.GOVERNOR05.REP,Republican Party candidate to win the 2005 New Jersey Governor's race,15,9.9,Nov/08/2005 18:15:49
211999,NJ.GOVERNOR05.REP,Republican Party candidate to win the 2005 New Jersey Governor's race,2,9.0,Nov/08/2005 19:11:31
211999,NJ.GOVERNOR05.REP,Republican Party candidate to win the 2005 New Jersey Governor's race,2,5.0,Nov/08/2005 19:12:47
211999,NJ.GOVERNOR05.REP,Republican Party candidate to win the 2005 New Jersey Governor's race,6,5.0,Nov/08/2005 19:52:51
211999,NJ.GOVERNOR05.REP,Republican Party candidate to win the 2005 New Jersey Governor's race,2,7.0,Nov/08/2005 19:54:31
211999,NJ.GOVERNOR05.REP,Republican Party candidate to win the 2005 New Jersey Governor's race,1,7.5,Nov/08/2005 20:10:16
211999,NJ.GOVERNOR05.REP,Republican Party candidate to win the 2005 New Jersey Governor's race,10,9.9,Nov/08/2005 20:10:38
211999,NJ.GOVERNOR05.REP,Republican Party candidate to win the 2005 New Jersey Governor's race,9,9.9,Nov/08/2005 20:11:09
211999,NJ.GOVERNOR05.REP,Republican Party candidate to win the 2005 New Jersey Governor's race,41,10.0,Nov/08/2005 20:11:09
211999,NJ.GOVERNOR05.REP,Republican Party candidate to win the 2005 New Jersey Governor's race,20,10.0,Nov/08/2005 20:18:03
211999,NJ.GOVERNOR05.REP,Republican Party candidate to win the 2005 New Jersey Governor's race,1,7.0,Nov/08/2005 20:24:19
211999,NJ.GOVERNOR05.REP,Republican Party candidate to win the 2005 New Jersey Governor's race,17,7.0,Nov/08/2005 20:24:27
211999,NJ.GOVERNOR05.REP,Republican Party candidate to win the 2005 New Jersey Governor's race,1,7.0,Nov/08/2005 20:35:46
211999,NJ.GOVERNOR05.REP,Republican Party candidate to win the 2005 New Jersey Governor's race,29,10.0,Nov/08/2005 20:35:46
211999,NJ.GOVERNOR05.REP,Republican Party candidate to win the 2005 New Jersey Governor's race,20,10.0,Nov/08/2005 20:44:02
211999,NJ.GOVERNOR05.REP,Republican Party candidate to win the 2005 New Jersey Governor's race,9,5.0,Nov/08/2005 21:24:04
211999,NJ.GOVERNOR05.REP,Republican Party candidate to win the 2005 New Jersey Governor's race,11,5.0,Nov/08/2005 21:32:54
211999,NJ.GOVERNOR05.REP,Republican Party candidate to win the 2005 New Jersey Governor's race,9,5.0,Nov/08/2005 21:32:54
211999,NJ.GOVERNOR05.REP,Republican Party candidate to win the 2005 New Jersey Governor's race,15,5.0,Nov/08/2005 21:50:02
211999,NJ.GOVERNOR05.REP,Republican Party candidate to win the 2005 New Jersey Governor's race,10,11.0,Nov/08/2005 22:19:42
211999,NJ.GOVERNOR05.REP,Republican Party candidate to win the 2005 New Jersey Governor's race,4,7.0,Nov/08/2005 22:45:17
211999,NJ.GOVERNOR05.REP,Republican Party candidate to win the 2005 New Jersey Governor's race,1,7.0,Nov/08/2005 22:46:05
211999,NJ.GOVERNOR05.REP,Republican Party candidate to win the 2005 New Jersey Governor's race,1,11.0,Nov/08/2005 22:48:04
211999,NJ.GOVERNOR05.REP,Republican Party candidate to win the 2005 New Jersey Governor's race,2,9.6,Nov/08/2005 22:48:04
211999,NJ.GOVERNOR05.REP,Republican Party candidate to win the 2005 New Jersey Governor's race,5,7.0,Nov/08/2005 22:58:08
211999,NJ.GOVERNOR05.REP,Republican Party candidate to win the 2005 New Jersey Governor's race,1,6.0,Nov/08/2005 23:21:59
211999,NJ.GOVERNOR05.REP,Republican Party candidate to win the 2005 New Jersey Governor's race,2,10.4,Nov/08/2005 23:28:00
211999,NJ.GOVERNOR05.REP,Republican Party candidate to win the 2005 New Jersey Governor's race,4,13.0,Nov/08/2005 23:30:46
211999,NJ.GOVERNOR05.REP,Republican Party candidate to win the 2005 New Jersey Governor's race,14,13.0,Nov/08/2005 23:31:09
211999,NJ.GOVERNOR05.REP,Republican Party candidate to win the 2005 New Jersey Governor's race,3,7.8,Nov/08/2005 23:50:15
211999,NJ.GOVERNOR05.REP,Republican Party candidate to win the 2005 New Jersey Governor's race,10,7.8,Nov/08/2005 23:51:45
211999,NJ.GOVERNOR05.REP,Republican Party candidate to win the 2005 New Jersey Governor's race,10,7.7,Nov/08/2005 23:51:45
211999,NJ.GOVERNOR05.REP,Republican Party candidate to win the 2005 New Jersey Governor's race,3,7.7,Nov/09/2005 00:16:33
211999,NJ.GOVERNOR05.REP,Republican Party candidate to win the 2005 New Jersey Governor's race,1,7.9,Nov/09/2005 00:23:43
211999,NJ.GOVERNOR05.REP,Republican Party candidate to win the 2005 New Jersey Governor's race,4,5.0,Nov/09/2005 00:29:24
211999,NJ.GOVERNOR05.REP,Republican Party candidate to win the 2005 New Jersey Governor's race,15,3.4,Nov/09/2005 00:50:07
211999,NJ.GOVERNOR05.REP,Republican Party candidate to win the 2005 New Jersey Governor's race,10,7.0,Nov/09/2005 00:50:59
211999,NJ.GOVERNOR05.REP,Republican Party candidate to win the 2005 New Jersey Governor's race,10,2.2,Nov/09/2005 01:04:06
211999,NJ.GOVERNOR05.REP,Republican Party candidate to win the 2005 New Jersey Governor's race,100,2.0,Nov/09/2005 01:04:06
211999,NJ.GOVERNOR05.REP,Republican Party candidate to win the 2005 New Jersey Governor's race,10,3.3,Nov/09/2005 01:04:06
211999,NJ.GOVERNOR05.REP,Republican Party candidate to win the 2005 New Jersey Governor's race,12,3.0,Nov/09/2005 01:20:55
211999,NJ.GOVERNOR05.REP,Republican Party candidate to win the 2005 New Jersey Governor's race,1,5.0,Nov/09/2005 01:21:13
211999,NJ.GOVERNOR05.REP,Republican Party candidate to win the 2005 New Jersey Governor's race,10,5.0,Nov/09/2005 01:21:49
211999,NJ.GOVERNOR05.REP,Republican Party candidate to win the 2005 New Jersey Governor's race,1,6.0,Nov/09/2005 01:22:18
211999,NJ.GOVERNOR05.REP,Republican Party candidate to win the 2005 New Jersey Governor's race,1,6.0,Nov/09/2005 01:38:23
211999,NJ.GOVERNOR05.REP,Republican Party candidate to win the 2005 New Jersey Governor's race,19,6.0,Nov/09/2005 01:43:05
