market id,market symbol,market name,trade quantity,trade price,date/time [utc]
212000,NJ.GOVERNOR05.DEM,Democratic Party candidate to win the 2005 New Jersey Governor's race,100,86.0,Apr/29/2005 03:13:51
212000,NJ.GOVERNOR05.DEM,Democratic Party candidate to win the 2005 New Jersey Governor's race,10,85.0,Apr/29/2005 03:13:51
212000,NJ.GOVERNOR05.DEM,Democratic Party candidate to win the 2005 New Jersey Governor's race,5,88.9,May/12/2005 22:55:24
212000,NJ.GOVERNOR05.DEM,Democratic Party candidate to win the 2005 New Jersey Governor's race,10,94.9,May/20/2005 02:59:02
212000,NJ.GOVERNOR05.DEM,Democratic Party candidate to win the 2005 New Jersey Governor's race,5,94.5,May/20/2005 02:59:02
212000,NJ.GOVERNOR05.DEM,Democratic Party candidate to win the 2005 New Jersey Governor's race,1,94.5,May/20/2005 02:59:02
212000,NJ.GOVERNOR05.DEM,Democratic Party candidate to win the 2005 New Jersey Governor's race,1,91.9,May/25/2005 03:29:53
212000,NJ.GOVERNOR05.DEM,Democratic Party candidate to win the 2005 New Jersey Governor's race,10,92.0,May/25/2005 03:29:53
212000,NJ.GOVERNOR05.DEM,Democratic Party candidate to win the 2005 New Jersey Governor's race,10,94.9,May/31/2005 22:49:14
212000,NJ.GOVERNOR05.DEM,Democratic Party candidate to win the 2005 New Jersey Governor's race,1,92.0,Jun/01/2005 13:54:34
212000,NJ.GOVERNOR05.DEM,Democratic Party candidate to win the 2005 New Jersey Governor's race,1,92.1,Jun/01/2005 14:54:23
212000,NJ.GOVERNOR05.DEM,Democratic Party candidate to win the 2005 New Jersey Governor's race,1,92.0,Jun/01/2005 14:56:27
212000,NJ.GOVERNOR05.DEM,Democratic Party candidate to win the 2005 New Jersey Governor's race,1,92.0,Jun/01/2005 18:54:21
212000,NJ.GOVERNOR05.DEM,Democratic Party candidate to win the 2005 New Jersey Governor's race,1,92.1,Jun/01/2005 19:22:57
212000,NJ.GOVERNOR05.DEM,Democratic Party candidate to win the 2005 New Jersey Governor's race,3,92.1,Jun/02/2005 13:54:41
212000,NJ.GOVERNOR05.DEM,Democratic Party candidate to win the 2005 New Jersey Governor's race,3,92.1,Jun/02/2005 23:12:22
212000,NJ.GOVERNOR05.DEM,Democratic Party candidate to win the 2005 New Jersey Governor's race,7,92.0,Jun/02/2005 23:12:22
212000,NJ.GOVERNOR05.DEM,Democratic Party candidate to win the 2005 New Jersey Governor's race,3,89.9,Jun/05/2005 03:52:27
212000,NJ.GOVERNOR05.DEM,Democratic Party candidate to win the 2005 New Jersey Governor's race,100,90.0,Jun/05/2005 03:52:27
212000,NJ.GOVERNOR05.DEM,Democratic Party candidate to win the 2005 New Jersey Governor's race,1,88.0,Jun/07/2005 12:31:36
212000,NJ.GOVERNOR05.DEM,Democratic Party candidate to win the 2005 New Jersey Governor's race,4,88.0,Jun/07/2005 14:46:59
212000,NJ.GOVERNOR05.DEM,Democratic Party candidate to win the 2005 New Jersey Governor's race,5,88.1,Jun/07/2005 14:46:59
212000,NJ.GOVERNOR05.DEM,Democratic Party candidate to win the 2005 New Jersey Governor's race,3,88.1,Jun/07/2005 14:46:59
212000,NJ.GOVERNOR05.DEM,Democratic Party candidate to win the 2005 New Jersey Governor's race,2,88.1,Jun/07/2005 14:46:59
212000,NJ.GOVERNOR05.DEM,Democratic Party candidate to win the 2005 New Jersey Governor's race,1,89.0,Jun/08/2005 15:07:34
212000,NJ.GOVERNOR05.DEM,Democratic Party candidate to win the 2005 New Jersey Governor's race,5,88.0,Jun/09/2005 05:27:22
212000,NJ.GOVERNOR05.DEM,Democratic Party candidate to win the 2005 New Jersey Governor's race,2,88.0,Jun/09/2005 05:27:22
212000,NJ.GOVERNOR05.DEM,Democratic Party candidate to win the 2005 New Jersey Governor's race,20,87.7,Jun/09/2005 05:27:45
212000,NJ.GOVERNOR05.DEM,Democratic Party candidate to win the 2005 New Jersey Governor's race,15,87.5,Jun/09/2005 12:11:02
212000,NJ.GOVERNOR05.DEM,Democratic Party candidate to win the 2005 New Jersey Governor's race,2,87.6,Jun/10/2005 02:00:20
212000,NJ.GOVERNOR05.DEM,Democratic Party candidate to win the 2005 New Jersey Governor's race,3,87.5,Jun/10/2005 02:00:48
212000,NJ.GOVERNOR05.DEM,Democratic Party candidate to win the 2005 New Jersey Governor's race,2,87.5,Jun/10/2005 02:12:55
212000,NJ.GOVERNOR05.DEM,Democratic Party candidate to win the 2005 New Jersey Governor's race,10,91.0,Jun/10/2005 04:49:49
212000,NJ.GOVERNOR05.DEM,Democratic Party candidate to win the 2005 New Jersey Governor's race,1,90.9,Jun/10/2005 04:49:49
212000,NJ.GOVERNOR05.DEM,Democratic Party candidate to win the 2005 New Jersey Governor's race,2,91.7,Jun/10/2005 04:54:25
212000,NJ.GOVERNOR05.DEM,Democratic Party candidate to win the 2005 New Jersey Governor's race,33,91.8,Jun/10/2005 04:54:25
212000,NJ.GOVERNOR05.DEM,Democratic Party candidate to win the 2005 New Jersey Governor's race,2,91.8,Jun/10/2005 04:54:25
212000,NJ.GOVERNOR05.DEM,Democratic Party candidate to win the 2005 New Jersey Governor's race,100,92.0,Jun/10/2005 04:54:25
212000,NJ.GOVERNOR05.DEM,Democratic Party candidate to win the 2005 New Jersey Governor's race,2,90.1,Jun/10/2005 11:40:30
212000,NJ.GOVERNOR05.DEM,Democratic Party candidate to win the 2005 New Jersey Governor's race,2,90.1,Jun/10/2005 11:40:30
212000,NJ.GOVERNOR05.DEM,Democratic Party candidate to win the 2005 New Jersey Governor's race,2,87.1,Jun/10/2005 11:50:26
212000,NJ.GOVERNOR05.DEM,Democratic Party candidate to win the 2005 New Jersey Governor's race,1,90.0,Jun/16/2005 23:19:05
212000,NJ.GOVERNOR05.DEM,Democratic Party candidate to win the 2005 New Jersey Governor's race,10,91.0,Jun/16/2005 23:29:47
212000,NJ.GOVERNOR05.DEM,Democratic Party candidate to win the 2005 New Jersey Governor's race,100,92.0,Jun/16/2005 23:29:47
212000,NJ.GOVERNOR05.DEM,Democratic Party candidate to win the 2005 New Jersey Governor's race,10,91.5,Jun/16/2005 23:29:47
212000,NJ.GOVERNOR05.DEM,Democratic Party candidate to win the 2005 New Jersey Governor's race,2,91.4,Jun/16/2005 23:29:47
212000,NJ.GOVERNOR05.DEM,Democratic Party candidate to win the 2005 New Jersey Governor's race,50,90.0,Jun/22/2005 22:03:47
212000,NJ.GOVERNOR05.DEM,Democratic Party candidate to win the 2005 New Jersey Governor's race,6,90.0,Jun/24/2005 17:34:15
212000,NJ.GOVERNOR05.DEM,Democratic Party candidate to win the 2005 New Jersey Governor's race,25,93.5,Jun/26/2005 22:39:02
212000,NJ.GOVERNOR05.DEM,Democratic Party candidate to win the 2005 New Jersey Governor's race,1,93.0,Jul/03/2005 02:24:17
212000,NJ.GOVERNOR05.DEM,Democratic Party candidate to win the 2005 New Jersey Governor's race,1,93.0,Jul/04/2005 14:16:31
212000,NJ.GOVERNOR05.DEM,Democratic Party candidate to win the 2005 New Jersey Governor's race,1,92.0,Jul/07/2005 21:59:32
212000,NJ.GOVERNOR05.DEM,Democratic Party candidate to win the 2005 New Jersey Governor's race,1,92.0,Jul/07/2005 21:59:32
212000,NJ.GOVERNOR05.DEM,Democratic Party candidate to win the 2005 New Jersey Governor's race,10,91.0,Jul/13/2005 00:42:14
212000,NJ.GOVERNOR05.DEM,Democratic Party candidate to win the 2005 New Jersey Governor's race,10,92.0,Jul/13/2005 00:42:14
212000,NJ.GOVERNOR05.DEM,Democratic Party candidate to win the 2005 New Jersey Governor's race,1,92.9,Jul/13/2005 00:42:14
212000,NJ.GOVERNOR05.DEM,Democratic Party candidate to win the 2005 New Jersey Governor's race,29,93.0,Jul/13/2005 00:42:14
212000,NJ.GOVERNOR05.DEM,Democratic Party candidate to win the 2005 New Jersey Governor's race,3,90.5,Jul/13/2005 11:26:07
212000,NJ.GOVERNOR05.DEM,Democratic Party candidate to win the 2005 New Jersey Governor's race,10,92.5,Jul/15/2005 20:59:26
212000,NJ.GOVERNOR05.DEM,Democratic Party candidate to win the 2005 New Jersey Governor's race,20,91.0,Jul/22/2005 17:51:50
212000,NJ.GOVERNOR05.DEM,Democratic Party candidate to win the 2005 New Jersey Governor's race,1,93.0,Jul/25/2005 17:07:16
212000,NJ.GOVERNOR05.DEM,Democratic Party candidate to win the 2005 New Jersey Governor's race,1,93.9,Aug/02/2005 03:58:24
212000,NJ.GOVERNOR05.DEM,Democratic Party candidate to win the 2005 New Jersey Governor's race,5,90.6,Aug/02/2005 22:27:45
212000,NJ.GOVERNOR05.DEM,Democratic Party candidate to win the 2005 New Jersey Governor's race,5,90.6,Aug/05/2005 21:02:07
212000,NJ.GOVERNOR05.DEM,Democratic Party candidate to win the 2005 New Jersey Governor's race,1,90.7,Aug/05/2005 21:02:07
212000,NJ.GOVERNOR05.DEM,Democratic Party candidate to win the 2005 New Jersey Governor's race,5,90.6,Aug/05/2005 21:02:07
212000,NJ.GOVERNOR05.DEM,Democratic Party candidate to win the 2005 New Jersey Governor's race,4,90.5,Aug/05/2005 21:02:07
212000,NJ.GOVERNOR05.DEM,Democratic Party candidate to win the 2005 New Jersey Governor's race,2,90.4,Aug/05/2005 21:02:07
212000,NJ.GOVERNOR05.DEM,Democratic Party candidate to win the 2005 New Jersey Governor's race,11,90.3,Aug/05/2005 21:02:07
212000,NJ.GOVERNOR05.DEM,Democratic Party candidate to win the 2005 New Jersey Governor's race,3,90.0,Aug/05/2005 21:02:07
212000,NJ.GOVERNOR05.DEM,Democratic Party candidate to win the 2005 New Jersey Governor's race,5,89.9,Aug/05/2005 22:37:13
212000,NJ.GOVERNOR05.DEM,Democratic Party candidate to win the 2005 New Jersey Governor's race,8,89.8,Aug/06/2005 13:15:14
212000,NJ.GOVERNOR05.DEM,Democratic Party candidate to win the 2005 New Jersey Governor's race,18,89.0,Aug/07/2005 18:40:29
212000,NJ.GOVERNOR05.DEM,Democratic Party candidate to win the 2005 New Jersey Governor's race,2,89.1,Aug/07/2005 18:40:29
212000,NJ.GOVERNOR05.DEM,Democratic Party candidate to win the 2005 New Jersey Governor's race,3,88.9,Aug/07/2005 21:19:17
212000,NJ.GOVERNOR05.DEM,Democratic Party candidate to win the 2005 New Jersey Governor's race,4,88.9,Aug/08/2005 01:26:13
212000,NJ.GOVERNOR05.DEM,Democratic Party candidate to win the 2005 New Jersey Governor's race,100,90.0,Aug/08/2005 01:26:13
212000,NJ.GOVERNOR05.DEM,Democratic Party candidate to win the 2005 New Jersey Governor's race,10,89.0,Aug/08/2005 01:26:13
212000,NJ.GOVERNOR05.DEM,Democratic Party candidate to win the 2005 New Jersey Governor's race,1,90.0,Aug/12/2005 02:39:08
212000,NJ.GOVERNOR05.DEM,Democratic Party candidate to win the 2005 New Jersey Governor's race,3,89.1,Aug/19/2005 20:32:09
212000,NJ.GOVERNOR05.DEM,Democratic Party candidate to win the 2005 New Jersey Governor's race,1,90.2,Aug/29/2005 12:52:12
212000,NJ.GOVERNOR05.DEM,Democratic Party candidate to win the 2005 New Jersey Governor's race,1,90.2,Sep/11/2005 15:46:31
212000,NJ.GOVERNOR05.DEM,Democratic Party candidate to win the 2005 New Jersey Governor's race,1,93.8,Sep/12/2005 19:30:34
212000,NJ.GOVERNOR05.DEM,Democratic Party candidate to win the 2005 New Jersey Governor's race,2,93.9,Sep/17/2005 15:38:16
212000,NJ.GOVERNOR05.DEM,Democratic Party candidate to win the 2005 New Jersey Governor's race,1,93.8,Sep/17/2005 15:38:16
212000,NJ.GOVERNOR05.DEM,Democratic Party candidate to win the 2005 New Jersey Governor's race,1,93.9,Sep/21/2005 00:28:31
212000,NJ.GOVERNOR05.DEM,Democratic Party candidate to win the 2005 New Jersey Governor's race,1,93.9,Sep/22/2005 20:30:09
212000,NJ.GOVERNOR05.DEM,Democratic Party candidate to win the 2005 New Jersey Governor's race,1,93.9,Sep/23/2005 13:22:35
212000,NJ.GOVERNOR05.DEM,Democratic Party candidate to win the 2005 New Jersey Governor's race,10,93.9,Sep/26/2005 03:18:21
212000,NJ.GOVERNOR05.DEM,Democratic Party candidate to win the 2005 New Jersey Governor's race,3,91.8,Sep/29/2005 11:04:35
212000,NJ.GOVERNOR05.DEM,Democratic Party candidate to win the 2005 New Jersey Governor's race,1,91.8,Sep/29/2005 11:05:15
212000,NJ.GOVERNOR05.DEM,Democratic Party candidate to win the 2005 New Jersey Governor's race,2,91.8,Sep/29/2005 11:05:37
212000,NJ.GOVERNOR05.DEM,Democratic Party candidate to win the 2005 New Jersey Governor's race,50,91.8,Sep/29/2005 11:16:29
212000,NJ.GOVERNOR05.DEM,Democratic Party candidate to win the 2005 New Jersey Governor's race,1,91.3,Sep/29/2005 12:53:37
212000,NJ.GOVERNOR05.DEM,Democratic Party candidate to win the 2005 New Jersey Governor's race,3,91.2,Sep/29/2005 12:53:37
212000,NJ.GOVERNOR05.DEM,Democratic Party candidate to win the 2005 New Jersey Governor's race,1,90.3,Sep/29/2005 12:53:37
212000,NJ.GOVERNOR05.DEM,Democratic Party candidate to win the 2005 New Jersey Governor's race,3,90.1,Sep/29/2005 12:53:37
212000,NJ.GOVERNOR05.DEM,Democratic Party candidate to win the 2005 New Jersey Governor's race,3,91.1,Sep/29/2005 12:53:37
212000,NJ.GOVERNOR05.DEM,Democratic Party candidate to win the 2005 New Jersey Governor's race,18,90.1,Sep/29/2005 12:53:37
212000,NJ.GOVERNOR05.DEM,Democratic Party candidate to win the 2005 New Jersey Governor's race,10,91.0,Sep/29/2005 12:53:37
212000,NJ.GOVERNOR05.DEM,Democratic Party candidate to win the 2005 New Jersey Governor's race,3,90.2,Sep/29/2005 12:53:37
212000,NJ.GOVERNOR05.DEM,Democratic Party candidate to win the 2005 New Jersey Governor's race,9,90.2,Sep/29/2005 12:53:37
212000,NJ.GOVERNOR05.DEM,Democratic Party candidate to win the 2005 New Jersey Governor's race,2,90.0,Sep/29/2005 17:18:14
212000,NJ.GOVERNOR05.DEM,Democratic Party candidate to win the 2005 New Jersey Governor's race,5,88.8,Sep/30/2005 21:33:32
212000,NJ.GOVERNOR05.DEM,Democratic Party candidate to win the 2005 New Jersey Governor's race,8,88.7,Sep/30/2005 21:33:32
212000,NJ.GOVERNOR05.DEM,Democratic Party candidate to win the 2005 New Jersey Governor's race,1,88.8,Oct/01/2005 21:56:28
212000,NJ.GOVERNOR05.DEM,Democratic Party candidate to win the 2005 New Jersey Governor's race,1,88.8,Oct/02/2005 00:37:06
212000,NJ.GOVERNOR05.DEM,Democratic Party candidate to win the 2005 New Jersey Governor's race,1,88.8,Oct/02/2005 00:37:06
212000,NJ.GOVERNOR05.DEM,Democratic Party candidate to win the 2005 New Jersey Governor's race,18,88.5,Oct/02/2005 00:37:06
212000,NJ.GOVERNOR05.DEM,Democratic Party candidate to win the 2005 New Jersey Governor's race,14,88.1,Oct/02/2005 00:37:06
212000,NJ.GOVERNOR05.DEM,Democratic Party candidate to win the 2005 New Jersey Governor's race,1,88.2,Oct/02/2005 00:37:06
212000,NJ.GOVERNOR05.DEM,Democratic Party candidate to win the 2005 New Jersey Governor's race,1,88.6,Oct/02/2005 00:37:06
212000,NJ.GOVERNOR05.DEM,Democratic Party candidate to win the 2005 New Jersey Governor's race,20,88.0,Oct/02/2005 00:37:26
212000,NJ.GOVERNOR05.DEM,Democratic Party candidate to win the 2005 New Jersey Governor's race,30,87.0,Oct/02/2005 00:38:51
212000,NJ.GOVERNOR05.DEM,Democratic Party candidate to win the 2005 New Jersey Governor's race,100,85.0,Oct/02/2005 00:40:52
212000,NJ.GOVERNOR05.DEM,Democratic Party candidate to win the 2005 New Jersey Governor's race,2,84.9,Oct/02/2005 04:32:18
212000,NJ.GOVERNOR05.DEM,Democratic Party candidate to win the 2005 New Jersey Governor's race,1,84.9,Oct/02/2005 13:54:55
212000,NJ.GOVERNOR05.DEM,Democratic Party candidate to win the 2005 New Jersey Governor's race,1,85.0,Oct/02/2005 15:25:49
212000,NJ.GOVERNOR05.DEM,Democratic Party candidate to win the 2005 New Jersey Governor's race,10,84.5,Oct/03/2005 00:53:24
212000,NJ.GOVERNOR05.DEM,Democratic Party candidate to win the 2005 New Jersey Governor's race,20,84.2,Oct/03/2005 00:53:24
212000,NJ.GOVERNOR05.DEM,Democratic Party candidate to win the 2005 New Jersey Governor's race,10,85.0,Oct/04/2005 00:37:15
212000,NJ.GOVERNOR05.DEM,Democratic Party candidate to win the 2005 New Jersey Governor's race,49,85.0,Oct/04/2005 02:52:58
212000,NJ.GOVERNOR05.DEM,Democratic Party candidate to win the 2005 New Jersey Governor's race,22,85.0,Oct/04/2005 07:08:28
212000,NJ.GOVERNOR05.DEM,Democratic Party candidate to win the 2005 New Jersey Governor's race,1,85.0,Oct/05/2005 00:15:02
212000,NJ.GOVERNOR05.DEM,Democratic Party candidate to win the 2005 New Jersey Governor's race,1,84.1,Oct/06/2005 00:44:33
212000,NJ.GOVERNOR05.DEM,Democratic Party candidate to win the 2005 New Jersey Governor's race,14,84.5,Oct/06/2005 00:44:33
212000,NJ.GOVERNOR05.DEM,Democratic Party candidate to win the 2005 New Jersey Governor's race,10,84.0,Oct/06/2005 00:44:33
212000,NJ.GOVERNOR05.DEM,Democratic Party candidate to win the 2005 New Jersey Governor's race,1,83.9,Oct/06/2005 01:49:29
212000,NJ.GOVERNOR05.DEM,Democratic Party candidate to win the 2005 New Jersey Governor's race,3,84.0,Oct/06/2005 13:08:35
212000,NJ.GOVERNOR05.DEM,Democratic Party candidate to win the 2005 New Jersey Governor's race,5,84.0,Oct/07/2005 00:21:02
212000,NJ.GOVERNOR05.DEM,Democratic Party candidate to win the 2005 New Jersey Governor's race,17,84.0,Oct/07/2005 04:29:02
212000,NJ.GOVERNOR05.DEM,Democratic Party candidate to win the 2005 New Jersey Governor's race,8,86.0,Oct/08/2005 19:21:26
212000,NJ.GOVERNOR05.DEM,Democratic Party candidate to win the 2005 New Jersey Governor's race,82,86.0,Oct/08/2005 20:34:15
212000,NJ.GOVERNOR05.DEM,Democratic Party candidate to win the 2005 New Jersey Governor's race,1,86.0,Oct/09/2005 03:05:37
212000,NJ.GOVERNOR05.DEM,Democratic Party candidate to win the 2005 New Jersey Governor's race,9,86.0,Oct/09/2005 04:30:02
212000,NJ.GOVERNOR05.DEM,Democratic Party candidate to win the 2005 New Jersey Governor's race,100,90.0,Oct/09/2005 14:07:34
212000,NJ.GOVERNOR05.DEM,Democratic Party candidate to win the 2005 New Jersey Governor's race,1,93.0,Oct/09/2005 17:18:11
212000,NJ.GOVERNOR05.DEM,Democratic Party candidate to win the 2005 New Jersey Governor's race,100,88.0,Oct/09/2005 21:37:00
212000,NJ.GOVERNOR05.DEM,Democratic Party candidate to win the 2005 New Jersey Governor's race,1,88.1,Oct/09/2005 21:37:00
212000,NJ.GOVERNOR05.DEM,Democratic Party candidate to win the 2005 New Jersey Governor's race,1,88.1,Oct/09/2005 21:37:00
212000,NJ.GOVERNOR05.DEM,Democratic Party candidate to win the 2005 New Jersey Governor's race,1,88.9,Oct/09/2005 22:59:09
212000,NJ.GOVERNOR05.DEM,Democratic Party candidate to win the 2005 New Jersey Governor's race,1,88.9,Oct/09/2005 22:59:09
212000,NJ.GOVERNOR05.DEM,Democratic Party candidate to win the 2005 New Jersey Governor's race,1,86.2,Oct/10/2005 02:08:54
212000,NJ.GOVERNOR05.DEM,Democratic Party candidate to win the 2005 New Jersey Governor's race,1,86.2,Oct/10/2005 02:08:54
212000,NJ.GOVERNOR05.DEM,Democratic Party candidate to win the 2005 New Jersey Governor's race,3,86.0,Oct/10/2005 02:08:54
212000,NJ.GOVERNOR05.DEM,Democratic Party candidate to win the 2005 New Jersey Governor's race,1,86.1,Oct/10/2005 02:08:54
212000,NJ.GOVERNOR05.DEM,Democratic Party candidate to win the 2005 New Jersey Governor's race,1,87.9,Oct/10/2005 03:43:40
212000,NJ.GOVERNOR05.DEM,Democratic Party candidate to win the 2005 New Jersey Governor's race,2,87.9,Oct/10/2005 03:45:17
212000,NJ.GOVERNOR05.DEM,Democratic Party candidate to win the 2005 New Jersey Governor's race,1,89.0,Oct/10/2005 23:53:55
212000,NJ.GOVERNOR05.DEM,Democratic Party candidate to win the 2005 New Jersey Governor's race,1,87.6,Oct/10/2005 23:53:55
212000,NJ.GOVERNOR05.DEM,Democratic Party candidate to win the 2005 New Jersey Governor's race,16,87.5,Oct/10/2005 23:53:55
212000,NJ.GOVERNOR05.DEM,Democratic Party candidate to win the 2005 New Jersey Governor's race,1,89.0,Oct/10/2005 23:53:55
212000,NJ.GOVERNOR05.DEM,Democratic Party candidate to win the 2005 New Jersey Governor's race,2,87.7,Oct/10/2005 23:53:55
212000,NJ.GOVERNOR05.DEM,Democratic Party candidate to win the 2005 New Jersey Governor's race,4,85.0,Oct/10/2005 23:58:36
212000,NJ.GOVERNOR05.DEM,Democratic Party candidate to win the 2005 New Jersey Governor's race,1,87.5,Oct/10/2005 23:58:36
212000,NJ.GOVERNOR05.DEM,Democratic Party candidate to win the 2005 New Jersey Governor's race,100,85.0,Oct/10/2005 23:58:36
212000,NJ.GOVERNOR05.DEM,Democratic Party candidate to win the 2005 New Jersey Governor's race,1,85.2,Oct/10/2005 23:58:36
212000,NJ.GOVERNOR05.DEM,Democratic Party candidate to win the 2005 New Jersey Governor's race,6,85.1,Oct/10/2005 23:58:36
212000,NJ.GOVERNOR05.DEM,Democratic Party candidate to win the 2005 New Jersey Governor's race,2,87.5,Oct/10/2005 23:58:36
212000,NJ.GOVERNOR05.DEM,Democratic Party candidate to win the 2005 New Jersey Governor's race,1,84.2,Oct/11/2005 01:31:00
212000,NJ.GOVERNOR05.DEM,Democratic Party candidate to win the 2005 New Jersey Governor's race,12,84.0,Oct/11/2005 01:31:00
212000,NJ.GOVERNOR05.DEM,Democratic Party candidate to win the 2005 New Jersey Governor's race,1,84.2,Oct/11/2005 01:31:00
212000,NJ.GOVERNOR05.DEM,Democratic Party candidate to win the 2005 New Jersey Governor's race,1,84.1,Oct/11/2005 01:31:00
212000,NJ.GOVERNOR05.DEM,Democratic Party candidate to win the 2005 New Jersey Governor's race,1,84.9,Oct/11/2005 15:50:48
212000,NJ.GOVERNOR05.DEM,Democratic Party candidate to win the 2005 New Jersey Governor's race,98,85.0,Oct/11/2005 15:50:48
212000,NJ.GOVERNOR05.DEM,Democratic Party candidate to win the 2005 New Jersey Governor's race,1,85.0,Oct/11/2005 15:50:48
212000,NJ.GOVERNOR05.DEM,Democratic Party candidate to win the 2005 New Jersey Governor's race,2,83.9,Oct/11/2005 17:10:55
212000,NJ.GOVERNOR05.DEM,Democratic Party candidate to win the 2005 New Jersey Governor's race,10,84.0,Oct/11/2005 17:47:01
212000,NJ.GOVERNOR05.DEM,Democratic Party candidate to win the 2005 New Jersey Governor's race,1,83.2,Oct/11/2005 20:25:54
212000,NJ.GOVERNOR05.DEM,Democratic Party candidate to win the 2005 New Jersey Governor's race,1,83.2,Oct/11/2005 20:25:54
212000,NJ.GOVERNOR05.DEM,Democratic Party candidate to win the 2005 New Jersey Governor's race,1,83.1,Oct/11/2005 20:26:26
212000,NJ.GOVERNOR05.DEM,Democratic Party candidate to win the 2005 New Jersey Governor's race,20,84.0,Oct/11/2005 22:43:16
212000,NJ.GOVERNOR05.DEM,Democratic Party candidate to win the 2005 New Jersey Governor's race,1,83.7,Oct/12/2005 05:42:48
212000,NJ.GOVERNOR05.DEM,Democratic Party candidate to win the 2005 New Jersey Governor's race,1,83.7,Oct/12/2005 05:42:48
212000,NJ.GOVERNOR05.DEM,Democratic Party candidate to win the 2005 New Jersey Governor's race,1,82.6,Oct/12/2005 05:43:14
212000,NJ.GOVERNOR05.DEM,Democratic Party candidate to win the 2005 New Jersey Governor's race,1,83.6,Oct/12/2005 05:43:14
212000,NJ.GOVERNOR05.DEM,Democratic Party candidate to win the 2005 New Jersey Governor's race,1,82.1,Oct/12/2005 05:43:14
212000,NJ.GOVERNOR05.DEM,Democratic Party candidate to win the 2005 New Jersey Governor's race,1,82.2,Oct/12/2005 05:43:14
212000,NJ.GOVERNOR05.DEM,Democratic Party candidate to win the 2005 New Jersey Governor's race,1,83.5,Oct/12/2005 05:43:14
212000,NJ.GOVERNOR05.DEM,Democratic Party candidate to win the 2005 New Jersey Governor's race,6,82.1,Oct/12/2005 05:44:40
212000,NJ.GOVERNOR05.DEM,Democratic Party candidate to win the 2005 New Jersey Governor's race,10,82.0,Oct/12/2005 05:53:45
212000,NJ.GOVERNOR05.DEM,Democratic Party candidate to win the 2005 New Jersey Governor's race,90,80.0,Oct/12/2005 11:55:39
212000,NJ.GOVERNOR05.DEM,Democratic Party candidate to win the 2005 New Jersey Governor's race,100,80.0,Oct/12/2005 11:55:39
212000,NJ.GOVERNOR05.DEM,Democratic Party candidate to win the 2005 New Jersey Governor's race,2,82.0,Oct/12/2005 11:55:39
212000,NJ.GOVERNOR05.DEM,Democratic Party candidate to win the 2005 New Jersey Governor's race,2,80.8,Oct/12/2005 16:18:43
212000,NJ.GOVERNOR05.DEM,Democratic Party candidate to win the 2005 New Jersey Governor's race,1,80.8,Oct/12/2005 16:18:43
212000,NJ.GOVERNOR05.DEM,Democratic Party candidate to win the 2005 New Jersey Governor's race,75,79.9,Oct/12/2005 23:10:59
212000,NJ.GOVERNOR05.DEM,Democratic Party candidate to win the 2005 New Jersey Governor's race,4,80.9,Oct/13/2005 00:36:33
212000,NJ.GOVERNOR05.DEM,Democratic Party candidate to win the 2005 New Jersey Governor's race,2,80.9,Oct/13/2005 01:43:47
212000,NJ.GOVERNOR05.DEM,Democratic Party candidate to win the 2005 New Jersey Governor's race,9,80.9,Oct/13/2005 01:43:47
212000,NJ.GOVERNOR05.DEM,Democratic Party candidate to win the 2005 New Jersey Governor's race,1,79.3,Oct/14/2005 01:13:18
212000,NJ.GOVERNOR05.DEM,Democratic Party candidate to win the 2005 New Jersey Governor's race,1,79.3,Oct/14/2005 01:13:18
212000,NJ.GOVERNOR05.DEM,Democratic Party candidate to win the 2005 New Jersey Governor's race,1,79.2,Oct/14/2005 01:13:18
212000,NJ.GOVERNOR05.DEM,Democratic Party candidate to win the 2005 New Jersey Governor's race,14,79.0,Oct/14/2005 01:13:18
212000,NJ.GOVERNOR05.DEM,Democratic Party candidate to win the 2005 New Jersey Governor's race,1,81.9,Oct/14/2005 03:42:34
212000,NJ.GOVERNOR05.DEM,Democratic Party candidate to win the 2005 New Jersey Governor's race,8,82.0,Oct/14/2005 03:42:34
212000,NJ.GOVERNOR05.DEM,Democratic Party candidate to win the 2005 New Jersey Governor's race,28,82.0,Oct/14/2005 10:30:34
212000,NJ.GOVERNOR05.DEM,Democratic Party candidate to win the 2005 New Jersey Governor's race,25,84.0,Oct/14/2005 17:32:00
212000,NJ.GOVERNOR05.DEM,Democratic Party candidate to win the 2005 New Jersey Governor's race,11,84.0,Oct/14/2005 18:17:02
212000,NJ.GOVERNOR05.DEM,Democratic Party candidate to win the 2005 New Jersey Governor's race,36,86.0,Oct/14/2005 21:12:44
212000,NJ.GOVERNOR05.DEM,Democratic Party candidate to win the 2005 New Jersey Governor's race,5,86.0,Oct/14/2005 22:45:47
212000,NJ.GOVERNOR05.DEM,Democratic Party candidate to win the 2005 New Jersey Governor's race,43,86.0,Oct/14/2005 23:11:07
212000,NJ.GOVERNOR05.DEM,Democratic Party candidate to win the 2005 New Jersey Governor's race,1,87.0,Oct/15/2005 00:13:47
212000,NJ.GOVERNOR05.DEM,Democratic Party candidate to win the 2005 New Jersey Governor's race,1,86.0,Oct/15/2005 03:59:18
212000,NJ.GOVERNOR05.DEM,Democratic Party candidate to win the 2005 New Jersey Governor's race,99,87.0,Oct/15/2005 10:51:54
212000,NJ.GOVERNOR05.DEM,Democratic Party candidate to win the 2005 New Jersey Governor's race,1,87.6,Oct/16/2005 00:30:40
212000,NJ.GOVERNOR05.DEM,Democratic Party candidate to win the 2005 New Jersey Governor's race,10,87.5,Oct/16/2005 00:30:40
212000,NJ.GOVERNOR05.DEM,Democratic Party candidate to win the 2005 New Jersey Governor's race,1,85.2,Oct/16/2005 00:30:40
212000,NJ.GOVERNOR05.DEM,Democratic Party candidate to win the 2005 New Jersey Governor's race,1,86.0,Oct/16/2005 18:05:56
212000,NJ.GOVERNOR05.DEM,Democratic Party candidate to win the 2005 New Jersey Governor's race,1,86.0,Oct/16/2005 18:05:56
212000,NJ.GOVERNOR05.DEM,Democratic Party candidate to win the 2005 New Jersey Governor's race,1,85.3,Oct/16/2005 18:06:27
212000,NJ.GOVERNOR05.DEM,Democratic Party candidate to win the 2005 New Jersey Governor's race,1,85.3,Oct/16/2005 18:06:27
212000,NJ.GOVERNOR05.DEM,Democratic Party candidate to win the 2005 New Jersey Governor's race,1,85.2,Oct/16/2005 18:06:27
212000,NJ.GOVERNOR05.DEM,Democratic Party candidate to win the 2005 New Jersey Governor's race,100,90.0,Oct/16/2005 20:29:15
212000,NJ.GOVERNOR05.DEM,Democratic Party candidate to win the 2005 New Jersey Governor's race,1,89.9,Oct/16/2005 20:29:15
212000,NJ.GOVERNOR05.DEM,Democratic Party candidate to win the 2005 New Jersey Governor's race,1,89.9,Oct/16/2005 20:29:15
212000,NJ.GOVERNOR05.DEM,Democratic Party candidate to win the 2005 New Jersey Governor's race,1,87.1,Oct/17/2005 22:22:28
212000,NJ.GOVERNOR05.DEM,Democratic Party candidate to win the 2005 New Jersey Governor's race,1,87.1,Oct/17/2005 22:22:28
212000,NJ.GOVERNOR05.DEM,Democratic Party candidate to win the 2005 New Jersey Governor's race,14,87.0,Oct/17/2005 22:22:28
212000,NJ.GOVERNOR05.DEM,Democratic Party candidate to win the 2005 New Jersey Governor's race,1,91.9,Oct/19/2005 01:29:14
212000,NJ.GOVERNOR05.DEM,Democratic Party candidate to win the 2005 New Jersey Governor's race,1,91.9,Oct/19/2005 01:29:14
212000,NJ.GOVERNOR05.DEM,Democratic Party candidate to win the 2005 New Jersey Governor's race,1,91.9,Oct/19/2005 16:38:52
212000,NJ.GOVERNOR05.DEM,Democratic Party candidate to win the 2005 New Jersey Governor's race,1,91.0,Oct/20/2005 22:07:04
212000,NJ.GOVERNOR05.DEM,Democratic Party candidate to win the 2005 New Jersey Governor's race,1,91.7,Oct/21/2005 02:48:42
212000,NJ.GOVERNOR05.DEM,Democratic Party candidate to win the 2005 New Jersey Governor's race,8,91.8,Oct/21/2005 03:26:58
212000,NJ.GOVERNOR05.DEM,Democratic Party candidate to win the 2005 New Jersey Governor's race,1,91.7,Oct/21/2005 03:28:33
212000,NJ.GOVERNOR05.DEM,Democratic Party candidate to win the 2005 New Jersey Governor's race,1,91.1,Oct/21/2005 03:28:49
212000,NJ.GOVERNOR05.DEM,Democratic Party candidate to win the 2005 New Jersey Governor's race,100,92.0,Oct/21/2005 11:13:53
212000,NJ.GOVERNOR05.DEM,Democratic Party candidate to win the 2005 New Jersey Governor's race,1,93.4,Oct/21/2005 18:03:54
212000,NJ.GOVERNOR05.DEM,Democratic Party candidate to win the 2005 New Jersey Governor's race,131,93.3,Oct/21/2005 18:03:54
212000,NJ.GOVERNOR05.DEM,Democratic Party candidate to win the 2005 New Jersey Governor's race,22,95.0,Oct/22/2005 23:17:28
212000,NJ.GOVERNOR05.DEM,Democratic Party candidate to win the 2005 New Jersey Governor's race,1,94.9,Oct/22/2005 23:17:28
212000,NJ.GOVERNOR05.DEM,Democratic Party candidate to win the 2005 New Jersey Governor's race,1,93.1,Oct/23/2005 04:49:36
212000,NJ.GOVERNOR05.DEM,Democratic Party candidate to win the 2005 New Jersey Governor's race,8,93.0,Oct/23/2005 04:49:36
212000,NJ.GOVERNOR05.DEM,Democratic Party candidate to win the 2005 New Jersey Governor's race,1,93.1,Oct/23/2005 04:49:36
212000,NJ.GOVERNOR05.DEM,Democratic Party candidate to win the 2005 New Jersey Governor's race,8,93.0,Oct/26/2005 12:54:57
212000,NJ.GOVERNOR05.DEM,Democratic Party candidate to win the 2005 New Jersey Governor's race,7,93.2,Oct/26/2005 12:54:57
212000,NJ.GOVERNOR05.DEM,Democratic Party candidate to win the 2005 New Jersey Governor's race,3,93.2,Oct/26/2005 12:54:57
212000,NJ.GOVERNOR05.DEM,Democratic Party candidate to win the 2005 New Jersey Governor's race,2,93.0,Oct/26/2005 12:54:57
212000,NJ.GOVERNOR05.DEM,Democratic Party candidate to win the 2005 New Jersey Governor's race,10,92.5,Oct/26/2005 12:54:57
212000,NJ.GOVERNOR05.DEM,Democratic Party candidate to win the 2005 New Jersey Governor's race,20,92.0,Oct/26/2005 12:55:46
212000,NJ.GOVERNOR05.DEM,Democratic Party candidate to win the 2005 New Jersey Governor's race,10,95.0,Oct/27/2005 13:52:38
212000,NJ.GOVERNOR05.DEM,Democratic Party candidate to win the 2005 New Jersey Governor's race,68,95.0,Oct/27/2005 16:14:48
212000,NJ.GOVERNOR05.DEM,Democratic Party candidate to win the 2005 New Jersey Governor's race,1,94.1,Oct/27/2005 22:17:08
212000,NJ.GOVERNOR05.DEM,Democratic Party candidate to win the 2005 New Jersey Governor's race,15,96.0,Oct/30/2005 19:30:57
212000,NJ.GOVERNOR05.DEM,Democratic Party candidate to win the 2005 New Jersey Governor's race,1,96.0,Oct/30/2005 23:18:00
212000,NJ.GOVERNOR05.DEM,Democratic Party candidate to win the 2005 New Jersey Governor's race,3,96.0,Oct/31/2005 00:26:20
212000,NJ.GOVERNOR05.DEM,Democratic Party candidate to win the 2005 New Jersey Governor's race,31,96.0,Oct/31/2005 00:45:13
212000,NJ.GOVERNOR05.DEM,Democratic Party candidate to win the 2005 New Jersey Governor's race,1,96.0,Oct/31/2005 00:45:13
212000,NJ.GOVERNOR05.DEM,Democratic Party candidate to win the 2005 New Jersey Governor's race,2,95.0,Oct/31/2005 14:27:39
212000,NJ.GOVERNOR05.DEM,Democratic Party candidate to win the 2005 New Jersey Governor's race,150,95.0,Oct/31/2005 14:27:39
212000,NJ.GOVERNOR05.DEM,Democratic Party candidate to win the 2005 New Jersey Governor's race,5,95.0,Nov/01/2005 02:52:06
212000,NJ.GOVERNOR05.DEM,Democratic Party candidate to win the 2005 New Jersey Governor's race,1,95.1,Nov/01/2005 23:35:46
212000,NJ.GOVERNOR05.DEM,Democratic Party candidate to win the 2005 New Jersey Governor's race,1,95.1,Nov/02/2005 11:11:35
212000,NJ.GOVERNOR05.DEM,Democratic Party candidate to win the 2005 New Jersey Governor's race,1,95.1,Nov/02/2005 11:12:29
212000,NJ.GOVERNOR05.DEM,Democratic Party candidate to win the 2005 New Jersey Governor's race,2,95.1,Nov/02/2005 23:54:21
212000,NJ.GOVERNOR05.DEM,Democratic Party candidate to win the 2005 New Jersey Governor's race,10,97.0,Nov/03/2005 11:30:02
212000,NJ.GOVERNOR05.DEM,Democratic Party candidate to win the 2005 New Jersey Governor's race,10,97.5,Nov/03/2005 11:30:02
212000,NJ.GOVERNOR05.DEM,Democratic Party candidate to win the 2005 New Jersey Governor's race,100,98.0,Nov/03/2005 11:30:02
212000,NJ.GOVERNOR05.DEM,Democratic Party candidate to win the 2005 New Jersey Governor's race,1,96.9,Nov/03/2005 11:30:02
212000,NJ.GOVERNOR05.DEM,Democratic Party candidate to win the 2005 New Jersey Governor's race,1,97.6,Nov/04/2005 09:55:55
212000,NJ.GOVERNOR05.DEM,Democratic Party candidate to win the 2005 New Jersey Governor's race,1,97.7,Nov/04/2005 09:56:15
212000,NJ.GOVERNOR05.DEM,Democratic Party candidate to win the 2005 New Jersey Governor's race,2,93.1,Nov/04/2005 14:32:42
212000,NJ.GOVERNOR05.DEM,Democratic Party candidate to win the 2005 New Jersey Governor's race,1,93.6,Nov/04/2005 23:21:39
212000,NJ.GOVERNOR05.DEM,Democratic Party candidate to win the 2005 New Jersey Governor's race,20,93.5,Nov/04/2005 23:22:01
212000,NJ.GOVERNOR05.DEM,Democratic Party candidate to win the 2005 New Jersey Governor's race,1,93.1,Nov/04/2005 23:22:20
212000,NJ.GOVERNOR05.DEM,Democratic Party candidate to win the 2005 New Jersey Governor's race,99,93.0,Nov/04/2005 23:22:20
212000,NJ.GOVERNOR05.DEM,Democratic Party candidate to win the 2005 New Jersey Governor's race,1,93.0,Nov/04/2005 23:22:59
212000,NJ.GOVERNOR05.DEM,Democratic Party candidate to win the 2005 New Jersey Governor's race,18,92.0,Nov/04/2005 23:23:33
212000,NJ.GOVERNOR05.DEM,Democratic Party candidate to win the 2005 New Jersey Governor's race,1,91.1,Nov/04/2005 23:23:33
212000,NJ.GOVERNOR05.DEM,Democratic Party candidate to win the 2005 New Jersey Governor's race,1,92.1,Nov/04/2005 23:23:33
212000,NJ.GOVERNOR05.DEM,Democratic Party candidate to win the 2005 New Jersey Governor's race,2,97.9,Nov/05/2005 02:13:33
212000,NJ.GOVERNOR05.DEM,Democratic Party candidate to win the 2005 New Jersey Governor's race,1,91.1,Nov/05/2005 05:42:48
212000,NJ.GOVERNOR05.DEM,Democratic Party candidate to win the 2005 New Jersey Governor's race,7,91.0,Nov/05/2005 05:42:48
212000,NJ.GOVERNOR05.DEM,Democratic Party candidate to win the 2005 New Jersey Governor's race,1,97.9,Nov/05/2005 11:36:08
212000,NJ.GOVERNOR05.DEM,Democratic Party candidate to win the 2005 New Jersey Governor's race,6,97.9,Nov/05/2005 12:42:18
212000,NJ.GOVERNOR05.DEM,Democratic Party candidate to win the 2005 New Jersey Governor's race,1,92.0,Nov/05/2005 21:17:51
212000,NJ.GOVERNOR05.DEM,Democratic Party candidate to win the 2005 New Jersey Governor's race,1,92.0,Nov/05/2005 23:28:39
212000,NJ.GOVERNOR05.DEM,Democratic Party candidate to win the 2005 New Jersey Governor's race,1,92.0,Nov/06/2005 02:38:43
212000,NJ.GOVERNOR05.DEM,Democratic Party candidate to win the 2005 New Jersey Governor's race,1,91.0,Nov/06/2005 02:38:43
212000,NJ.GOVERNOR05.DEM,Democratic Party candidate to win the 2005 New Jersey Governor's race,14,91.0,Nov/06/2005 02:38:43
212000,NJ.GOVERNOR05.DEM,Democratic Party candidate to win the 2005 New Jersey Governor's race,1,90.4,Nov/06/2005 02:38:43
212000,NJ.GOVERNOR05.DEM,Democratic Party candidate to win the 2005 New Jersey Governor's race,1,90.0,Nov/06/2005 10:29:51
212000,NJ.GOVERNOR05.DEM,Democratic Party candidate to win the 2005 New Jersey Governor's race,3,88.1,Nov/06/2005 10:30:43
212000,NJ.GOVERNOR05.DEM,Democratic Party candidate to win the 2005 New Jersey Governor's race,20,92.0,Nov/06/2005 11:56:09
212000,NJ.GOVERNOR05.DEM,Democratic Party candidate to win the 2005 New Jersey Governor's race,80,92.0,Nov/06/2005 11:59:37
212000,NJ.GOVERNOR05.DEM,Democratic Party candidate to win the 2005 New Jersey Governor's race,1,92.0,Nov/06/2005 16:43:07
212000,NJ.GOVERNOR05.DEM,Democratic Party candidate to win the 2005 New Jersey Governor's race,1,96.0,Nov/06/2005 18:35:18
212000,NJ.GOVERNOR05.DEM,Democratic Party candidate to win the 2005 New Jersey Governor's race,1,98.0,Nov/06/2005 19:21:18
212000,NJ.GOVERNOR05.DEM,Democratic Party candidate to win the 2005 New Jersey Governor's race,7,94.5,Nov/07/2005 18:42:27
212000,NJ.GOVERNOR05.DEM,Democratic Party candidate to win the 2005 New Jersey Governor's race,5,94.6,Nov/07/2005 21:17:56
212000,NJ.GOVERNOR05.DEM,Democratic Party candidate to win the 2005 New Jersey Governor's race,83,94.5,Nov/07/2005 21:17:56
212000,NJ.GOVERNOR05.DEM,Democratic Party candidate to win the 2005 New Jersey Governor's race,1,94.0,Nov/07/2005 21:48:45
212000,NJ.GOVERNOR05.DEM,Democratic Party candidate to win the 2005 New Jersey Governor's race,10,95.0,Nov/07/2005 21:50:20
212000,NJ.GOVERNOR05.DEM,Democratic Party candidate to win the 2005 New Jersey Governor's race,8,95.0,Nov/07/2005 21:52:31
212000,NJ.GOVERNOR05.DEM,Democratic Party candidate to win the 2005 New Jersey Governor's race,1,93.0,Nov/07/2005 23:13:25
212000,NJ.GOVERNOR05.DEM,Democratic Party candidate to win the 2005 New Jersey Governor's race,1,95.4,Nov/08/2005 01:08:08
212000,NJ.GOVERNOR05.DEM,Democratic Party candidate to win the 2005 New Jersey Governor's race,2,95.5,Nov/08/2005 01:09:15
212000,NJ.GOVERNOR05.DEM,Democratic Party candidate to win the 2005 New Jersey Governor's race,10,93.5,Nov/08/2005 04:20:14
212000,NJ.GOVERNOR05.DEM,Democratic Party candidate to win the 2005 New Jersey Governor's race,100,92.0,Nov/08/2005 05:26:38
212000,NJ.GOVERNOR05.DEM,Democratic Party candidate to win the 2005 New Jersey Governor's race,5,95.0,Nov/08/2005 12:41:38
212000,NJ.GOVERNOR05.DEM,Democratic Party candidate to win the 2005 New Jersey Governor's race,25,95.0,Nov/08/2005 14:39:09
212000,NJ.GOVERNOR05.DEM,Democratic Party candidate to win the 2005 New Jersey Governor's race,100,95.0,Nov/08/2005 14:39:09
212000,NJ.GOVERNOR05.DEM,Democratic Party candidate to win the 2005 New Jersey Governor's race,5,90.0,Nov/08/2005 14:39:09
212000,NJ.GOVERNOR05.DEM,Democratic Party candidate to win the 2005 New Jersey Governor's race,2,95.0,Nov/08/2005 15:10:57
212000,NJ.GOVERNOR05.DEM,Democratic Party candidate to win the 2005 New Jersey Governor's race,17,95.0,Nov/08/2005 17:08:51
212000,NJ.GOVERNOR05.DEM,Democratic Party candidate to win the 2005 New Jersey Governor's race,1,95.0,Nov/08/2005 17:37:07
212000,NJ.GOVERNOR05.DEM,Democratic Party candidate to win the 2005 New Jersey Governor's race,1,90.0,Nov/08/2005 21:38:25
212000,NJ.GOVERNOR05.DEM,Democratic Party candidate to win the 2005 New Jersey Governor's race,1,95.0,Nov/08/2005 21:39:48
212000,NJ.GOVERNOR05.DEM,Democratic Party candidate to win the 2005 New Jersey Governor's race,20,95.0,Nov/08/2005 21:41:13
212000,NJ.GOVERNOR05.DEM,Democratic Party candidate to win the 2005 New Jersey Governor's race,10,95.0,Nov/08/2005 22:33:24
212000,NJ.GOVERNOR05.DEM,Democratic Party candidate to win the 2005 New Jersey Governor's race,7,95.0,Nov/08/2005 23:12:57
212000,NJ.GOVERNOR05.DEM,Democratic Party candidate to win the 2005 New Jersey Governor's race,10,90.0,Nov/08/2005 23:22:52
212000,NJ.GOVERNOR05.DEM,Democratic Party candidate to win the 2005 New Jersey Governor's race,2,95.0,Nov/08/2005 23:42:32
212000,NJ.GOVERNOR05.DEM,Democratic Party candidate to win the 2005 New Jersey Governor's race,3,93.7,Nov/08/2005 23:49:55
212000,NJ.GOVERNOR05.DEM,Democratic Party candidate to win the 2005 New Jersey Governor's race,2,94.4,Nov/08/2005 23:53:30
212000,NJ.GOVERNOR05.DEM,Democratic Party candidate to win the 2005 New Jersey Governor's race,10,94.0,Nov/09/2005 00:48:57
212000,NJ.GOVERNOR05.DEM,Democratic Party candidate to win the 2005 New Jersey Governor's race,1,95.0,Nov/09/2005 00:53:28
212000,NJ.GOVERNOR05.DEM,Democratic Party candidate to win the 2005 New Jersey Governor's race,1,95.0,Nov/09/2005 00:54:58
212000,NJ.GOVERNOR05.DEM,Democratic Party candidate to win the 2005 New Jersey Governor's race,1,95.0,Nov/09/2005 00:58:53
212000,NJ.GOVERNOR05.DEM,Democratic Party candidate to win the 2005 New Jersey Governor's race,1,95.0,Nov/09/2005 01:01:05
212000,NJ.GOVERNOR05.DEM,Democratic Party candidate to win the 2005 New Jersey Governor's race,1,95.0,Nov/09/2005 01:01:24
212000,NJ.GOVERNOR05.DEM,Democratic Party candidate to win the 2005 New Jersey Governor's race,1,95.0,Nov/09/2005 01:01:45
212000,NJ.GOVERNOR05.DEM,Democratic Party candidate to win the 2005 New Jersey Governor's race,7,95.0,Nov/09/2005 01:02:37
212000,NJ.GOVERNOR05.DEM,Democratic Party candidate to win the 2005 New Jersey Governor's race,1,95.0,Nov/09/2005 01:05:03
212000,NJ.GOVERNOR05.DEM,Democratic Party candidate to win the 2005 New Jersey Governor's race,1,96.0,Nov/09/2005 01:07:07
212000,NJ.GOVERNOR05.DEM,Democratic Party candidate to win the 2005 New Jersey Governor's race,1,96.0,Nov/09/2005 01:09:59
212000,NJ.GOVERNOR05.DEM,Democratic Party candidate to win the 2005 New Jersey Governor's race,1,96.0,Nov/09/2005 01:11:14
212000,NJ.GOVERNOR05.DEM,Democratic Party candidate to win the 2005 New Jersey Governor's race,10,97.5,Nov/09/2005 01:11:14
212000,NJ.GOVERNOR05.DEM,Democratic Party candidate to win the 2005 New Jersey Governor's race,20,98.0,Nov/09/2005 01:11:14
212000,NJ.GOVERNOR05.DEM,Democratic Party candidate to win the 2005 New Jersey Governor's race,1,98.0,Nov/09/2005 01:11:38
212000,NJ.GOVERNOR05.DEM,Democratic Party candidate to win the 2005 New Jersey Governor's race,1,98.0,Nov/09/2005 01:12:06
212000,NJ.GOVERNOR05.DEM,Democratic Party candidate to win the 2005 New Jersey Governor's race,1,98.2,Nov/09/2005 01:14:23
212000,NJ.GOVERNOR05.DEM,Democratic Party candidate to win the 2005 New Jersey Governor's race,10,95.0,Nov/09/2005 01:19:49
212000,NJ.GOVERNOR05.DEM,Democratic Party candidate to win the 2005 New Jersey Governor's race,10,95.0,Nov/09/2005 01:21:31
212000,NJ.GOVERNOR05.DEM,Democratic Party candidate to win the 2005 New Jersey Governor's race,5,96.0,Nov/09/2005 01:29:27
212000,NJ.GOVERNOR05.DEM,Democratic Party candidate to win the 2005 New Jersey Governor's race,5,96.0,Nov/09/2005 01:34:03
212000,NJ.GOVERNOR05.DEM,Democratic Party candidate to win the 2005 New Jersey Governor's race,20,98.0,Nov/09/2005 02:08:03
212000,NJ.GOVERNOR05.DEM,Democratic Party candidate to win the 2005 New Jersey Governor's race,40,98.5,Nov/09/2005 02:14:03
