market id,market symbol,market name,trade quantity,trade price,date/time [utc]
353434,IDOL5.HOME.ACE,Ace Young To be Sent Home This Week,15,52.0,Apr/14/2006 04:58:30
353434,IDOL5.HOME.ACE,Ace Young To be Sent Home This Week,2,52.9,Apr/15/2006 02:26:59
353434,IDOL5.HOME.ACE,Ace Young To be Sent Home This Week,10,53.5,Apr/15/2006 17:23:50
353434,IDOL5.HOME.ACE,Ace Young To be Sent Home This Week,10,53.0,Apr/15/2006 17:23:50
353434,IDOL5.HOME.ACE,Ace Young To be Sent Home This Week,15,51.0,Apr/15/2006 23:44:38
353434,IDOL5.HOME.ACE,Ace Young To be Sent Home This Week,1,52.0,Apr/15/2006 23:44:38
353434,IDOL5.HOME.ACE,Ace Young To be Sent Home This Week,3,53.0,Apr/16/2006 06:33:52
353434,IDOL5.HOME.ACE,Ace Young To be Sent Home This Week,5,53.9,Apr/16/2006 13:23:04
353434,IDOL5.HOME.ACE,Ace Young To be Sent Home This Week,5,53.9,Apr/16/2006 18:04:27
353434,IDOL5.HOME.ACE,Ace Young To be Sent Home This Week,20,54.0,Apr/16/2006 20:54:37
353434,IDOL5.HOME.ACE,Ace Young To be Sent Home This Week,10,53.3,Apr/17/2006 04:37:48
353434,IDOL5.HOME.ACE,Ace Young To be Sent Home This Week,5,53.0,Apr/17/2006 04:38:04
353434,IDOL5.HOME.ACE,Ace Young To be Sent Home This Week,2,55.0,Apr/17/2006 16:13:17
353434,IDOL5.HOME.ACE,Ace Young To be Sent Home This Week,2,55.0,Apr/17/2006 16:13:17
353434,IDOL5.HOME.ACE,Ace Young To be Sent Home This Week,1,54.5,Apr/17/2006 16:13:17
353434,IDOL5.HOME.ACE,Ace Young To be Sent Home This Week,1,55.0,Apr/17/2006 16:14:17
353434,IDOL5.HOME.ACE,Ace Young To be Sent Home This Week,2,53.2,Apr/17/2006 16:27:20
353434,IDOL5.HOME.ACE,Ace Young To be Sent Home This Week,2,53.0,Apr/17/2006 16:27:42
353434,IDOL5.HOME.ACE,Ace Young To be Sent Home This Week,20,50.0,Apr/17/2006 16:28:05
353434,IDOL5.HOME.ACE,Ace Young To be Sent Home This Week,1,49.0,Apr/17/2006 20:16:38
353434,IDOL5.HOME.ACE,Ace Young To be Sent Home This Week,1,49.0,Apr/17/2006 20:17:02
353434,IDOL5.HOME.ACE,Ace Young To be Sent Home This Week,5,52.0,Apr/18/2006 04:02:59
353434,IDOL5.HOME.ACE,Ace Young To be Sent Home This Week,2,53.8,Apr/18/2006 04:02:59
353434,IDOL5.HOME.ACE,Ace Young To be Sent Home This Week,5,51.0,Apr/18/2006 05:40:30
353434,IDOL5.HOME.ACE,Ace Young To be Sent Home This Week,2,50.0,Apr/18/2006 12:47:57
353434,IDOL5.HOME.ACE,Ace Young To be Sent Home This Week,3,49.7,Apr/18/2006 12:47:57
353434,IDOL5.HOME.ACE,Ace Young To be Sent Home This Week,3,53.7,Apr/18/2006 16:10:35
353434,IDOL5.HOME.ACE,Ace Young To be Sent Home This Week,49,49.7,Apr/18/2006 23:45:52
353434,IDOL5.HOME.ACE,Ace Young To be Sent Home This Week,1,50.0,Apr/18/2006 23:45:52
353434,IDOL5.HOME.ACE,Ace Young To be Sent Home This Week,10,51.0,Apr/18/2006 23:45:52
353434,IDOL5.HOME.ACE,Ace Young To be Sent Home This Week,7,53.7,Apr/19/2006 00:20:27
353434,IDOL5.HOME.ACE,Ace Young To be Sent Home This Week,2,53.8,Apr/19/2006 00:20:27
353434,IDOL5.HOME.ACE,Ace Young To be Sent Home This Week,5,53.8,Apr/19/2006 00:28:58
353434,IDOL5.HOME.ACE,Ace Young To be Sent Home This Week,13,53.8,Apr/19/2006 00:29:52
353434,IDOL5.HOME.ACE,Ace Young To be Sent Home This Week,5,57.0,Apr/19/2006 00:35:49
353434,IDOL5.HOME.ACE,Ace Young To be Sent Home This Week,5,57.0,Apr/19/2006 00:36:14
353434,IDOL5.HOME.ACE,Ace Young To be Sent Home This Week,3,60.0,Apr/19/2006 00:37:52
353434,IDOL5.HOME.ACE,Ace Young To be Sent Home This Week,4,55.0,Apr/19/2006 00:43:22
353434,IDOL5.HOME.ACE,Ace Young To be Sent Home This Week,4,55.0,Apr/19/2006 00:47:57
353434,IDOL5.HOME.ACE,Ace Young To be Sent Home This Week,1,55.0,Apr/19/2006 00:47:57
353434,IDOL5.HOME.ACE,Ace Young To be Sent Home This Week,5,56.5,Apr/19/2006 00:48:05
353434,IDOL5.HOME.ACE,Ace Young To be Sent Home This Week,35,56.5,Apr/19/2006 00:48:20
353434,IDOL5.HOME.ACE,Ace Young To be Sent Home This Week,1,55.0,Apr/19/2006 00:48:28
353434,IDOL5.HOME.ACE,Ace Young To be Sent Home This Week,14,55.0,Apr/19/2006 00:48:59
353434,IDOL5.HOME.ACE,Ace Young To be Sent Home This Week,20,48.0,Apr/19/2006 00:49:23
353434,IDOL5.HOME.ACE,Ace Young To be Sent Home This Week,3,46.5,Apr/19/2006 00:49:51
353434,IDOL5.HOME.ACE,Ace Young To be Sent Home This Week,10,58.0,Apr/19/2006 00:49:52
353434,IDOL5.HOME.ACE,Ace Young To be Sent Home This Week,10,57.0,Apr/19/2006 00:49:52
353434,IDOL5.HOME.ACE,Ace Young To be Sent Home This Week,10,48.0,Apr/19/2006 00:50:37
353434,IDOL5.HOME.ACE,Ace Young To be Sent Home This Week,10,40.0,Apr/19/2006 00:50:37
353434,IDOL5.HOME.ACE,Ace Young To be Sent Home This Week,2,42.0,Apr/19/2006 00:50:37
353434,IDOL5.HOME.ACE,Ace Young To be Sent Home This Week,2,43.0,Apr/19/2006 00:50:37
353434,IDOL5.HOME.ACE,Ace Young To be Sent Home This Week,2,44.0,Apr/19/2006 00:50:37
353434,IDOL5.HOME.ACE,Ace Young To be Sent Home This Week,2,45.0,Apr/19/2006 00:50:37
353434,IDOL5.HOME.ACE,Ace Young To be Sent Home This Week,2,46.0,Apr/19/2006 00:50:37
353434,IDOL5.HOME.ACE,Ace Young To be Sent Home This Week,5,31.0,Apr/19/2006 00:51:05
353434,IDOL5.HOME.ACE,Ace Young To be Sent Home This Week,70,40.0,Apr/19/2006 00:53:51
353434,IDOL5.HOME.ACE,Ace Young To be Sent Home This Week,7,37.0,Apr/19/2006 00:58:59
353434,IDOL5.HOME.ACE,Ace Young To be Sent Home This Week,7,44.0,Apr/19/2006 00:59:44
353434,IDOL5.HOME.ACE,Ace Young To be Sent Home This Week,10,44.0,Apr/19/2006 01:01:58
353434,IDOL5.HOME.ACE,Ace Young To be Sent Home This Week,23,44.0,Apr/19/2006 01:02:21
353434,IDOL5.HOME.ACE,Ace Young To be Sent Home This Week,10,48.0,Apr/19/2006 01:04:23
353434,IDOL5.HOME.ACE,Ace Young To be Sent Home This Week,5,48.0,Apr/19/2006 01:06:23
353434,IDOL5.HOME.ACE,Ace Young To be Sent Home This Week,5,48.0,Apr/19/2006 01:06:23
353434,IDOL5.HOME.ACE,Ace Young To be Sent Home This Week,21,48.0,Apr/19/2006 01:07:11
353434,IDOL5.HOME.ACE,Ace Young To be Sent Home This Week,3,48.0,Apr/19/2006 01:08:42
353434,IDOL5.HOME.ACE,Ace Young To be Sent Home This Week,16,48.0,Apr/19/2006 01:08:58
353434,IDOL5.HOME.ACE,Ace Young To be Sent Home This Week,21,48.0,Apr/19/2006 01:09:54
353434,IDOL5.HOME.ACE,Ace Young To be Sent Home This Week,48,46.0,Apr/19/2006 01:10:57
353434,IDOL5.HOME.ACE,Ace Young To be Sent Home This Week,21,48.0,Apr/19/2006 01:12:39
353434,IDOL5.HOME.ACE,Ace Young To be Sent Home This Week,19,46.0,Apr/19/2006 01:13:14
353434,IDOL5.HOME.ACE,Ace Young To be Sent Home This Week,42,48.0,Apr/19/2006 01:13:45
353434,IDOL5.HOME.ACE,Ace Young To be Sent Home This Week,6,48.0,Apr/19/2006 01:14:31
353434,IDOL5.HOME.ACE,Ace Young To be Sent Home This Week,10,47.0,Apr/19/2006 01:14:32
353434,IDOL5.HOME.ACE,Ace Young To be Sent Home This Week,2,47.0,Apr/19/2006 01:15:31
353434,IDOL5.HOME.ACE,Ace Young To be Sent Home This Week,13,48.0,Apr/19/2006 01:16:13
353434,IDOL5.HOME.ACE,Ace Young To be Sent Home This Week,8,47.0,Apr/19/2006 01:16:13
353434,IDOL5.HOME.ACE,Ace Young To be Sent Home This Week,10,47.0,Apr/19/2006 01:18:17
353434,IDOL5.HOME.ACE,Ace Young To be Sent Home This Week,10,46.0,Apr/19/2006 01:18:17
353434,IDOL5.HOME.ACE,Ace Young To be Sent Home This Week,1,47.9,Apr/19/2006 01:18:19
353434,IDOL5.HOME.ACE,Ace Young To be Sent Home This Week,21,48.0,Apr/19/2006 01:21:21
353434,IDOL5.HOME.ACE,Ace Young To be Sent Home This Week,100,48.0,Apr/19/2006 01:23:10
353434,IDOL5.HOME.ACE,Ace Young To be Sent Home This Week,20,50.0,Apr/19/2006 01:23:56
353434,IDOL5.HOME.ACE,Ace Young To be Sent Home This Week,1,50.0,Apr/19/2006 01:23:56
353434,IDOL5.HOME.ACE,Ace Young To be Sent Home This Week,7,54.0,Apr/19/2006 01:26:59
353434,IDOL5.HOME.ACE,Ace Young To be Sent Home This Week,10,50.0,Apr/19/2006 01:27:12
353434,IDOL5.HOME.ACE,Ace Young To be Sent Home This Week,9,53.5,Apr/19/2006 01:27:48
353434,IDOL5.HOME.ACE,Ace Young To be Sent Home This Week,40,48.5,Apr/19/2006 01:32:33
353434,IDOL5.HOME.ACE,Ace Young To be Sent Home This Week,20,53.4,Apr/19/2006 01:32:41
353434,IDOL5.HOME.ACE,Ace Young To be Sent Home This Week,20,53.9,Apr/19/2006 01:33:08
353434,IDOL5.HOME.ACE,Ace Young To be Sent Home This Week,10,52.0,Apr/19/2006 01:33:19
353434,IDOL5.HOME.ACE,Ace Young To be Sent Home This Week,35,52.0,Apr/19/2006 01:36:21
353434,IDOL5.HOME.ACE,Ace Young To be Sent Home This Week,5,50.0,Apr/19/2006 01:37:21
353434,IDOL5.HOME.ACE,Ace Young To be Sent Home This Week,5,50.0,Apr/19/2006 01:37:21
353434,IDOL5.HOME.ACE,Ace Young To be Sent Home This Week,8,52.0,Apr/19/2006 01:41:01
353434,IDOL5.HOME.ACE,Ace Young To be Sent Home This Week,6,52.0,Apr/19/2006 01:42:06
353434,IDOL5.HOME.ACE,Ace Young To be Sent Home This Week,14,48.0,Apr/19/2006 01:42:37
353434,IDOL5.HOME.ACE,Ace Young To be Sent Home This Week,5,48.1,Apr/19/2006 01:42:37
353434,IDOL5.HOME.ACE,Ace Young To be Sent Home This Week,5,49.2,Apr/19/2006 01:42:37
353434,IDOL5.HOME.ACE,Ace Young To be Sent Home This Week,5,48.7,Apr/19/2006 01:42:37
353434,IDOL5.HOME.ACE,Ace Young To be Sent Home This Week,1,49.3,Apr/19/2006 01:42:37
353434,IDOL5.HOME.ACE,Ace Young To be Sent Home This Week,20,49.3,Apr/19/2006 01:42:37
353434,IDOL5.HOME.ACE,Ace Young To be Sent Home This Week,14,52.0,Apr/19/2006 01:43:10
353434,IDOL5.HOME.ACE,Ace Young To be Sent Home This Week,10,50.0,Apr/19/2006 01:45:11
353434,IDOL5.HOME.ACE,Ace Young To be Sent Home This Week,18,51.9,Apr/19/2006 01:46:10
353434,IDOL5.HOME.ACE,Ace Young To be Sent Home This Week,20,51.9,Apr/19/2006 01:46:31
353434,IDOL5.HOME.ACE,Ace Young To be Sent Home This Week,10,49.8,Apr/19/2006 01:52:16
353434,IDOL5.HOME.ACE,Ace Young To be Sent Home This Week,10,49.5,Apr/19/2006 01:52:16
353434,IDOL5.HOME.ACE,Ace Young To be Sent Home This Week,20,49.0,Apr/19/2006 01:52:16
353434,IDOL5.HOME.ACE,Ace Young To be Sent Home This Week,4,51.6,Apr/19/2006 01:53:13
353434,IDOL5.HOME.ACE,Ace Young To be Sent Home This Week,6,48.0,Apr/19/2006 01:53:57
353434,IDOL5.HOME.ACE,Ace Young To be Sent Home This Week,8,48.0,Apr/19/2006 01:55:17
353434,IDOL5.HOME.ACE,Ace Young To be Sent Home This Week,9,48.0,Apr/19/2006 01:56:52
353434,IDOL5.HOME.ACE,Ace Young To be Sent Home This Week,7,48.0,Apr/19/2006 01:56:54
353434,IDOL5.HOME.ACE,Ace Young To be Sent Home This Week,1,48.0,Apr/19/2006 01:57:26
353434,IDOL5.HOME.ACE,Ace Young To be Sent Home This Week,2,50.0,Apr/19/2006 02:00:12
353434,IDOL5.HOME.ACE,Ace Young To be Sent Home This Week,2,48.0,Apr/19/2006 02:05:10
353434,IDOL5.HOME.ACE,Ace Young To be Sent Home This Week,1,49.0,Apr/19/2006 02:05:48
353434,IDOL5.HOME.ACE,Ace Young To be Sent Home This Week,121,50.0,Apr/19/2006 02:06:24
353434,IDOL5.HOME.ACE,Ace Young To be Sent Home This Week,49,49.0,Apr/19/2006 02:07:05
353434,IDOL5.HOME.ACE,Ace Young To be Sent Home This Week,30,49.0,Apr/19/2006 02:08:15
353434,IDOL5.HOME.ACE,Ace Young To be Sent Home This Week,5,50.0,Apr/19/2006 02:15:21
353434,IDOL5.HOME.ACE,Ace Young To be Sent Home This Week,20,50.0,Apr/19/2006 02:15:42
353434,IDOL5.HOME.ACE,Ace Young To be Sent Home This Week,4,48.3,Apr/19/2006 02:18:13
353434,IDOL5.HOME.ACE,Ace Young To be Sent Home This Week,6,48.2,Apr/19/2006 02:18:13
353434,IDOL5.HOME.ACE,Ace Young To be Sent Home This Week,4,48.2,Apr/19/2006 02:20:54
353434,IDOL5.HOME.ACE,Ace Young To be Sent Home This Week,1,48.1,Apr/19/2006 02:20:54
353434,IDOL5.HOME.ACE,Ace Young To be Sent Home This Week,37,50.0,Apr/19/2006 02:32:02
353434,IDOL5.HOME.ACE,Ace Young To be Sent Home This Week,20,50.0,Apr/19/2006 02:32:18
353434,IDOL5.HOME.ACE,Ace Young To be Sent Home This Week,4,50.0,Apr/19/2006 02:33:47
353434,IDOL5.HOME.ACE,Ace Young To be Sent Home This Week,10,50.0,Apr/19/2006 02:35:57
353434,IDOL5.HOME.ACE,Ace Young To be Sent Home This Week,50,50.0,Apr/19/2006 02:42:01
353434,IDOL5.HOME.ACE,Ace Young To be Sent Home This Week,10,50.0,Apr/19/2006 02:42:13
353434,IDOL5.HOME.ACE,Ace Young To be Sent Home This Week,10,50.0,Apr/19/2006 02:42:23
353434,IDOL5.HOME.ACE,Ace Young To be Sent Home This Week,40,50.0,Apr/19/2006 02:44:00
353434,IDOL5.HOME.ACE,Ace Young To be Sent Home This Week,45,50.0,Apr/19/2006 02:44:00
353434,IDOL5.HOME.ACE,Ace Young To be Sent Home This Week,15,50.0,Apr/19/2006 02:44:00
353434,IDOL5.HOME.ACE,Ace Young To be Sent Home This Week,200,50.0,Apr/19/2006 02:46:07
353434,IDOL5.HOME.ACE,Ace Young To be Sent Home This Week,10,50.0,Apr/19/2006 02:47:05
353434,IDOL5.HOME.ACE,Ace Young To be Sent Home This Week,10,50.0,Apr/19/2006 02:47:28
353434,IDOL5.HOME.ACE,Ace Young To be Sent Home This Week,34,50.0,Apr/19/2006 02:49:40
353434,IDOL5.HOME.ACE,Ace Young To be Sent Home This Week,10,55.0,Apr/19/2006 02:55:48
353434,IDOL5.HOME.ACE,Ace Young To be Sent Home This Week,1,53.0,Apr/19/2006 03:01:18
353434,IDOL5.HOME.ACE,Ace Young To be Sent Home This Week,6,53.0,Apr/19/2006 03:02:02
353434,IDOL5.HOME.ACE,Ace Young To be Sent Home This Week,11,55.0,Apr/19/2006 03:15:28
353434,IDOL5.HOME.ACE,Ace Young To be Sent Home This Week,1,55.0,Apr/19/2006 03:15:28
353434,IDOL5.HOME.ACE,Ace Young To be Sent Home This Week,1,55.0,Apr/19/2006 03:21:17
353434,IDOL5.HOME.ACE,Ace Young To be Sent Home This Week,9,55.0,Apr/19/2006 03:25:34
353434,IDOL5.HOME.ACE,Ace Young To be Sent Home This Week,9,54.0,Apr/19/2006 03:26:01
353434,IDOL5.HOME.ACE,Ace Young To be Sent Home This Week,4,55.0,Apr/19/2006 03:46:08
353434,IDOL5.HOME.ACE,Ace Young To be Sent Home This Week,1,54.0,Apr/19/2006 03:46:18
353434,IDOL5.HOME.ACE,Ace Young To be Sent Home This Week,22,55.0,Apr/19/2006 03:51:18
353434,IDOL5.HOME.ACE,Ace Young To be Sent Home This Week,20,55.0,Apr/19/2006 03:55:33
353434,IDOL5.HOME.ACE,Ace Young To be Sent Home This Week,23,55.0,Apr/19/2006 03:57:32
353434,IDOL5.HOME.ACE,Ace Young To be Sent Home This Week,30,55.0,Apr/19/2006 03:57:50
353434,IDOL5.HOME.ACE,Ace Young To be Sent Home This Week,39,55.0,Apr/19/2006 04:07:23
353434,IDOL5.HOME.ACE,Ace Young To be Sent Home This Week,14,55.0,Apr/19/2006 04:07:47
353434,IDOL5.HOME.ACE,Ace Young To be Sent Home This Week,15,55.0,Apr/19/2006 04:11:21
353434,IDOL5.HOME.ACE,Ace Young To be Sent Home This Week,25,55.0,Apr/19/2006 04:12:42
353434,IDOL5.HOME.ACE,Ace Young To be Sent Home This Week,55,55.0,Apr/19/2006 04:12:57
353434,IDOL5.HOME.ACE,Ace Young To be Sent Home This Week,131,55.0,Apr/19/2006 04:13:35
353434,IDOL5.HOME.ACE,Ace Young To be Sent Home This Week,10,57.8,Apr/19/2006 04:13:44
353434,IDOL5.HOME.ACE,Ace Young To be Sent Home This Week,10,57.9,Apr/19/2006 04:13:54
353434,IDOL5.HOME.ACE,Ace Young To be Sent Home This Week,20,57.9,Apr/19/2006 04:14:16
353434,IDOL5.HOME.ACE,Ace Young To be Sent Home This Week,10,64.9,Apr/19/2006 04:16:10
353434,IDOL5.HOME.ACE,Ace Young To be Sent Home This Week,1,65.0,Apr/19/2006 04:16:37
353434,IDOL5.HOME.ACE,Ace Young To be Sent Home This Week,5,65.0,Apr/19/2006 04:16:37
353434,IDOL5.HOME.ACE,Ace Young To be Sent Home This Week,11,65.0,Apr/19/2006 04:17:19
353434,IDOL5.HOME.ACE,Ace Young To be Sent Home This Week,5,67.0,Apr/19/2006 04:17:22
353434,IDOL5.HOME.ACE,Ace Young To be Sent Home This Week,3,68.0,Apr/19/2006 04:18:10
353434,IDOL5.HOME.ACE,Ace Young To be Sent Home This Week,100,69.9,Apr/19/2006 04:23:35
353434,IDOL5.HOME.ACE,Ace Young To be Sent Home This Week,3,72.0,Apr/19/2006 04:26:12
353434,IDOL5.HOME.ACE,Ace Young To be Sent Home This Week,250,70.0,Apr/19/2006 04:26:25
353434,IDOL5.HOME.ACE,Ace Young To be Sent Home This Week,31,69.0,Apr/19/2006 04:29:51
353434,IDOL5.HOME.ACE,Ace Young To be Sent Home This Week,100,65.0,Apr/19/2006 04:30:18
353434,IDOL5.HOME.ACE,Ace Young To be Sent Home This Week,100,66.0,Apr/19/2006 04:30:18
353434,IDOL5.HOME.ACE,Ace Young To be Sent Home This Week,10,68.0,Apr/19/2006 04:31:37
353434,IDOL5.HOME.ACE,Ace Young To be Sent Home This Week,40,68.0,Apr/19/2006 04:32:06
353434,IDOL5.HOME.ACE,Ace Young To be Sent Home This Week,18,67.0,Apr/19/2006 04:42:59
353434,IDOL5.HOME.ACE,Ace Young To be Sent Home This Week,5,68.0,Apr/19/2006 05:17:04
353434,IDOL5.HOME.ACE,Ace Young To be Sent Home This Week,5,70.6,Apr/19/2006 06:53:47
353434,IDOL5.HOME.ACE,Ace Young To be Sent Home This Week,4,70.6,Apr/19/2006 07:12:05
353434,IDOL5.HOME.ACE,Ace Young To be Sent Home This Week,8,70.6,Apr/19/2006 07:28:31
353434,IDOL5.HOME.ACE,Ace Young To be Sent Home This Week,5,71.0,Apr/19/2006 07:56:44
353434,IDOL5.HOME.ACE,Ace Young To be Sent Home This Week,17,70.6,Apr/19/2006 07:56:44
353434,IDOL5.HOME.ACE,Ace Young To be Sent Home This Week,14,71.5,Apr/19/2006 08:13:01
353434,IDOL5.HOME.ACE,Ace Young To be Sent Home This Week,5,68.6,Apr/19/2006 10:41:42
353434,IDOL5.HOME.ACE,Ace Young To be Sent Home This Week,2,68.6,Apr/19/2006 11:52:59
353434,IDOL5.HOME.ACE,Ace Young To be Sent Home This Week,2,68.7,Apr/19/2006 13:02:44
353434,IDOL5.HOME.ACE,Ace Young To be Sent Home This Week,57,68.6,Apr/19/2006 13:02:44
353434,IDOL5.HOME.ACE,Ace Young To be Sent Home This Week,5,68.1,Apr/19/2006 13:25:35
353434,IDOL5.HOME.ACE,Ace Young To be Sent Home This Week,3,70.0,Apr/19/2006 13:32:46
353434,IDOL5.HOME.ACE,Ace Young To be Sent Home This Week,8,70.0,Apr/19/2006 13:36:19
353434,IDOL5.HOME.ACE,Ace Young To be Sent Home This Week,6,70.0,Apr/19/2006 13:38:49
353434,IDOL5.HOME.ACE,Ace Young To be Sent Home This Week,6,68.0,Apr/19/2006 14:10:32
353434,IDOL5.HOME.ACE,Ace Young To be Sent Home This Week,1,67.6,Apr/19/2006 15:18:00
353434,IDOL5.HOME.ACE,Ace Young To be Sent Home This Week,7,67.6,Apr/19/2006 15:18:56
353434,IDOL5.HOME.ACE,Ace Young To be Sent Home This Week,3,69.8,Apr/19/2006 15:20:18
353434,IDOL5.HOME.ACE,Ace Young To be Sent Home This Week,10,67.3,Apr/19/2006 16:05:08
353434,IDOL5.HOME.ACE,Ace Young To be Sent Home This Week,5,66.4,Apr/19/2006 16:07:42
353434,IDOL5.HOME.ACE,Ace Young To be Sent Home This Week,20,65.6,Apr/19/2006 16:14:44
353434,IDOL5.HOME.ACE,Ace Young To be Sent Home This Week,10,66.0,Apr/19/2006 16:31:53
353434,IDOL5.HOME.ACE,Ace Young To be Sent Home This Week,1,66.0,Apr/19/2006 16:41:31
353434,IDOL5.HOME.ACE,Ace Young To be Sent Home This Week,9,66.0,Apr/19/2006 16:46:59
353434,IDOL5.HOME.ACE,Ace Young To be Sent Home This Week,5,66.0,Apr/19/2006 17:03:07
353434,IDOL5.HOME.ACE,Ace Young To be Sent Home This Week,1,69.5,Apr/19/2006 17:18:27
353434,IDOL5.HOME.ACE,Ace Young To be Sent Home This Week,9,69.5,Apr/19/2006 17:36:10
353434,IDOL5.HOME.ACE,Ace Young To be Sent Home This Week,1,69.5,Apr/19/2006 17:37:18
353434,IDOL5.HOME.ACE,Ace Young To be Sent Home This Week,2,70.0,Apr/19/2006 18:08:26
353434,IDOL5.HOME.ACE,Ace Young To be Sent Home This Week,8,70.0,Apr/19/2006 18:17:31
353434,IDOL5.HOME.ACE,Ace Young To be Sent Home This Week,50,70.0,Apr/19/2006 18:35:22
353434,IDOL5.HOME.ACE,Ace Young To be Sent Home This Week,10,69.0,Apr/19/2006 18:37:49
353434,IDOL5.HOME.ACE,Ace Young To be Sent Home This Week,5,70.0,Apr/19/2006 18:42:19
353434,IDOL5.HOME.ACE,Ace Young To be Sent Home This Week,3,69.5,Apr/19/2006 18:53:18
353434,IDOL5.HOME.ACE,Ace Young To be Sent Home This Week,5,69.8,Apr/19/2006 18:59:28
353434,IDOL5.HOME.ACE,Ace Young To be Sent Home This Week,2,69.8,Apr/19/2006 19:02:35
353434,IDOL5.HOME.ACE,Ace Young To be Sent Home This Week,2,69.5,Apr/19/2006 19:05:45
353434,IDOL5.HOME.ACE,Ace Young To be Sent Home This Week,6,69.5,Apr/19/2006 19:07:14
353434,IDOL5.HOME.ACE,Ace Young To be Sent Home This Week,2,69.5,Apr/19/2006 19:07:14
353434,IDOL5.HOME.ACE,Ace Young To be Sent Home This Week,5,70.0,Apr/19/2006 19:16:39
353434,IDOL5.HOME.ACE,Ace Young To be Sent Home This Week,3,71.0,Apr/19/2006 19:18:14
353434,IDOL5.HOME.ACE,Ace Young To be Sent Home This Week,2,69.5,Apr/19/2006 19:35:31
353434,IDOL5.HOME.ACE,Ace Young To be Sent Home This Week,12,69.0,Apr/19/2006 19:35:31
353434,IDOL5.HOME.ACE,Ace Young To be Sent Home This Week,1,69.0,Apr/19/2006 19:53:20
353434,IDOL5.HOME.ACE,Ace Young To be Sent Home This Week,1,69.0,Apr/19/2006 19:55:06
353434,IDOL5.HOME.ACE,Ace Young To be Sent Home This Week,4,69.0,Apr/19/2006 20:06:37
353434,IDOL5.HOME.ACE,Ace Young To be Sent Home This Week,1,69.0,Apr/19/2006 20:15:03
353434,IDOL5.HOME.ACE,Ace Young To be Sent Home This Week,3,72.0,Apr/19/2006 20:22:58
353434,IDOL5.HOME.ACE,Ace Young To be Sent Home This Week,1,72.0,Apr/19/2006 20:23:33
353434,IDOL5.HOME.ACE,Ace Young To be Sent Home This Week,11,69.0,Apr/19/2006 20:24:53
353434,IDOL5.HOME.ACE,Ace Young To be Sent Home This Week,1,70.0,Apr/19/2006 20:28:14
353434,IDOL5.HOME.ACE,Ace Young To be Sent Home This Week,10,68.0,Apr/19/2006 21:08:20
353434,IDOL5.HOME.ACE,Ace Young To be Sent Home This Week,5,68.0,Apr/19/2006 21:13:31
353434,IDOL5.HOME.ACE,Ace Young To be Sent Home This Week,20,67.0,Apr/19/2006 21:43:25
353434,IDOL5.HOME.ACE,Ace Young To be Sent Home This Week,10,67.5,Apr/19/2006 21:43:25
353434,IDOL5.HOME.ACE,Ace Young To be Sent Home This Week,2,68.0,Apr/19/2006 21:43:25
353434,IDOL5.HOME.ACE,Ace Young To be Sent Home This Week,10,67.1,Apr/19/2006 21:43:25
353434,IDOL5.HOME.ACE,Ace Young To be Sent Home This Week,50,66.0,Apr/19/2006 21:43:25
353434,IDOL5.HOME.ACE,Ace Young To be Sent Home This Week,3,67.5,Apr/19/2006 21:43:25
353434,IDOL5.HOME.ACE,Ace Young To be Sent Home This Week,20,68.0,Apr/19/2006 21:47:08
353434,IDOL5.HOME.ACE,Ace Young To be Sent Home This Week,5,65.0,Apr/19/2006 22:11:54
353434,IDOL5.HOME.ACE,Ace Young To be Sent Home This Week,20,65.0,Apr/19/2006 22:17:05
353434,IDOL5.HOME.ACE,Ace Young To be Sent Home This Week,20,65.0,Apr/19/2006 22:21:20
353434,IDOL5.HOME.ACE,Ace Young To be Sent Home This Week,20,67.0,Apr/19/2006 22:34:47
353434,IDOL5.HOME.ACE,Ace Young To be Sent Home This Week,50,64.0,Apr/19/2006 22:47:48
353434,IDOL5.HOME.ACE,Ace Young To be Sent Home This Week,10,50.0,Apr/19/2006 22:47:48
353434,IDOL5.HOME.ACE,Ace Young To be Sent Home This Week,10,50.1,Apr/19/2006 22:47:48
353434,IDOL5.HOME.ACE,Ace Young To be Sent Home This Week,20,50.5,Apr/19/2006 22:47:48
353434,IDOL5.HOME.ACE,Ace Young To be Sent Home This Week,20,40.0,Apr/19/2006 22:47:48
353434,IDOL5.HOME.ACE,Ace Young To be Sent Home This Week,1,45.5,Apr/19/2006 22:47:48
353434,IDOL5.HOME.ACE,Ace Young To be Sent Home This Week,4,37.0,Apr/19/2006 22:48:09
353434,IDOL5.HOME.ACE,Ace Young To be Sent Home This Week,4,55.0,Apr/19/2006 22:48:21
353434,IDOL5.HOME.ACE,Ace Young To be Sent Home This Week,5,37.0,Apr/19/2006 22:48:27
353434,IDOL5.HOME.ACE,Ace Young To be Sent Home This Week,1,55.0,Apr/19/2006 22:48:28
353434,IDOL5.HOME.ACE,Ace Young To be Sent Home This Week,80,37.0,Apr/19/2006 22:48:35
353434,IDOL5.HOME.ACE,Ace Young To be Sent Home This Week,1,68.0,Apr/19/2006 22:49:07
353434,IDOL5.HOME.ACE,Ace Young To be Sent Home This Week,2,65.9,Apr/19/2006 23:07:50
353434,IDOL5.HOME.ACE,Ace Young To be Sent Home This Week,20,64.5,Apr/19/2006 23:31:13
353434,IDOL5.HOME.ACE,Ace Young To be Sent Home This Week,10,64.3,Apr/19/2006 23:31:13
353434,IDOL5.HOME.ACE,Ace Young To be Sent Home This Week,1,64.9,Apr/19/2006 23:33:15
353434,IDOL5.HOME.ACE,Ace Young To be Sent Home This Week,3,60.0,Apr/19/2006 23:45:19
353434,IDOL5.HOME.ACE,Ace Young To be Sent Home This Week,1,63.7,Apr/19/2006 23:47:19
353434,IDOL5.HOME.ACE,Ace Young To be Sent Home This Week,1,63.6,Apr/19/2006 23:49:08
353434,IDOL5.HOME.ACE,Ace Young To be Sent Home This Week,3,63.1,Apr/19/2006 23:57:18
353434,IDOL5.HOME.ACE,Ace Young To be Sent Home This Week,1,63.1,Apr/19/2006 23:57:33
353434,IDOL5.HOME.ACE,Ace Young To be Sent Home This Week,5,63.1,Apr/20/2006 00:00:52
353434,IDOL5.HOME.ACE,Ace Young To be Sent Home This Week,12,63.0,Apr/20/2006 00:01:12
353434,IDOL5.HOME.ACE,Ace Young To be Sent Home This Week,3,62.0,Apr/20/2006 00:08:21
353434,IDOL5.HOME.ACE,Ace Young To be Sent Home This Week,20,63.0,Apr/20/2006 00:10:03
353434,IDOL5.HOME.ACE,Ace Young To be Sent Home This Week,1,63.0,Apr/20/2006 00:11:09
353434,IDOL5.HOME.ACE,Ace Young To be Sent Home This Week,19,63.0,Apr/20/2006 00:17:51
353434,IDOL5.HOME.ACE,Ace Young To be Sent Home This Week,25,63.5,Apr/20/2006 00:18:49
353434,IDOL5.HOME.ACE,Ace Young To be Sent Home This Week,2,62.0,Apr/20/2006 00:27:29
353434,IDOL5.HOME.ACE,Ace Young To be Sent Home This Week,20,62.7,Apr/20/2006 00:38:36
353434,IDOL5.HOME.ACE,Ace Young To be Sent Home This Week,10,62.0,Apr/20/2006 00:48:32
353434,IDOL5.HOME.ACE,Ace Young To be Sent Home This Week,1,61.5,Apr/20/2006 00:54:19
353434,IDOL5.HOME.ACE,Ace Young To be Sent Home This Week,1,60.0,Apr/20/2006 00:56:10
353434,IDOL5.HOME.ACE,Ace Young To be Sent Home This Week,2,61.9,Apr/20/2006 00:57:32
353434,IDOL5.HOME.ACE,Ace Young To be Sent Home This Week,8,61.9,Apr/20/2006 00:57:58
353434,IDOL5.HOME.ACE,Ace Young To be Sent Home This Week,6,62.0,Apr/20/2006 00:58:56
353434,IDOL5.HOME.ACE,Ace Young To be Sent Home This Week,5,62.0,Apr/20/2006 01:01:36
353434,IDOL5.HOME.ACE,Ace Young To be Sent Home This Week,1,61.5,Apr/20/2006 01:04:22
353434,IDOL5.HOME.ACE,Ace Young To be Sent Home This Week,3,61.5,Apr/20/2006 01:04:37
353434,IDOL5.HOME.ACE,Ace Young To be Sent Home This Week,2,61.9,Apr/20/2006 01:05:34
353434,IDOL5.HOME.ACE,Ace Young To be Sent Home This Week,1,61.6,Apr/20/2006 01:06:17
353434,IDOL5.HOME.ACE,Ace Young To be Sent Home This Week,1,61.8,Apr/20/2006 01:07:44
353434,IDOL5.HOME.ACE,Ace Young To be Sent Home This Week,19,61.8,Apr/20/2006 01:08:43
353434,IDOL5.HOME.ACE,Ace Young To be Sent Home This Week,9,62.0,Apr/20/2006 01:08:43
353434,IDOL5.HOME.ACE,Ace Young To be Sent Home This Week,8,61.9,Apr/20/2006 01:08:43
353434,IDOL5.HOME.ACE,Ace Young To be Sent Home This Week,20,62.0,Apr/20/2006 01:08:47
353434,IDOL5.HOME.ACE,Ace Young To be Sent Home This Week,6,62.0,Apr/20/2006 01:09:30
353434,IDOL5.HOME.ACE,Ace Young To be Sent Home This Week,6,62.0,Apr/20/2006 01:11:02
353434,IDOL5.HOME.ACE,Ace Young To be Sent Home This Week,10,62.0,Apr/20/2006 01:11:07
353434,IDOL5.HOME.ACE,Ace Young To be Sent Home This Week,8,62.0,Apr/20/2006 01:11:07
353434,IDOL5.HOME.ACE,Ace Young To be Sent Home This Week,5,61.6,Apr/20/2006 01:11:33
353434,IDOL5.HOME.ACE,Ace Young To be Sent Home This Week,2,61.6,Apr/20/2006 01:11:52
353434,IDOL5.HOME.ACE,Ace Young To be Sent Home This Week,20,61.8,Apr/20/2006 01:12:41
353434,IDOL5.HOME.ACE,Ace Young To be Sent Home This Week,20,62.0,Apr/20/2006 01:12:56
353434,IDOL5.HOME.ACE,Ace Young To be Sent Home This Week,1,62.0,Apr/20/2006 01:13:11
353434,IDOL5.HOME.ACE,Ace Young To be Sent Home This Week,5,62.0,Apr/20/2006 01:13:32
353434,IDOL5.HOME.ACE,Ace Young To be Sent Home This Week,14,62.0,Apr/20/2006 01:14:29
353434,IDOL5.HOME.ACE,Ace Young To be Sent Home This Week,10,62.3,Apr/20/2006 01:14:58
353434,IDOL5.HOME.ACE,Ace Young To be Sent Home This Week,1,62.5,Apr/20/2006 01:19:07
353434,IDOL5.HOME.ACE,Ace Young To be Sent Home This Week,10,62.6,Apr/20/2006 01:19:07
353434,IDOL5.HOME.ACE,Ace Young To be Sent Home This Week,10,62.9,Apr/20/2006 01:19:07
353434,IDOL5.HOME.ACE,Ace Young To be Sent Home This Week,3,61.8,Apr/20/2006 01:21:56
353434,IDOL5.HOME.ACE,Ace Young To be Sent Home This Week,1,62.0,Apr/20/2006 01:21:56
353434,IDOL5.HOME.ACE,Ace Young To be Sent Home This Week,5,61.8,Apr/20/2006 01:22:08
353434,IDOL5.HOME.ACE,Ace Young To be Sent Home This Week,2,61.8,Apr/20/2006 01:22:13
353434,IDOL5.HOME.ACE,Ace Young To be Sent Home This Week,6,61.6,Apr/20/2006 01:22:13
353434,IDOL5.HOME.ACE,Ace Young To be Sent Home This Week,3,61.8,Apr/20/2006 01:22:13
353434,IDOL5.HOME.ACE,Ace Young To be Sent Home This Week,1,67.0,Apr/20/2006 01:22:24
353434,IDOL5.HOME.ACE,Ace Young To be Sent Home This Week,1,61.0,Apr/20/2006 01:22:24
353434,IDOL5.HOME.ACE,Ace Young To be Sent Home This Week,3,60.0,Apr/20/2006 01:22:24
353434,IDOL5.HOME.ACE,Ace Young To be Sent Home This Week,6,50.0,Apr/20/2006 01:23:14
353434,IDOL5.HOME.ACE,Ace Young To be Sent Home This Week,2,50.0,Apr/20/2006 01:23:24
353434,IDOL5.HOME.ACE,Ace Young To be Sent Home This Week,3,50.0,Apr/20/2006 01:23:29
353434,IDOL5.HOME.ACE,Ace Young To be Sent Home This Week,1,55.0,Apr/20/2006 01:23:44
353434,IDOL5.HOME.ACE,Ace Young To be Sent Home This Week,2,55.0,Apr/20/2006 01:23:45
353434,IDOL5.HOME.ACE,Ace Young To be Sent Home This Week,1,55.0,Apr/20/2006 01:24:06
353434,IDOL5.HOME.ACE,Ace Young To be Sent Home This Week,2,55.5,Apr/20/2006 01:24:16
353434,IDOL5.HOME.ACE,Ace Young To be Sent Home This Week,1,67.0,Apr/20/2006 01:24:28
353434,IDOL5.HOME.ACE,Ace Young To be Sent Home This Week,5,55.5,Apr/20/2006 01:24:28
353434,IDOL5.HOME.ACE,Ace Young To be Sent Home This Week,5,55.0,Apr/20/2006 01:24:28
353434,IDOL5.HOME.ACE,Ace Young To be Sent Home This Week,6,60.0,Apr/20/2006 01:25:06
353434,IDOL5.HOME.ACE,Ace Young To be Sent Home This Week,2,57.5,Apr/20/2006 01:25:55
353434,IDOL5.HOME.ACE,Ace Young To be Sent Home This Week,2,59.0,Apr/20/2006 01:26:00
353434,IDOL5.HOME.ACE,Ace Young To be Sent Home This Week,2,60.0,Apr/20/2006 01:26:02
353434,IDOL5.HOME.ACE,Ace Young To be Sent Home This Week,3,57.6,Apr/20/2006 01:26:04
353434,IDOL5.HOME.ACE,Ace Young To be Sent Home This Week,3,61.0,Apr/20/2006 01:26:23
353434,IDOL5.HOME.ACE,Ace Young To be Sent Home This Week,4,61.0,Apr/20/2006 01:26:38
353434,IDOL5.HOME.ACE,Ace Young To be Sent Home This Week,3,61.0,Apr/20/2006 01:26:57
353434,IDOL5.HOME.ACE,Ace Young To be Sent Home This Week,4,57.0,Apr/20/2006 01:26:57
353434,IDOL5.HOME.ACE,Ace Young To be Sent Home This Week,3,57.5,Apr/20/2006 01:26:57
353434,IDOL5.HOME.ACE,Ace Young To be Sent Home This Week,1,63.0,Apr/20/2006 01:27:02
353434,IDOL5.HOME.ACE,Ace Young To be Sent Home This Week,1,68.5,Apr/20/2006 01:27:19
353434,IDOL5.HOME.ACE,Ace Young To be Sent Home This Week,4,73.9,Apr/20/2006 01:27:46
353434,IDOL5.HOME.ACE,Ace Young To be Sent Home This Week,1,73.9,Apr/20/2006 01:28:02
353434,IDOL5.HOME.ACE,Ace Young To be Sent Home This Week,5,73.9,Apr/20/2006 01:28:15
353434,IDOL5.HOME.ACE,Ace Young To be Sent Home This Week,10,75.1,Apr/20/2006 01:28:32
353434,IDOL5.HOME.ACE,Ace Young To be Sent Home This Week,1,75.1,Apr/20/2006 01:28:33
353434,IDOL5.HOME.ACE,Ace Young To be Sent Home This Week,3,99.8,Apr/20/2006 01:29:32
353434,IDOL5.HOME.ACE,Ace Young To be Sent Home This Week,4,99.8,Apr/20/2006 01:29:34
353434,IDOL5.HOME.ACE,Ace Young To be Sent Home This Week,10,99.7,Apr/20/2006 01:29:38
353434,IDOL5.HOME.ACE,Ace Young To be Sent Home This Week,1,99.7,Apr/20/2006 01:29:56
353434,IDOL5.HOME.ACE,Ace Young To be Sent Home This Week,10,99.7,Apr/20/2006 01:29:58
353434,IDOL5.HOME.ACE,Ace Young To be Sent Home This Week,4,99.6,Apr/20/2006 01:30:00
353434,IDOL5.HOME.ACE,Ace Young To be Sent Home This Week,10,99.7,Apr/20/2006 01:30:05
353434,IDOL5.HOME.ACE,Ace Young To be Sent Home This Week,29,99.7,Apr/20/2006 01:30:09
353434,IDOL5.HOME.ACE,Ace Young To be Sent Home This Week,2,99.6,Apr/20/2006 01:30:14
353434,IDOL5.HOME.ACE,Ace Young To be Sent Home This Week,10,99.7,Apr/20/2006 01:30:28
353434,IDOL5.HOME.ACE,Ace Young To be Sent Home This Week,44,99.7,Apr/20/2006 01:30:46
353434,IDOL5.HOME.ACE,Ace Young To be Sent Home This Week,5,99.7,Apr/20/2006 01:31:00
