market id,market symbol,market name,trade quantity,trade price,date/time [utc]
439000,2008.DEM.VP.GORE,Al Gore to be the Democratic VP Nominee in 2008,5,5.0,Feb/19/2007 22:51:37
439000,2008.DEM.VP.GORE,Al Gore to be the Democratic VP Nominee in 2008,5,2.5,Mar/01/2007 09:49:11
439000,2008.DEM.VP.GORE,Al Gore to be the Democratic VP Nominee in 2008,10,2.5,Mar/02/2007 20:21:29
439000,2008.DEM.VP.GORE,Al Gore to be the Democratic VP Nominee in 2008,1,2.6,Mar/05/2007 13:54:30
439000,2008.DEM.VP.GORE,Al Gore to be the Democratic VP Nominee in 2008,11,5.0,May/14/2007 21:15:13
439000,2008.DEM.VP.GORE,Al Gore to be the Democratic VP Nominee in 2008,9,5.0,May/15/2007 17:29:18
439000,2008.DEM.VP.GORE,Al Gore to be the Democratic VP Nominee in 2008,1,15.0,May/28/2007 21:02:22
439000,2008.DEM.VP.GORE,Al Gore to be the Democratic VP Nominee in 2008,1,14.9,May/28/2007 21:02:22
439000,2008.DEM.VP.GORE,Al Gore to be the Democratic VP Nominee in 2008,1,20.0,May/29/2007 05:17:10
439000,2008.DEM.VP.GORE,Al Gore to be the Democratic VP Nominee in 2008,4,9.8,May/29/2007 08:47:07
439000,2008.DEM.VP.GORE,Al Gore to be the Democratic VP Nominee in 2008,5,8.0,May/29/2007 18:31:40
439000,2008.DEM.VP.GORE,Al Gore to be the Democratic VP Nominee in 2008,3,8.0,May/30/2007 15:44:49
439000,2008.DEM.VP.GORE,Al Gore to be the Democratic VP Nominee in 2008,1,11.0,May/30/2007 21:16:29
439000,2008.DEM.VP.GORE,Al Gore to be the Democratic VP Nominee in 2008,1,10.5,May/30/2007 21:16:29
439000,2008.DEM.VP.GORE,Al Gore to be the Democratic VP Nominee in 2008,2,12.0,May/30/2007 21:16:43
439000,2008.DEM.VP.GORE,Al Gore to be the Democratic VP Nominee in 2008,1,12.0,May/30/2007 21:16:54
439000,2008.DEM.VP.GORE,Al Gore to be the Democratic VP Nominee in 2008,1,12.0,May/30/2007 21:17:41
439000,2008.DEM.VP.GORE,Al Gore to be the Democratic VP Nominee in 2008,5,12.0,May/31/2007 13:28:03
439000,2008.DEM.VP.GORE,Al Gore to be the Democratic VP Nominee in 2008,1,11.9,May/31/2007 13:28:03
439000,2008.DEM.VP.GORE,Al Gore to be the Democratic VP Nominee in 2008,1,12.0,May/31/2007 13:37:50
439000,2008.DEM.VP.GORE,Al Gore to be the Democratic VP Nominee in 2008,1,12.1,May/31/2007 14:57:24
439000,2008.DEM.VP.GORE,Al Gore to be the Democratic VP Nominee in 2008,18,12.1,Jun/01/2007 15:14:56
439000,2008.DEM.VP.GORE,Al Gore to be the Democratic VP Nominee in 2008,10,12.0,Jun/01/2007 15:23:42
439000,2008.DEM.VP.GORE,Al Gore to be the Democratic VP Nominee in 2008,19,19.9,Jun/02/2007 13:54:13
439000,2008.DEM.VP.GORE,Al Gore to be the Democratic VP Nominee in 2008,8,19.0,Jun/02/2007 13:54:13
439000,2008.DEM.VP.GORE,Al Gore to be the Democratic VP Nominee in 2008,1,15.0,Jun/02/2007 13:54:13
439000,2008.DEM.VP.GORE,Al Gore to be the Democratic VP Nominee in 2008,1,19.9,Jun/02/2007 17:18:24
439000,2008.DEM.VP.GORE,Al Gore to be the Democratic VP Nominee in 2008,9,20.0,Jun/02/2007 17:18:24
439000,2008.DEM.VP.GORE,Al Gore to be the Democratic VP Nominee in 2008,3,15.6,Jun/02/2007 18:47:32
439000,2008.DEM.VP.GORE,Al Gore to be the Democratic VP Nominee in 2008,1,20.0,Jun/02/2007 22:59:38
439000,2008.DEM.VP.GORE,Al Gore to be the Democratic VP Nominee in 2008,1,19.9,Jun/02/2007 22:59:38
439000,2008.DEM.VP.GORE,Al Gore to be the Democratic VP Nominee in 2008,1,19.8,Jun/02/2007 22:59:38
439000,2008.DEM.VP.GORE,Al Gore to be the Democratic VP Nominee in 2008,1,19.7,Jun/02/2007 22:59:38
439000,2008.DEM.VP.GORE,Al Gore to be the Democratic VP Nominee in 2008,1,19.5,Jun/02/2007 22:59:38
439000,2008.DEM.VP.GORE,Al Gore to be the Democratic VP Nominee in 2008,241,20.0,Jun/02/2007 22:59:38
439000,2008.DEM.VP.GORE,Al Gore to be the Democratic VP Nominee in 2008,5,20.0,Jun/02/2007 23:12:47
439000,2008.DEM.VP.GORE,Al Gore to be the Democratic VP Nominee in 2008,1,18.6,Jun/03/2007 06:45:32
439000,2008.DEM.VP.GORE,Al Gore to be the Democratic VP Nominee in 2008,1,19.7,Jun/03/2007 06:45:32
439000,2008.DEM.VP.GORE,Al Gore to be the Democratic VP Nominee in 2008,1,19.6,Jun/03/2007 06:45:32
439000,2008.DEM.VP.GORE,Al Gore to be the Democratic VP Nominee in 2008,3,18.8,Jun/03/2007 06:45:32
439000,2008.DEM.VP.GORE,Al Gore to be the Democratic VP Nominee in 2008,1,18.7,Jun/03/2007 06:45:32
439000,2008.DEM.VP.GORE,Al Gore to be the Democratic VP Nominee in 2008,1,18.7,Jun/03/2007 06:45:32
439000,2008.DEM.VP.GORE,Al Gore to be the Democratic VP Nominee in 2008,1,19.9,Jun/03/2007 06:45:50
439000,2008.DEM.VP.GORE,Al Gore to be the Democratic VP Nominee in 2008,1,19.8,Jun/03/2007 06:45:50
439000,2008.DEM.VP.GORE,Al Gore to be the Democratic VP Nominee in 2008,1,19.9,Jun/03/2007 06:45:50
439000,2008.DEM.VP.GORE,Al Gore to be the Democratic VP Nominee in 2008,1,19.9,Jun/03/2007 06:45:50
439000,2008.DEM.VP.GORE,Al Gore to be the Democratic VP Nominee in 2008,4,20.0,Jun/03/2007 06:46:33
439000,2008.DEM.VP.GORE,Al Gore to be the Democratic VP Nominee in 2008,51,20.0,Jun/03/2007 06:46:33
439000,2008.DEM.VP.GORE,Al Gore to be the Democratic VP Nominee in 2008,2,20.0,Jun/03/2007 06:47:00
439000,2008.DEM.VP.GORE,Al Gore to be the Democratic VP Nominee in 2008,7,12.0,Jun/04/2007 14:06:48
439000,2008.DEM.VP.GORE,Al Gore to be the Democratic VP Nominee in 2008,147,20.0,Jun/05/2007 14:26:22
439000,2008.DEM.VP.GORE,Al Gore to be the Democratic VP Nominee in 2008,25,23.0,Jun/05/2007 14:26:22
439000,2008.DEM.VP.GORE,Al Gore to be the Democratic VP Nominee in 2008,1,18.5,Jun/05/2007 14:26:22
439000,2008.DEM.VP.GORE,Al Gore to be the Democratic VP Nominee in 2008,1,19.9,Jun/05/2007 14:26:22
439000,2008.DEM.VP.GORE,Al Gore to be the Democratic VP Nominee in 2008,93,10.0,Jun/05/2007 14:26:22
439000,2008.DEM.VP.GORE,Al Gore to be the Democratic VP Nominee in 2008,24,25.0,Jun/05/2007 14:27:14
439000,2008.DEM.VP.GORE,Al Gore to be the Democratic VP Nominee in 2008,12,20.0,Jun/05/2007 14:39:57
439000,2008.DEM.VP.GORE,Al Gore to be the Democratic VP Nominee in 2008,13,20.0,Jun/05/2007 16:24:20
439000,2008.DEM.VP.GORE,Al Gore to be the Democratic VP Nominee in 2008,1,19.9,Jun/05/2007 16:24:20
439000,2008.DEM.VP.GORE,Al Gore to be the Democratic VP Nominee in 2008,1,19.8,Jun/05/2007 16:24:20
439000,2008.DEM.VP.GORE,Al Gore to be the Democratic VP Nominee in 2008,1,19.7,Jun/05/2007 16:24:20
439000,2008.DEM.VP.GORE,Al Gore to be the Democratic VP Nominee in 2008,1,19.6,Jun/05/2007 16:24:20
439000,2008.DEM.VP.GORE,Al Gore to be the Democratic VP Nominee in 2008,155,19.6,Jun/05/2007 16:24:20
439000,2008.DEM.VP.GORE,Al Gore to be the Democratic VP Nominee in 2008,1,18.9,Jun/05/2007 16:24:20
439000,2008.DEM.VP.GORE,Al Gore to be the Democratic VP Nominee in 2008,100,20.0,Jun/05/2007 16:31:24
439000,2008.DEM.VP.GORE,Al Gore to be the Democratic VP Nominee in 2008,25,18.0,Jun/05/2007 19:15:02
439000,2008.DEM.VP.GORE,Al Gore to be the Democratic VP Nominee in 2008,1,18.0,Jun/05/2007 19:15:58
439000,2008.DEM.VP.GORE,Al Gore to be the Democratic VP Nominee in 2008,1,18.0,Jun/05/2007 19:16:58
439000,2008.DEM.VP.GORE,Al Gore to be the Democratic VP Nominee in 2008,1,10.3,Jun/08/2007 12:31:36
439000,2008.DEM.VP.GORE,Al Gore to be the Democratic VP Nominee in 2008,1,7.5,Jun/08/2007 17:59:43
439000,2008.DEM.VP.GORE,Al Gore to be the Democratic VP Nominee in 2008,27,6.0,Jun/10/2007 02:30:23
439000,2008.DEM.VP.GORE,Al Gore to be the Democratic VP Nominee in 2008,1,4.0,Jun/10/2007 13:44:05
439000,2008.DEM.VP.GORE,Al Gore to be the Democratic VP Nominee in 2008,23,18.0,Jun/11/2007 11:44:21
439000,2008.DEM.VP.GORE,Al Gore to be the Democratic VP Nominee in 2008,7,18.0,Jun/11/2007 11:44:21
439000,2008.DEM.VP.GORE,Al Gore to be the Democratic VP Nominee in 2008,100,15.0,Jun/11/2007 11:44:21
439000,2008.DEM.VP.GORE,Al Gore to be the Democratic VP Nominee in 2008,70,10.0,Jun/11/2007 11:44:21
439000,2008.DEM.VP.GORE,Al Gore to be the Democratic VP Nominee in 2008,50,20.0,Jun/11/2007 11:48:40
439000,2008.DEM.VP.GORE,Al Gore to be the Democratic VP Nominee in 2008,18,18.0,Jun/11/2007 11:48:40
439000,2008.DEM.VP.GORE,Al Gore to be the Democratic VP Nominee in 2008,25,19.0,Jun/11/2007 11:48:40
439000,2008.DEM.VP.GORE,Al Gore to be the Democratic VP Nominee in 2008,25,19.5,Jun/11/2007 11:48:40
439000,2008.DEM.VP.GORE,Al Gore to be the Democratic VP Nominee in 2008,50,20.0,Jun/11/2007 11:57:22
439000,2008.DEM.VP.GORE,Al Gore to be the Democratic VP Nominee in 2008,5,21.0,Jun/11/2007 11:57:22
439000,2008.DEM.VP.GORE,Al Gore to be the Democratic VP Nominee in 2008,100,16.0,Jun/11/2007 13:12:38
439000,2008.DEM.VP.GORE,Al Gore to be the Democratic VP Nominee in 2008,1,15.9,Jun/11/2007 16:45:32
439000,2008.DEM.VP.GORE,Al Gore to be the Democratic VP Nominee in 2008,20,15.9,Jun/11/2007 16:45:32
439000,2008.DEM.VP.GORE,Al Gore to be the Democratic VP Nominee in 2008,40,16.0,Jun/11/2007 16:46:57
439000,2008.DEM.VP.GORE,Al Gore to be the Democratic VP Nominee in 2008,8,16.0,Jun/11/2007 16:48:47
439000,2008.DEM.VP.GORE,Al Gore to be the Democratic VP Nominee in 2008,9,15.0,Jun/12/2007 00:09:06
439000,2008.DEM.VP.GORE,Al Gore to be the Democratic VP Nominee in 2008,1,14.9,Jun/12/2007 00:09:06
439000,2008.DEM.VP.GORE,Al Gore to be the Democratic VP Nominee in 2008,1,15.0,Jun/12/2007 00:11:13
439000,2008.DEM.VP.GORE,Al Gore to be the Democratic VP Nominee in 2008,20,15.0,Jun/12/2007 00:12:25
439000,2008.DEM.VP.GORE,Al Gore to be the Democratic VP Nominee in 2008,10,15.0,Jun/12/2007 00:14:17
439000,2008.DEM.VP.GORE,Al Gore to be the Democratic VP Nominee in 2008,200,17.0,Jun/12/2007 13:28:43
439000,2008.DEM.VP.GORE,Al Gore to be the Democratic VP Nominee in 2008,2,16.0,Jun/12/2007 13:28:43
439000,2008.DEM.VP.GORE,Al Gore to be the Democratic VP Nominee in 2008,50,16.3,Jun/12/2007 13:28:43
439000,2008.DEM.VP.GORE,Al Gore to be the Democratic VP Nominee in 2008,1,15.9,Jun/12/2007 13:28:43
439000,2008.DEM.VP.GORE,Al Gore to be the Democratic VP Nominee in 2008,20,16.2,Jun/12/2007 13:28:43
439000,2008.DEM.VP.GORE,Al Gore to be the Democratic VP Nominee in 2008,110,15.0,Jun/12/2007 13:28:43
439000,2008.DEM.VP.GORE,Al Gore to be the Democratic VP Nominee in 2008,20,14.9,Jun/12/2007 13:28:43
439000,2008.DEM.VP.GORE,Al Gore to be the Democratic VP Nominee in 2008,1,14.7,Jun/12/2007 13:28:43
439000,2008.DEM.VP.GORE,Al Gore to be the Democratic VP Nominee in 2008,1,14.6,Jun/12/2007 13:28:43
439000,2008.DEM.VP.GORE,Al Gore to be the Democratic VP Nominee in 2008,1,14.8,Jun/12/2007 13:28:43
439000,2008.DEM.VP.GORE,Al Gore to be the Democratic VP Nominee in 2008,25,16.0,Jun/12/2007 13:28:43
439000,2008.DEM.VP.GORE,Al Gore to be the Democratic VP Nominee in 2008,49,14.0,Jun/12/2007 14:04:08
439000,2008.DEM.VP.GORE,Al Gore to be the Democratic VP Nominee in 2008,1,14.1,Jun/12/2007 14:04:08
439000,2008.DEM.VP.GORE,Al Gore to be the Democratic VP Nominee in 2008,10,14.0,Jun/12/2007 14:04:16
439000,2008.DEM.VP.GORE,Al Gore to be the Democratic VP Nominee in 2008,5,14.0,Jun/12/2007 14:04:28
439000,2008.DEM.VP.GORE,Al Gore to be the Democratic VP Nominee in 2008,1,14.1,Jun/12/2007 17:33:43
439000,2008.DEM.VP.GORE,Al Gore to be the Democratic VP Nominee in 2008,1,16.8,Jun/12/2007 18:14:07
439000,2008.DEM.VP.GORE,Al Gore to be the Democratic VP Nominee in 2008,1,16.7,Jun/12/2007 18:14:07
439000,2008.DEM.VP.GORE,Al Gore to be the Democratic VP Nominee in 2008,1,16.6,Jun/12/2007 18:14:07
439000,2008.DEM.VP.GORE,Al Gore to be the Democratic VP Nominee in 2008,1,16.5,Jun/12/2007 18:14:07
439000,2008.DEM.VP.GORE,Al Gore to be the Democratic VP Nominee in 2008,1,16.4,Jun/12/2007 18:14:07
439000,2008.DEM.VP.GORE,Al Gore to be the Democratic VP Nominee in 2008,10,16.0,Jun/12/2007 18:42:22
439000,2008.DEM.VP.GORE,Al Gore to be the Democratic VP Nominee in 2008,25,15.5,Jun/12/2007 19:45:21
439000,2008.DEM.VP.GORE,Al Gore to be the Democratic VP Nominee in 2008,5,14.6,Jun/12/2007 20:47:58
439000,2008.DEM.VP.GORE,Al Gore to be the Democratic VP Nominee in 2008,1,14.6,Jun/13/2007 00:28:55
439000,2008.DEM.VP.GORE,Al Gore to be the Democratic VP Nominee in 2008,2,14.6,Jun/13/2007 02:02:33
439000,2008.DEM.VP.GORE,Al Gore to be the Democratic VP Nominee in 2008,1,14.7,Jun/13/2007 03:22:32
439000,2008.DEM.VP.GORE,Al Gore to be the Democratic VP Nominee in 2008,11,14.7,Jun/13/2007 03:24:17
439000,2008.DEM.VP.GORE,Al Gore to be the Democratic VP Nominee in 2008,1,14.7,Jun/13/2007 03:24:28
439000,2008.DEM.VP.GORE,Al Gore to be the Democratic VP Nominee in 2008,1,14.7,Jun/13/2007 03:25:15
439000,2008.DEM.VP.GORE,Al Gore to be the Democratic VP Nominee in 2008,2,14.2,Jun/13/2007 12:08:53
439000,2008.DEM.VP.GORE,Al Gore to be the Democratic VP Nominee in 2008,38,14.2,Jun/13/2007 13:22:37
439000,2008.DEM.VP.GORE,Al Gore to be the Democratic VP Nominee in 2008,12,14.2,Jun/13/2007 14:23:53
439000,2008.DEM.VP.GORE,Al Gore to be the Democratic VP Nominee in 2008,1,14.6,Jun/13/2007 14:26:36
439000,2008.DEM.VP.GORE,Al Gore to be the Democratic VP Nominee in 2008,2,14.6,Jun/13/2007 14:26:36
439000,2008.DEM.VP.GORE,Al Gore to be the Democratic VP Nominee in 2008,1,14.5,Jun/13/2007 14:26:36
439000,2008.DEM.VP.GORE,Al Gore to be the Democratic VP Nominee in 2008,1,14.6,Jun/13/2007 14:28:26
439000,2008.DEM.VP.GORE,Al Gore to be the Democratic VP Nominee in 2008,99,14.1,Jun/14/2007 00:22:14
439000,2008.DEM.VP.GORE,Al Gore to be the Democratic VP Nominee in 2008,1,14.5,Jun/14/2007 00:22:14
439000,2008.DEM.VP.GORE,Al Gore to be the Democratic VP Nominee in 2008,200,20.0,Jun/14/2007 13:25:10
439000,2008.DEM.VP.GORE,Al Gore to be the Democratic VP Nominee in 2008,140,16.0,Jun/14/2007 13:25:10
439000,2008.DEM.VP.GORE,Al Gore to be the Democratic VP Nominee in 2008,61,14.7,Jun/14/2007 13:25:10
439000,2008.DEM.VP.GORE,Al Gore to be the Democratic VP Nominee in 2008,20,15.9,Jun/14/2007 13:25:10
439000,2008.DEM.VP.GORE,Al Gore to be the Democratic VP Nominee in 2008,2,14.6,Jun/14/2007 13:25:10
439000,2008.DEM.VP.GORE,Al Gore to be the Democratic VP Nominee in 2008,1,14.5,Jun/14/2007 13:25:10
439000,2008.DEM.VP.GORE,Al Gore to be the Democratic VP Nominee in 2008,3,17.0,Jun/14/2007 13:59:42
439000,2008.DEM.VP.GORE,Al Gore to be the Democratic VP Nominee in 2008,1,16.6,Jun/14/2007 13:59:52
439000,2008.DEM.VP.GORE,Al Gore to be the Democratic VP Nominee in 2008,10,16.6,Jun/14/2007 14:33:54
439000,2008.DEM.VP.GORE,Al Gore to be the Democratic VP Nominee in 2008,1,13.7,Jun/16/2007 13:14:24
439000,2008.DEM.VP.GORE,Al Gore to be the Democratic VP Nominee in 2008,100,13.5,Jun/17/2007 02:20:09
439000,2008.DEM.VP.GORE,Al Gore to be the Democratic VP Nominee in 2008,20,13.6,Jun/17/2007 02:20:09
439000,2008.DEM.VP.GORE,Al Gore to be the Democratic VP Nominee in 2008,1,13.7,Jun/17/2007 02:20:09
439000,2008.DEM.VP.GORE,Al Gore to be the Democratic VP Nominee in 2008,1,12.1,Jun/17/2007 14:49:42
439000,2008.DEM.VP.GORE,Al Gore to be the Democratic VP Nominee in 2008,47,17.0,Jun/18/2007 09:19:48
439000,2008.DEM.VP.GORE,Al Gore to be the Democratic VP Nominee in 2008,99,18.8,Jun/18/2007 09:19:48
439000,2008.DEM.VP.GORE,Al Gore to be the Democratic VP Nominee in 2008,90,16.6,Jun/18/2007 09:19:48
439000,2008.DEM.VP.GORE,Al Gore to be the Democratic VP Nominee in 2008,116,20.0,Jun/18/2007 09:19:48
439000,2008.DEM.VP.GORE,Al Gore to be the Democratic VP Nominee in 2008,20,16.5,Jun/18/2007 09:19:48
439000,2008.DEM.VP.GORE,Al Gore to be the Democratic VP Nominee in 2008,3,16.4,Jun/18/2007 09:19:48
439000,2008.DEM.VP.GORE,Al Gore to be the Democratic VP Nominee in 2008,1,15.3,Jun/18/2007 09:19:48
439000,2008.DEM.VP.GORE,Al Gore to be the Democratic VP Nominee in 2008,1,15.2,Jun/18/2007 09:19:48
439000,2008.DEM.VP.GORE,Al Gore to be the Democratic VP Nominee in 2008,1,12.4,Jun/18/2007 10:07:15
439000,2008.DEM.VP.GORE,Al Gore to be the Democratic VP Nominee in 2008,1,12.5,Jun/18/2007 13:02:07
439000,2008.DEM.VP.GORE,Al Gore to be the Democratic VP Nominee in 2008,99,12.4,Jun/18/2007 13:02:14
439000,2008.DEM.VP.GORE,Al Gore to be the Democratic VP Nominee in 2008,1,12.1,Jun/18/2007 13:02:23
439000,2008.DEM.VP.GORE,Al Gore to be the Democratic VP Nominee in 2008,1,15.3,Jun/18/2007 16:17:12
439000,2008.DEM.VP.GORE,Al Gore to be the Democratic VP Nominee in 2008,1,15.9,Jun/18/2007 16:17:12
439000,2008.DEM.VP.GORE,Al Gore to be the Democratic VP Nominee in 2008,15,15.9,Jun/18/2007 16:17:12
439000,2008.DEM.VP.GORE,Al Gore to be the Democratic VP Nominee in 2008,1,15.9,Jun/18/2007 16:18:44
439000,2008.DEM.VP.GORE,Al Gore to be the Democratic VP Nominee in 2008,1,12.1,Jun/18/2007 16:40:18
439000,2008.DEM.VP.GORE,Al Gore to be the Democratic VP Nominee in 2008,9,12.1,Jun/18/2007 16:40:18
439000,2008.DEM.VP.GORE,Al Gore to be the Democratic VP Nominee in 2008,8,12.0,Jun/18/2007 22:25:26
439000,2008.DEM.VP.GORE,Al Gore to be the Democratic VP Nominee in 2008,11,12.1,Jun/18/2007 22:25:26
439000,2008.DEM.VP.GORE,Al Gore to be the Democratic VP Nominee in 2008,1,12.2,Jun/18/2007 22:25:26
439000,2008.DEM.VP.GORE,Al Gore to be the Democratic VP Nominee in 2008,100,16.0,Jun/19/2007 12:44:35
439000,2008.DEM.VP.GORE,Al Gore to be the Democratic VP Nominee in 2008,4,15.9,Jun/19/2007 12:44:35
439000,2008.DEM.VP.GORE,Al Gore to be the Democratic VP Nominee in 2008,1,15.0,Jun/19/2007 12:44:35
439000,2008.DEM.VP.GORE,Al Gore to be the Democratic VP Nominee in 2008,1,15.8,Jun/19/2007 12:44:35
439000,2008.DEM.VP.GORE,Al Gore to be the Democratic VP Nominee in 2008,1,14.9,Jun/19/2007 12:44:35
439000,2008.DEM.VP.GORE,Al Gore to be the Democratic VP Nominee in 2008,1,15.9,Jun/19/2007 12:44:35
439000,2008.DEM.VP.GORE,Al Gore to be the Democratic VP Nominee in 2008,20,15.9,Jun/19/2007 12:44:35
439000,2008.DEM.VP.GORE,Al Gore to be the Democratic VP Nominee in 2008,71,17.7,Jun/19/2007 12:44:35
439000,2008.DEM.VP.GORE,Al Gore to be the Democratic VP Nominee in 2008,1,17.6,Jun/19/2007 12:44:35
439000,2008.DEM.VP.GORE,Al Gore to be the Democratic VP Nominee in 2008,25,15.0,Jun/19/2007 13:04:17
439000,2008.DEM.VP.GORE,Al Gore to be the Democratic VP Nominee in 2008,1,16.0,Jun/19/2007 21:19:12
439000,2008.DEM.VP.GORE,Al Gore to be the Democratic VP Nominee in 2008,2,16.0,Jun/19/2007 21:59:21
439000,2008.DEM.VP.GORE,Al Gore to be the Democratic VP Nominee in 2008,25,15.1,Jun/19/2007 22:31:51
439000,2008.DEM.VP.GORE,Al Gore to be the Democratic VP Nominee in 2008,1,12.2,Jun/19/2007 22:50:18
439000,2008.DEM.VP.GORE,Al Gore to be the Democratic VP Nominee in 2008,1,12.6,Jun/20/2007 11:38:23
439000,2008.DEM.VP.GORE,Al Gore to be the Democratic VP Nominee in 2008,40,12.5,Jun/20/2007 12:45:01
439000,2008.DEM.VP.GORE,Al Gore to be the Democratic VP Nominee in 2008,1,12.1,Jun/20/2007 12:57:35
439000,2008.DEM.VP.GORE,Al Gore to be the Democratic VP Nominee in 2008,1,12.1,Jun/20/2007 12:57:35
439000,2008.DEM.VP.GORE,Al Gore to be the Democratic VP Nominee in 2008,1,16.0,Jun/20/2007 14:51:11
439000,2008.DEM.VP.GORE,Al Gore to be the Democratic VP Nominee in 2008,47,15.1,Jun/20/2007 14:51:11
439000,2008.DEM.VP.GORE,Al Gore to be the Democratic VP Nominee in 2008,1,15.0,Jun/20/2007 14:51:11
439000,2008.DEM.VP.GORE,Al Gore to be the Democratic VP Nominee in 2008,49,12.6,Jun/20/2007 14:51:11
439000,2008.DEM.VP.GORE,Al Gore to be the Democratic VP Nominee in 2008,150,15.9,Jun/20/2007 14:51:11
439000,2008.DEM.VP.GORE,Al Gore to be the Democratic VP Nominee in 2008,1,15.8,Jun/20/2007 14:51:11
439000,2008.DEM.VP.GORE,Al Gore to be the Democratic VP Nominee in 2008,1,14.9,Jun/20/2007 14:51:11
439000,2008.DEM.VP.GORE,Al Gore to be the Democratic VP Nominee in 2008,9,16.0,Jun/20/2007 14:51:42
439000,2008.DEM.VP.GORE,Al Gore to be the Democratic VP Nominee in 2008,70,16.2,Jun/20/2007 17:48:32
439000,2008.DEM.VP.GORE,Al Gore to be the Democratic VP Nominee in 2008,1,12.1,Jun/20/2007 18:23:30
439000,2008.DEM.VP.GORE,Al Gore to be the Democratic VP Nominee in 2008,3,12.1,Jun/21/2007 13:02:04
439000,2008.DEM.VP.GORE,Al Gore to be the Democratic VP Nominee in 2008,20,17.6,Jun/22/2007 13:57:08
439000,2008.DEM.VP.GORE,Al Gore to be the Democratic VP Nominee in 2008,21,12.1,Jun/22/2007 13:57:08
439000,2008.DEM.VP.GORE,Al Gore to be the Democratic VP Nominee in 2008,5,17.5,Jun/22/2007 13:57:08
439000,2008.DEM.VP.GORE,Al Gore to be the Democratic VP Nominee in 2008,1,16.4,Jun/22/2007 14:40:31
439000,2008.DEM.VP.GORE,Al Gore to be the Democratic VP Nominee in 2008,49,17.9,Jun/22/2007 16:32:40
439000,2008.DEM.VP.GORE,Al Gore to be the Democratic VP Nominee in 2008,5,17.8,Jun/22/2007 16:32:40
439000,2008.DEM.VP.GORE,Al Gore to be the Democratic VP Nominee in 2008,199,17.2,Jun/22/2007 17:01:13
439000,2008.DEM.VP.GORE,Al Gore to be the Democratic VP Nominee in 2008,1,12.1,Jun/22/2007 17:06:14
439000,2008.DEM.VP.GORE,Al Gore to be the Democratic VP Nominee in 2008,1,17.9,Jun/22/2007 19:57:36
439000,2008.DEM.VP.GORE,Al Gore to be the Democratic VP Nominee in 2008,1,17.9,Jun/22/2007 19:57:36
439000,2008.DEM.VP.GORE,Al Gore to be the Democratic VP Nominee in 2008,1,12.1,Jun/22/2007 20:32:18
439000,2008.DEM.VP.GORE,Al Gore to be the Democratic VP Nominee in 2008,35,14.2,Jun/23/2007 03:13:16
439000,2008.DEM.VP.GORE,Al Gore to be the Democratic VP Nominee in 2008,1,5.5,Jun/23/2007 04:21:30
439000,2008.DEM.VP.GORE,Al Gore to be the Democratic VP Nominee in 2008,1,5.6,Jun/23/2007 11:34:14
439000,2008.DEM.VP.GORE,Al Gore to be the Democratic VP Nominee in 2008,50,9.0,Jun/25/2007 17:11:52
439000,2008.DEM.VP.GORE,Al Gore to be the Democratic VP Nominee in 2008,1,9.1,Jun/25/2007 17:11:52
439000,2008.DEM.VP.GORE,Al Gore to be the Democratic VP Nominee in 2008,1,9.1,Jun/25/2007 17:11:52
439000,2008.DEM.VP.GORE,Al Gore to be the Democratic VP Nominee in 2008,3,9.0,Jun/25/2007 17:21:13
439000,2008.DEM.VP.GORE,Al Gore to be the Democratic VP Nominee in 2008,4,14.8,Jun/26/2007 11:20:34
439000,2008.DEM.VP.GORE,Al Gore to be the Democratic VP Nominee in 2008,96,14.0,Jun/26/2007 11:20:34
439000,2008.DEM.VP.GORE,Al Gore to be the Democratic VP Nominee in 2008,1,13.9,Jun/26/2007 11:20:34
439000,2008.DEM.VP.GORE,Al Gore to be the Democratic VP Nominee in 2008,10,20.0,Jun/26/2007 11:20:34
439000,2008.DEM.VP.GORE,Al Gore to be the Democratic VP Nominee in 2008,1,18.9,Jun/26/2007 11:20:34
439000,2008.DEM.VP.GORE,Al Gore to be the Democratic VP Nominee in 2008,100,18.8,Jun/26/2007 11:20:34
439000,2008.DEM.VP.GORE,Al Gore to be the Democratic VP Nominee in 2008,131,18.0,Jun/26/2007 11:20:34
439000,2008.DEM.VP.GORE,Al Gore to be the Democratic VP Nominee in 2008,20,16.9,Jun/26/2007 11:20:34
439000,2008.DEM.VP.GORE,Al Gore to be the Democratic VP Nominee in 2008,100,15.0,Jun/26/2007 11:20:34
439000,2008.DEM.VP.GORE,Al Gore to be the Democratic VP Nominee in 2008,1,8.4,Jun/26/2007 11:26:50
439000,2008.DEM.VP.GORE,Al Gore to be the Democratic VP Nominee in 2008,1,10.9,Jun/27/2007 22:01:35
439000,2008.DEM.VP.GORE,Al Gore to be the Democratic VP Nominee in 2008,4,8.5,Jun/27/2007 22:02:20
439000,2008.DEM.VP.GORE,Al Gore to be the Democratic VP Nominee in 2008,39,8.4,Jun/28/2007 00:46:08
439000,2008.DEM.VP.GORE,Al Gore to be the Democratic VP Nominee in 2008,8,6.5,Jun/28/2007 14:04:26
439000,2008.DEM.VP.GORE,Al Gore to be the Democratic VP Nominee in 2008,1,13.0,Jun/28/2007 16:03:16
439000,2008.DEM.VP.GORE,Al Gore to be the Democratic VP Nominee in 2008,35,5.5,Jun/29/2007 09:48:37
439000,2008.DEM.VP.GORE,Al Gore to be the Democratic VP Nominee in 2008,10,5.3,Jun/30/2007 01:11:52
439000,2008.DEM.VP.GORE,Al Gore to be the Democratic VP Nominee in 2008,10,5.3,Jun/30/2007 14:28:21
439000,2008.DEM.VP.GORE,Al Gore to be the Democratic VP Nominee in 2008,100,5.2,Jun/30/2007 16:44:28
439000,2008.DEM.VP.GORE,Al Gore to be the Democratic VP Nominee in 2008,21,5.2,Jun/30/2007 16:44:28
439000,2008.DEM.VP.GORE,Al Gore to be the Democratic VP Nominee in 2008,90,5.3,Jun/30/2007 17:06:23
439000,2008.DEM.VP.GORE,Al Gore to be the Democratic VP Nominee in 2008,10,5.3,Jul/02/2007 10:27:41
439000,2008.DEM.VP.GORE,Al Gore to be the Democratic VP Nominee in 2008,300,15.0,Jul/03/2007 16:01:47
439000,2008.DEM.VP.GORE,Al Gore to be the Democratic VP Nominee in 2008,1,13.0,Jul/03/2007 16:01:47
439000,2008.DEM.VP.GORE,Al Gore to be the Democratic VP Nominee in 2008,52,12.0,Jul/03/2007 16:01:47
439000,2008.DEM.VP.GORE,Al Gore to be the Democratic VP Nominee in 2008,100,10.0,Jul/03/2007 16:01:47
439000,2008.DEM.VP.GORE,Al Gore to be the Democratic VP Nominee in 2008,1,12.4,Jul/03/2007 17:35:33
439000,2008.DEM.VP.GORE,Al Gore to be the Democratic VP Nominee in 2008,4,12.4,Jul/03/2007 17:39:37
439000,2008.DEM.VP.GORE,Al Gore to be the Democratic VP Nominee in 2008,50,12.4,Jul/03/2007 17:39:39
439000,2008.DEM.VP.GORE,Al Gore to be the Democratic VP Nominee in 2008,10,12.4,Jul/03/2007 17:40:51
439000,2008.DEM.VP.GORE,Al Gore to be the Democratic VP Nominee in 2008,81,12.4,Jul/03/2007 17:40:58
439000,2008.DEM.VP.GORE,Al Gore to be the Democratic VP Nominee in 2008,5,5.4,Jul/03/2007 17:54:32
439000,2008.DEM.VP.GORE,Al Gore to be the Democratic VP Nominee in 2008,5,5.4,Jul/04/2007 01:49:04
439000,2008.DEM.VP.GORE,Al Gore to be the Democratic VP Nominee in 2008,5,5.4,Jul/05/2007 08:28:44
439000,2008.DEM.VP.GORE,Al Gore to be the Democratic VP Nominee in 2008,200,5.3,Jul/05/2007 17:14:47
439000,2008.DEM.VP.GORE,Al Gore to be the Democratic VP Nominee in 2008,637,5.3,Jul/05/2007 17:45:13
439000,2008.DEM.VP.GORE,Al Gore to be the Democratic VP Nominee in 2008,50,5.1,Jul/05/2007 17:45:21
439000,2008.DEM.VP.GORE,Al Gore to be the Democratic VP Nominee in 2008,23,5.0,Jul/05/2007 18:50:41
439000,2008.DEM.VP.GORE,Al Gore to be the Democratic VP Nominee in 2008,1,4.9,Jul/06/2007 13:39:04
439000,2008.DEM.VP.GORE,Al Gore to be the Democratic VP Nominee in 2008,3,4.1,Jul/07/2007 06:57:11
439000,2008.DEM.VP.GORE,Al Gore to be the Democratic VP Nominee in 2008,12,4.1,Jul/07/2007 06:57:11
439000,2008.DEM.VP.GORE,Al Gore to be the Democratic VP Nominee in 2008,50,4.8,Jul/07/2007 06:57:11
439000,2008.DEM.VP.GORE,Al Gore to be the Democratic VP Nominee in 2008,19,3.5,Jul/07/2007 06:57:40
439000,2008.DEM.VP.GORE,Al Gore to be the Democratic VP Nominee in 2008,50,3.1,Jul/07/2007 06:57:55
439000,2008.DEM.VP.GORE,Al Gore to be the Democratic VP Nominee in 2008,5,4.1,Jul/07/2007 12:48:37
439000,2008.DEM.VP.GORE,Al Gore to be the Democratic VP Nominee in 2008,28,3.1,Jul/08/2007 16:52:29
439000,2008.DEM.VP.GORE,Al Gore to be the Democratic VP Nominee in 2008,100,6.0,Jul/16/2007 11:38:37
439000,2008.DEM.VP.GORE,Al Gore to be the Democratic VP Nominee in 2008,100,12.1,Jul/16/2007 11:38:37
439000,2008.DEM.VP.GORE,Al Gore to be the Democratic VP Nominee in 2008,2,11.5,Jul/16/2007 11:38:37
439000,2008.DEM.VP.GORE,Al Gore to be the Democratic VP Nominee in 2008,3,4.8,Jul/16/2007 11:42:20
439000,2008.DEM.VP.GORE,Al Gore to be the Democratic VP Nominee in 2008,30,9.0,Jul/16/2007 11:55:47
439000,2008.DEM.VP.GORE,Al Gore to be the Democratic VP Nominee in 2008,3,9.0,Jul/16/2007 11:56:52
439000,2008.DEM.VP.GORE,Al Gore to be the Democratic VP Nominee in 2008,100,8.4,Jul/16/2007 12:00:27
439000,2008.DEM.VP.GORE,Al Gore to be the Democratic VP Nominee in 2008,500,8.4,Jul/16/2007 12:17:11
439000,2008.DEM.VP.GORE,Al Gore to be the Democratic VP Nominee in 2008,5,4.5,Jul/16/2007 12:17:20
439000,2008.DEM.VP.GORE,Al Gore to be the Democratic VP Nominee in 2008,55,4.5,Jul/16/2007 12:22:51
439000,2008.DEM.VP.GORE,Al Gore to be the Democratic VP Nominee in 2008,3,3.4,Jul/16/2007 13:49:54
439000,2008.DEM.VP.GORE,Al Gore to be the Democratic VP Nominee in 2008,3,3.4,Jul/16/2007 17:58:24
439000,2008.DEM.VP.GORE,Al Gore to be the Democratic VP Nominee in 2008,3,3.4,Jul/16/2007 17:58:24
439000,2008.DEM.VP.GORE,Al Gore to be the Democratic VP Nominee in 2008,100,6.0,Jul/16/2007 18:57:05
439000,2008.DEM.VP.GORE,Al Gore to be the Democratic VP Nominee in 2008,100,8.3,Jul/16/2007 18:57:05
439000,2008.DEM.VP.GORE,Al Gore to be the Democratic VP Nominee in 2008,3,5.9,Jul/16/2007 18:57:05
439000,2008.DEM.VP.GORE,Al Gore to be the Democratic VP Nominee in 2008,100,8.3,Jul/16/2007 19:00:05
439000,2008.DEM.VP.GORE,Al Gore to be the Democratic VP Nominee in 2008,3,3.4,Jul/16/2007 19:00:11
439000,2008.DEM.VP.GORE,Al Gore to be the Democratic VP Nominee in 2008,75,6.0,Jul/16/2007 19:00:58
439000,2008.DEM.VP.GORE,Al Gore to be the Democratic VP Nominee in 2008,5,3.4,Jul/16/2007 19:02:51
439000,2008.DEM.VP.GORE,Al Gore to be the Democratic VP Nominee in 2008,3,3.4,Jul/16/2007 19:04:17
439000,2008.DEM.VP.GORE,Al Gore to be the Democratic VP Nominee in 2008,25,6.0,Jul/16/2007 19:04:47
439000,2008.DEM.VP.GORE,Al Gore to be the Democratic VP Nominee in 2008,100,8.0,Jul/16/2007 19:04:47
439000,2008.DEM.VP.GORE,Al Gore to be the Democratic VP Nominee in 2008,3,7.9,Jul/16/2007 19:04:47
439000,2008.DEM.VP.GORE,Al Gore to be the Democratic VP Nominee in 2008,3,5.9,Jul/16/2007 19:04:47
439000,2008.DEM.VP.GORE,Al Gore to be the Democratic VP Nominee in 2008,100,6.4,Jul/16/2007 19:04:47
439000,2008.DEM.VP.GORE,Al Gore to be the Democratic VP Nominee in 2008,3,6.3,Jul/16/2007 19:04:47
439000,2008.DEM.VP.GORE,Al Gore to be the Democratic VP Nominee in 2008,166,8.4,Jul/16/2007 19:05:59
439000,2008.DEM.VP.GORE,Al Gore to be the Democratic VP Nominee in 2008,10,3.5,Jul/16/2007 19:05:59
439000,2008.DEM.VP.GORE,Al Gore to be the Democratic VP Nominee in 2008,1,8.2,Jul/16/2007 19:08:37
439000,2008.DEM.VP.GORE,Al Gore to be the Democratic VP Nominee in 2008,1,8.2,Jul/16/2007 19:08:49
439000,2008.DEM.VP.GORE,Al Gore to be the Democratic VP Nominee in 2008,1,8.2,Jul/16/2007 19:09:09
439000,2008.DEM.VP.GORE,Al Gore to be the Democratic VP Nominee in 2008,5,3.4,Jul/16/2007 19:09:46
439000,2008.DEM.VP.GORE,Al Gore to be the Democratic VP Nominee in 2008,5,3.4,Jul/16/2007 19:09:46
439000,2008.DEM.VP.GORE,Al Gore to be the Democratic VP Nominee in 2008,86,8.2,Jul/16/2007 19:09:46
439000,2008.DEM.VP.GORE,Al Gore to be the Democratic VP Nominee in 2008,2,7.9,Jul/16/2007 19:10:38
439000,2008.DEM.VP.GORE,Al Gore to be the Democratic VP Nominee in 2008,4,7.9,Jul/16/2007 19:11:07
439000,2008.DEM.VP.GORE,Al Gore to be the Democratic VP Nominee in 2008,10,3.4,Jul/16/2007 19:13:18
439000,2008.DEM.VP.GORE,Al Gore to be the Democratic VP Nominee in 2008,3,4.0,Jul/16/2007 19:13:18
439000,2008.DEM.VP.GORE,Al Gore to be the Democratic VP Nominee in 2008,5,3.4,Jul/16/2007 19:16:28
439000,2008.DEM.VP.GORE,Al Gore to be the Democratic VP Nominee in 2008,6,3.6,Jul/17/2007 09:21:01
439000,2008.DEM.VP.GORE,Al Gore to be the Democratic VP Nominee in 2008,1,4.0,Jul/17/2007 09:21:01
439000,2008.DEM.VP.GORE,Al Gore to be the Democratic VP Nominee in 2008,100,3.5,Jul/17/2007 23:15:30
439000,2008.DEM.VP.GORE,Al Gore to be the Democratic VP Nominee in 2008,77,3.1,Jul/17/2007 23:15:44
439000,2008.DEM.VP.GORE,Al Gore to be the Democratic VP Nominee in 2008,100,2.8,Jul/17/2007 23:17:16
439000,2008.DEM.VP.GORE,Al Gore to be the Democratic VP Nominee in 2008,2,2.6,Jul/17/2007 23:17:25
439000,2008.DEM.VP.GORE,Al Gore to be the Democratic VP Nominee in 2008,80,2.5,Jul/17/2007 23:34:59
439000,2008.DEM.VP.GORE,Al Gore to be the Democratic VP Nominee in 2008,19,2.0,Jul/17/2007 23:43:55
439000,2008.DEM.VP.GORE,Al Gore to be the Democratic VP Nominee in 2008,10,2.1,Jul/18/2007 08:47:49
439000,2008.DEM.VP.GORE,Al Gore to be the Democratic VP Nominee in 2008,10,2.1,Jul/18/2007 21:38:09
439000,2008.DEM.VP.GORE,Al Gore to be the Democratic VP Nominee in 2008,40,2.0,Jul/18/2007 21:58:31
439000,2008.DEM.VP.GORE,Al Gore to be the Democratic VP Nominee in 2008,7,2.1,Jul/18/2007 21:58:31
439000,2008.DEM.VP.GORE,Al Gore to be the Democratic VP Nominee in 2008,1,2.7,Jul/18/2007 22:59:12
439000,2008.DEM.VP.GORE,Al Gore to be the Democratic VP Nominee in 2008,15,1.7,Jul/18/2007 23:58:44
439000,2008.DEM.VP.GORE,Al Gore to be the Democratic VP Nominee in 2008,5,1.6,Jul/18/2007 23:59:34
439000,2008.DEM.VP.GORE,Al Gore to be the Democratic VP Nominee in 2008,6,1.6,Jul/19/2007 11:57:45
439000,2008.DEM.VP.GORE,Al Gore to be the Democratic VP Nominee in 2008,13,1.9,Jul/20/2007 02:58:14
439000,2008.DEM.VP.GORE,Al Gore to be the Democratic VP Nominee in 2008,14,1.6,Jul/20/2007 03:06:20
439000,2008.DEM.VP.GORE,Al Gore to be the Democratic VP Nominee in 2008,4,1.9,Jul/20/2007 15:10:32
439000,2008.DEM.VP.GORE,Al Gore to be the Democratic VP Nominee in 2008,3,1.5,Jul/20/2007 20:03:48
439000,2008.DEM.VP.GORE,Al Gore to be the Democratic VP Nominee in 2008,2,1.5,Jul/21/2007 23:12:35
439000,2008.DEM.VP.GORE,Al Gore to be the Democratic VP Nominee in 2008,99,2.7,Jul/23/2007 08:24:58
439000,2008.DEM.VP.GORE,Al Gore to be the Democratic VP Nominee in 2008,10,2.3,Jul/23/2007 08:24:58
439000,2008.DEM.VP.GORE,Al Gore to be the Democratic VP Nominee in 2008,5,1.8,Jul/23/2007 08:24:58
439000,2008.DEM.VP.GORE,Al Gore to be the Democratic VP Nominee in 2008,10,1.7,Jul/23/2007 08:24:58
439000,2008.DEM.VP.GORE,Al Gore to be the Democratic VP Nominee in 2008,10,2.0,Jul/23/2007 08:24:58
439000,2008.DEM.VP.GORE,Al Gore to be the Democratic VP Nominee in 2008,18,6.0,Jul/23/2007 08:25:44
439000,2008.DEM.VP.GORE,Al Gore to be the Democratic VP Nominee in 2008,20,5.0,Jul/23/2007 08:25:44
439000,2008.DEM.VP.GORE,Al Gore to be the Democratic VP Nominee in 2008,100,4.8,Jul/23/2007 08:25:44
439000,2008.DEM.VP.GORE,Al Gore to be the Democratic VP Nominee in 2008,4,4.0,Jul/23/2007 08:25:44
439000,2008.DEM.VP.GORE,Al Gore to be the Democratic VP Nominee in 2008,8,4.9,Jul/23/2007 08:25:44
439000,2008.DEM.VP.GORE,Al Gore to be the Democratic VP Nominee in 2008,20,8.9,Jul/23/2007 08:26:32
439000,2008.DEM.VP.GORE,Al Gore to be the Democratic VP Nominee in 2008,2,6.0,Jul/23/2007 08:26:32
439000,2008.DEM.VP.GORE,Al Gore to be the Democratic VP Nominee in 2008,98,12.0,Jul/23/2007 08:26:32
439000,2008.DEM.VP.GORE,Al Gore to be the Democratic VP Nominee in 2008,20,10.0,Jul/23/2007 08:26:32
439000,2008.DEM.VP.GORE,Al Gore to be the Democratic VP Nominee in 2008,50,7.0,Jul/23/2007 08:26:32
439000,2008.DEM.VP.GORE,Al Gore to be the Democratic VP Nominee in 2008,424,6.4,Jul/23/2007 08:57:02
439000,2008.DEM.VP.GORE,Al Gore to be the Democratic VP Nominee in 2008,10,1.5,Jul/23/2007 08:57:25
439000,2008.DEM.VP.GORE,Al Gore to be the Democratic VP Nominee in 2008,10,1.5,Jul/23/2007 13:37:43
439000,2008.DEM.VP.GORE,Al Gore to be the Democratic VP Nominee in 2008,50,2.0,Jul/23/2007 16:06:17
439000,2008.DEM.VP.GORE,Al Gore to be the Democratic VP Nominee in 2008,5,1.7,Jul/23/2007 16:06:17
439000,2008.DEM.VP.GORE,Al Gore to be the Democratic VP Nominee in 2008,1,3.0,Jul/23/2007 16:06:17
439000,2008.DEM.VP.GORE,Al Gore to be the Democratic VP Nominee in 2008,1,4.0,Jul/23/2007 16:06:17
439000,2008.DEM.VP.GORE,Al Gore to be the Democratic VP Nominee in 2008,25,7.9,Jul/23/2007 16:06:17
439000,2008.DEM.VP.GORE,Al Gore to be the Democratic VP Nominee in 2008,10,1.5,Jul/23/2007 16:08:20
439000,2008.DEM.VP.GORE,Al Gore to be the Democratic VP Nominee in 2008,10,5.5,Jul/23/2007 16:08:59
439000,2008.DEM.VP.GORE,Al Gore to be the Democratic VP Nominee in 2008,17,6.0,Jul/23/2007 16:08:59
439000,2008.DEM.VP.GORE,Al Gore to be the Democratic VP Nominee in 2008,20,5.2,Jul/23/2007 16:11:30
439000,2008.DEM.VP.GORE,Al Gore to be the Democratic VP Nominee in 2008,300,5.2,Jul/23/2007 16:11:39
439000,2008.DEM.VP.GORE,Al Gore to be the Democratic VP Nominee in 2008,10,1.6,Jul/23/2007 16:11:49
439000,2008.DEM.VP.GORE,Al Gore to be the Democratic VP Nominee in 2008,10,4.9,Jul/23/2007 16:16:30
439000,2008.DEM.VP.GORE,Al Gore to be the Democratic VP Nominee in 2008,20,6.9,Jul/23/2007 16:21:21
439000,2008.DEM.VP.GORE,Al Gore to be the Democratic VP Nominee in 2008,33,6.0,Jul/23/2007 16:21:21
439000,2008.DEM.VP.GORE,Al Gore to be the Democratic VP Nominee in 2008,10,5.9,Jul/23/2007 16:21:21
439000,2008.DEM.VP.GORE,Al Gore to be the Democratic VP Nominee in 2008,10,5.4,Jul/23/2007 16:21:21
439000,2008.DEM.VP.GORE,Al Gore to be the Democratic VP Nominee in 2008,100,7.0,Jul/23/2007 16:21:21
439000,2008.DEM.VP.GORE,Al Gore to be the Democratic VP Nominee in 2008,93,5.2,Jul/23/2007 16:23:52
439000,2008.DEM.VP.GORE,Al Gore to be the Democratic VP Nominee in 2008,7,7.0,Jul/23/2007 16:23:52
439000,2008.DEM.VP.GORE,Al Gore to be the Democratic VP Nominee in 2008,239,5.2,Jul/23/2007 16:46:05
439000,2008.DEM.VP.GORE,Al Gore to be the Democratic VP Nominee in 2008,10,1.5,Jul/23/2007 16:46:15
439000,2008.DEM.VP.GORE,Al Gore to be the Democratic VP Nominee in 2008,10,4.9,Jul/23/2007 16:52:02
439000,2008.DEM.VP.GORE,Al Gore to be the Democratic VP Nominee in 2008,50,5.0,Jul/23/2007 16:52:02
439000,2008.DEM.VP.GORE,Al Gore to be the Democratic VP Nominee in 2008,3,4.3,Jul/23/2007 17:05:22
439000,2008.DEM.VP.GORE,Al Gore to be the Democratic VP Nominee in 2008,5,4.2,Jul/23/2007 17:05:42
439000,2008.DEM.VP.GORE,Al Gore to be the Democratic VP Nominee in 2008,5,4.2,Jul/23/2007 17:07:08
439000,2008.DEM.VP.GORE,Al Gore to be the Democratic VP Nominee in 2008,25,4.2,Jul/23/2007 17:17:26
439000,2008.DEM.VP.GORE,Al Gore to be the Democratic VP Nominee in 2008,10,4.2,Jul/23/2007 17:19:01
439000,2008.DEM.VP.GORE,Al Gore to be the Democratic VP Nominee in 2008,5,4.2,Jul/23/2007 17:21:24
439000,2008.DEM.VP.GORE,Al Gore to be the Democratic VP Nominee in 2008,15,4.2,Jul/23/2007 17:22:46
439000,2008.DEM.VP.GORE,Al Gore to be the Democratic VP Nominee in 2008,5,4.2,Jul/23/2007 17:51:35
439000,2008.DEM.VP.GORE,Al Gore to be the Democratic VP Nominee in 2008,65,4.2,Jul/23/2007 18:47:07
439000,2008.DEM.VP.GORE,Al Gore to be the Democratic VP Nominee in 2008,300,4.2,Jul/23/2007 18:47:20
439000,2008.DEM.VP.GORE,Al Gore to be the Democratic VP Nominee in 2008,10,1.8,Jul/23/2007 18:47:28
439000,2008.DEM.VP.GORE,Al Gore to be the Democratic VP Nominee in 2008,5,1.7,Jul/23/2007 18:47:37
439000,2008.DEM.VP.GORE,Al Gore to be the Democratic VP Nominee in 2008,5,1.7,Jul/23/2007 18:50:46
439000,2008.DEM.VP.GORE,Al Gore to be the Democratic VP Nominee in 2008,10,1.8,Jul/23/2007 18:57:44
439000,2008.DEM.VP.GORE,Al Gore to be the Democratic VP Nominee in 2008,5,1.7,Jul/23/2007 19:02:29
439000,2008.DEM.VP.GORE,Al Gore to be the Democratic VP Nominee in 2008,50,5.4,Jul/23/2007 19:03:00
439000,2008.DEM.VP.GORE,Al Gore to be the Democratic VP Nominee in 2008,10,5.3,Jul/23/2007 19:03:00
439000,2008.DEM.VP.GORE,Al Gore to be the Democratic VP Nominee in 2008,33,4.3,Jul/23/2007 19:03:00
439000,2008.DEM.VP.GORE,Al Gore to be the Democratic VP Nominee in 2008,100,5.5,Jul/23/2007 19:03:00
439000,2008.DEM.VP.GORE,Al Gore to be the Democratic VP Nominee in 2008,100,5.7,Jul/23/2007 19:03:21
439000,2008.DEM.VP.GORE,Al Gore to be the Democratic VP Nominee in 2008,10,1.8,Jul/23/2007 19:07:51
439000,2008.DEM.VP.GORE,Al Gore to be the Democratic VP Nominee in 2008,5,1.8,Jul/23/2007 19:22:02
439000,2008.DEM.VP.GORE,Al Gore to be the Democratic VP Nominee in 2008,5,1.8,Jul/23/2007 20:43:20
439000,2008.DEM.VP.GORE,Al Gore to be the Democratic VP Nominee in 2008,20,1.8,Jul/23/2007 20:48:12
439000,2008.DEM.VP.GORE,Al Gore to be the Democratic VP Nominee in 2008,20,1.7,Jul/23/2007 20:48:21
439000,2008.DEM.VP.GORE,Al Gore to be the Democratic VP Nominee in 2008,5,1.8,Jul/23/2007 23:04:46
439000,2008.DEM.VP.GORE,Al Gore to be the Democratic VP Nominee in 2008,5,1.7,Jul/23/2007 23:04:46
439000,2008.DEM.VP.GORE,Al Gore to be the Democratic VP Nominee in 2008,20,6.9,Jul/24/2007 06:54:49
439000,2008.DEM.VP.GORE,Al Gore to be the Democratic VP Nominee in 2008,100,6.7,Jul/24/2007 06:54:49
439000,2008.DEM.VP.GORE,Al Gore to be the Democratic VP Nominee in 2008,10,6.6,Jul/24/2007 06:54:49
439000,2008.DEM.VP.GORE,Al Gore to be the Democratic VP Nominee in 2008,5,6.5,Jul/24/2007 06:54:49
439000,2008.DEM.VP.GORE,Al Gore to be the Democratic VP Nominee in 2008,10,6.4,Jul/24/2007 06:54:49
439000,2008.DEM.VP.GORE,Al Gore to be the Democratic VP Nominee in 2008,10,5.9,Jul/24/2007 06:54:49
439000,2008.DEM.VP.GORE,Al Gore to be the Democratic VP Nominee in 2008,50,5.0,Jul/24/2007 06:54:49
439000,2008.DEM.VP.GORE,Al Gore to be the Democratic VP Nominee in 2008,5,4.9,Jul/24/2007 06:54:49
439000,2008.DEM.VP.GORE,Al Gore to be the Democratic VP Nominee in 2008,50,4.0,Jul/24/2007 06:54:49
439000,2008.DEM.VP.GORE,Al Gore to be the Democratic VP Nominee in 2008,20,3.9,Jul/24/2007 06:54:49
439000,2008.DEM.VP.GORE,Al Gore to be the Democratic VP Nominee in 2008,30,2.6,Jul/24/2007 06:54:49
439000,2008.DEM.VP.GORE,Al Gore to be the Democratic VP Nominee in 2008,20,4.5,Jul/24/2007 06:54:49
439000,2008.DEM.VP.GORE,Al Gore to be the Democratic VP Nominee in 2008,10,2.0,Jul/24/2007 06:54:49
439000,2008.DEM.VP.GORE,Al Gore to be the Democratic VP Nominee in 2008,100,4.4,Jul/24/2007 06:54:49
439000,2008.DEM.VP.GORE,Al Gore to be the Democratic VP Nominee in 2008,100,7.0,Jul/24/2007 06:54:49
439000,2008.DEM.VP.GORE,Al Gore to be the Democratic VP Nominee in 2008,100,10.0,Jul/24/2007 06:55:55
439000,2008.DEM.VP.GORE,Al Gore to be the Democratic VP Nominee in 2008,100,8.0,Jul/24/2007 06:55:55
439000,2008.DEM.VP.GORE,Al Gore to be the Democratic VP Nominee in 2008,25,7.9,Jul/24/2007 06:55:55
439000,2008.DEM.VP.GORE,Al Gore to be the Democratic VP Nominee in 2008,1,5.2,Jul/24/2007 06:57:40
439000,2008.DEM.VP.GORE,Al Gore to be the Democratic VP Nominee in 2008,100,5.2,Jul/24/2007 13:39:23
439000,2008.DEM.VP.GORE,Al Gore to be the Democratic VP Nominee in 2008,50,5.2,Jul/24/2007 14:20:37
439000,2008.DEM.VP.GORE,Al Gore to be the Democratic VP Nominee in 2008,5,5.2,Jul/24/2007 14:21:03
439000,2008.DEM.VP.GORE,Al Gore to be the Democratic VP Nominee in 2008,278,5.2,Jul/24/2007 17:00:09
439000,2008.DEM.VP.GORE,Al Gore to be the Democratic VP Nominee in 2008,5,2.4,Jul/24/2007 17:00:19
439000,2008.DEM.VP.GORE,Al Gore to be the Democratic VP Nominee in 2008,5,2.3,Jul/24/2007 17:50:13
439000,2008.DEM.VP.GORE,Al Gore to be the Democratic VP Nominee in 2008,50,6.0,Jul/24/2007 18:28:36
439000,2008.DEM.VP.GORE,Al Gore to be the Democratic VP Nominee in 2008,1,5.9,Jul/24/2007 18:28:36
439000,2008.DEM.VP.GORE,Al Gore to be the Democratic VP Nominee in 2008,2,6.4,Jul/24/2007 18:28:36
439000,2008.DEM.VP.GORE,Al Gore to be the Democratic VP Nominee in 2008,1,5.3,Jul/24/2007 18:28:36
439000,2008.DEM.VP.GORE,Al Gore to be the Democratic VP Nominee in 2008,20,5.3,Jul/24/2007 18:28:36
439000,2008.DEM.VP.GORE,Al Gore to be the Democratic VP Nominee in 2008,44,6.5,Jul/24/2007 18:28:36
439000,2008.DEM.VP.GORE,Al Gore to be the Democratic VP Nominee in 2008,22,6.4,Jul/24/2007 18:28:36
439000,2008.DEM.VP.GORE,Al Gore to be the Democratic VP Nominee in 2008,45,5.2,Jul/24/2007 18:32:39
439000,2008.DEM.VP.GORE,Al Gore to be the Democratic VP Nominee in 2008,5,5.2,Jul/24/2007 18:47:32
439000,2008.DEM.VP.GORE,Al Gore to be the Democratic VP Nominee in 2008,25,5.3,Jul/24/2007 19:40:28
439000,2008.DEM.VP.GORE,Al Gore to be the Democratic VP Nominee in 2008,25,5.4,Jul/24/2007 19:40:28
439000,2008.DEM.VP.GORE,Al Gore to be the Democratic VP Nominee in 2008,1,5.2,Jul/24/2007 20:23:05
439000,2008.DEM.VP.GORE,Al Gore to be the Democratic VP Nominee in 2008,1,5.5,Jul/24/2007 20:30:28
439000,2008.DEM.VP.GORE,Al Gore to be the Democratic VP Nominee in 2008,1,5.6,Jul/24/2007 20:30:28
439000,2008.DEM.VP.GORE,Al Gore to be the Democratic VP Nominee in 2008,1,5.7,Jul/24/2007 20:30:28
439000,2008.DEM.VP.GORE,Al Gore to be the Democratic VP Nominee in 2008,1,5.8,Jul/24/2007 20:30:28
439000,2008.DEM.VP.GORE,Al Gore to be the Democratic VP Nominee in 2008,1,5.9,Jul/24/2007 20:30:28
439000,2008.DEM.VP.GORE,Al Gore to be the Democratic VP Nominee in 2008,1,6.0,Jul/24/2007 20:30:28
439000,2008.DEM.VP.GORE,Al Gore to be the Democratic VP Nominee in 2008,1,6.1,Jul/24/2007 20:30:28
439000,2008.DEM.VP.GORE,Al Gore to be the Democratic VP Nominee in 2008,1,5.3,Jul/24/2007 20:30:28
439000,2008.DEM.VP.GORE,Al Gore to be the Democratic VP Nominee in 2008,1,5.4,Jul/24/2007 20:30:28
439000,2008.DEM.VP.GORE,Al Gore to be the Democratic VP Nominee in 2008,30,6.0,Jul/24/2007 20:30:28
439000,2008.DEM.VP.GORE,Al Gore to be the Democratic VP Nominee in 2008,6,6.5,Jul/24/2007 20:30:28
439000,2008.DEM.VP.GORE,Al Gore to be the Democratic VP Nominee in 2008,5,6.4,Jul/24/2007 20:30:28
439000,2008.DEM.VP.GORE,Al Gore to be the Democratic VP Nominee in 2008,1,6.2,Jul/24/2007 20:30:28
439000,2008.DEM.VP.GORE,Al Gore to be the Democratic VP Nominee in 2008,1,6.3,Jul/24/2007 20:30:28
439000,2008.DEM.VP.GORE,Al Gore to be the Democratic VP Nominee in 2008,63,6.6,Jul/24/2007 20:31:56
439000,2008.DEM.VP.GORE,Al Gore to be the Democratic VP Nominee in 2008,9,5.2,Jul/24/2007 20:47:31
439000,2008.DEM.VP.GORE,Al Gore to be the Democratic VP Nominee in 2008,400,5.2,Jul/24/2007 23:43:33
439000,2008.DEM.VP.GORE,Al Gore to be the Democratic VP Nominee in 2008,182,5.2,Jul/25/2007 02:21:08
439000,2008.DEM.VP.GORE,Al Gore to be the Democratic VP Nominee in 2008,10,3.0,Jul/25/2007 02:21:08
439000,2008.DEM.VP.GORE,Al Gore to be the Democratic VP Nominee in 2008,8,2.4,Jul/25/2007 02:21:23
439000,2008.DEM.VP.GORE,Al Gore to be the Democratic VP Nominee in 2008,1,5.3,Jul/25/2007 05:16:14
439000,2008.DEM.VP.GORE,Al Gore to be the Democratic VP Nominee in 2008,1,5.4,Jul/25/2007 05:16:14
439000,2008.DEM.VP.GORE,Al Gore to be the Democratic VP Nominee in 2008,1,5.5,Jul/25/2007 05:16:14
439000,2008.DEM.VP.GORE,Al Gore to be the Democratic VP Nominee in 2008,1,5.6,Jul/25/2007 05:16:14
439000,2008.DEM.VP.GORE,Al Gore to be the Democratic VP Nominee in 2008,1,5.7,Jul/25/2007 05:16:14
439000,2008.DEM.VP.GORE,Al Gore to be the Democratic VP Nominee in 2008,1,5.8,Jul/25/2007 05:16:14
439000,2008.DEM.VP.GORE,Al Gore to be the Democratic VP Nominee in 2008,1,5.9,Jul/25/2007 05:16:14
439000,2008.DEM.VP.GORE,Al Gore to be the Democratic VP Nominee in 2008,124,5.2,Jul/25/2007 05:16:14
439000,2008.DEM.VP.GORE,Al Gore to be the Democratic VP Nominee in 2008,10,5.2,Jul/25/2007 05:16:14
439000,2008.DEM.VP.GORE,Al Gore to be the Democratic VP Nominee in 2008,1,6.7,Jul/25/2007 05:16:14
439000,2008.DEM.VP.GORE,Al Gore to be the Democratic VP Nominee in 2008,37,6.6,Jul/25/2007 05:16:14
439000,2008.DEM.VP.GORE,Al Gore to be the Democratic VP Nominee in 2008,15,6.7,Jul/25/2007 05:16:14
439000,2008.DEM.VP.GORE,Al Gore to be the Democratic VP Nominee in 2008,1,6.5,Jul/25/2007 05:16:14
439000,2008.DEM.VP.GORE,Al Gore to be the Democratic VP Nominee in 2008,1,6.0,Jul/25/2007 05:16:14
439000,2008.DEM.VP.GORE,Al Gore to be the Democratic VP Nominee in 2008,1,6.1,Jul/25/2007 05:16:14
439000,2008.DEM.VP.GORE,Al Gore to be the Democratic VP Nominee in 2008,1,6.2,Jul/25/2007 05:16:14
439000,2008.DEM.VP.GORE,Al Gore to be the Democratic VP Nominee in 2008,1,6.3,Jul/25/2007 05:16:14
439000,2008.DEM.VP.GORE,Al Gore to be the Democratic VP Nominee in 2008,1,6.4,Jul/25/2007 05:16:14
439000,2008.DEM.VP.GORE,Al Gore to be the Democratic VP Nominee in 2008,85,6.7,Jul/25/2007 05:25:26
439000,2008.DEM.VP.GORE,Al Gore to be the Democratic VP Nominee in 2008,2,6.6,Jul/25/2007 05:25:26
439000,2008.DEM.VP.GORE,Al Gore to be the Democratic VP Nominee in 2008,100,7.0,Jul/25/2007 16:29:32
439000,2008.DEM.VP.GORE,Al Gore to be the Democratic VP Nominee in 2008,46,7.4,Jul/25/2007 16:29:32
439000,2008.DEM.VP.GORE,Al Gore to be the Democratic VP Nominee in 2008,100,7.0,Jul/25/2007 16:29:32
439000,2008.DEM.VP.GORE,Al Gore to be the Democratic VP Nominee in 2008,1,7.0,Jul/25/2007 16:29:32
439000,2008.DEM.VP.GORE,Al Gore to be the Democratic VP Nominee in 2008,1,6.8,Jul/25/2007 16:29:32
439000,2008.DEM.VP.GORE,Al Gore to be the Democratic VP Nominee in 2008,3,6.9,Jul/25/2007 16:29:32
439000,2008.DEM.VP.GORE,Al Gore to be the Democratic VP Nominee in 2008,5,6.9,Jul/25/2007 16:29:32
439000,2008.DEM.VP.GORE,Al Gore to be the Democratic VP Nominee in 2008,1,6.4,Jul/25/2007 16:29:32
439000,2008.DEM.VP.GORE,Al Gore to be the Democratic VP Nominee in 2008,2,7.4,Jul/26/2007 04:58:58
439000,2008.DEM.VP.GORE,Al Gore to be the Democratic VP Nominee in 2008,3,7.4,Jul/26/2007 04:58:58
439000,2008.DEM.VP.GORE,Al Gore to be the Democratic VP Nominee in 2008,2,7.3,Jul/26/2007 04:58:58
439000,2008.DEM.VP.GORE,Al Gore to be the Democratic VP Nominee in 2008,1,6.5,Jul/26/2007 04:58:58
439000,2008.DEM.VP.GORE,Al Gore to be the Democratic VP Nominee in 2008,2,6.9,Jul/26/2007 04:58:58
439000,2008.DEM.VP.GORE,Al Gore to be the Democratic VP Nominee in 2008,100,8.0,Jul/26/2007 04:58:58
439000,2008.DEM.VP.GORE,Al Gore to be the Democratic VP Nominee in 2008,5,7.9,Jul/26/2007 04:58:58
439000,2008.DEM.VP.GORE,Al Gore to be the Democratic VP Nominee in 2008,50,7.5,Jul/26/2007 04:58:58
439000,2008.DEM.VP.GORE,Al Gore to be the Democratic VP Nominee in 2008,80,7.7,Jul/26/2007 04:58:58
439000,2008.DEM.VP.GORE,Al Gore to be the Democratic VP Nominee in 2008,50,8.1,Jul/26/2007 04:58:58
439000,2008.DEM.VP.GORE,Al Gore to be the Democratic VP Nominee in 2008,1,8.1,Jul/26/2007 05:06:10
439000,2008.DEM.VP.GORE,Al Gore to be the Democratic VP Nominee in 2008,5,3.1,Jul/26/2007 11:08:07
439000,2008.DEM.VP.GORE,Al Gore to be the Democratic VP Nominee in 2008,10,3.0,Jul/26/2007 11:08:07
439000,2008.DEM.VP.GORE,Al Gore to be the Democratic VP Nominee in 2008,5,2.6,Jul/26/2007 11:08:07
439000,2008.DEM.VP.GORE,Al Gore to be the Democratic VP Nominee in 2008,5,2.6,Jul/26/2007 12:17:52
439000,2008.DEM.VP.GORE,Al Gore to be the Democratic VP Nominee in 2008,5,2.6,Jul/26/2007 12:45:20
439000,2008.DEM.VP.GORE,Al Gore to be the Democratic VP Nominee in 2008,5,2.6,Jul/26/2007 14:16:29
439000,2008.DEM.VP.GORE,Al Gore to be the Democratic VP Nominee in 2008,5,2.6,Jul/26/2007 14:33:29
439000,2008.DEM.VP.GORE,Al Gore to be the Democratic VP Nominee in 2008,3,2.6,Jul/26/2007 15:25:44
439000,2008.DEM.VP.GORE,Al Gore to be the Democratic VP Nominee in 2008,3,2.6,Jul/26/2007 15:25:44
439000,2008.DEM.VP.GORE,Al Gore to be the Democratic VP Nominee in 2008,5,2.6,Jul/26/2007 17:10:58
439000,2008.DEM.VP.GORE,Al Gore to be the Democratic VP Nominee in 2008,20,2.5,Jul/26/2007 17:12:17
439000,2008.DEM.VP.GORE,Al Gore to be the Democratic VP Nominee in 2008,13,2.4,Jul/26/2007 17:45:46
439000,2008.DEM.VP.GORE,Al Gore to be the Democratic VP Nominee in 2008,5,2.4,Jul/26/2007 18:39:08
439000,2008.DEM.VP.GORE,Al Gore to be the Democratic VP Nominee in 2008,5,2.4,Jul/26/2007 19:14:51
439000,2008.DEM.VP.GORE,Al Gore to be the Democratic VP Nominee in 2008,5,2.4,Jul/26/2007 19:14:51
439000,2008.DEM.VP.GORE,Al Gore to be the Democratic VP Nominee in 2008,5,2.3,Jul/26/2007 19:15:01
439000,2008.DEM.VP.GORE,Al Gore to be the Democratic VP Nominee in 2008,1,2.6,Jul/26/2007 21:00:35
439000,2008.DEM.VP.GORE,Al Gore to be the Democratic VP Nominee in 2008,5,2.4,Jul/26/2007 22:59:17
439000,2008.DEM.VP.GORE,Al Gore to be the Democratic VP Nominee in 2008,5,2.4,Jul/26/2007 22:59:17
439000,2008.DEM.VP.GORE,Al Gore to be the Democratic VP Nominee in 2008,50,2.3,Jul/26/2007 23:20:47
439000,2008.DEM.VP.GORE,Al Gore to be the Democratic VP Nominee in 2008,5,2.2,Jul/26/2007 23:20:47
439000,2008.DEM.VP.GORE,Al Gore to be the Democratic VP Nominee in 2008,15,2.2,Jul/26/2007 23:20:47
439000,2008.DEM.VP.GORE,Al Gore to be the Democratic VP Nominee in 2008,10,2.4,Jul/26/2007 23:20:47
439000,2008.DEM.VP.GORE,Al Gore to be the Democratic VP Nominee in 2008,10,2.2,Jul/26/2007 23:20:47
439000,2008.DEM.VP.GORE,Al Gore to be the Democratic VP Nominee in 2008,110,2.2,Jul/26/2007 23:30:04
439000,2008.DEM.VP.GORE,Al Gore to be the Democratic VP Nominee in 2008,4,2.6,Jul/27/2007 08:48:27
439000,2008.DEM.VP.GORE,Al Gore to be the Democratic VP Nominee in 2008,5,2.1,Jul/27/2007 11:57:11
439000,2008.DEM.VP.GORE,Al Gore to be the Democratic VP Nominee in 2008,68,8.3,Jul/30/2007 11:48:17
439000,2008.DEM.VP.GORE,Al Gore to be the Democratic VP Nominee in 2008,48,8.5,Jul/30/2007 11:48:17
439000,2008.DEM.VP.GORE,Al Gore to be the Democratic VP Nominee in 2008,99,8.1,Jul/30/2007 11:48:17
439000,2008.DEM.VP.GORE,Al Gore to be the Democratic VP Nominee in 2008,24,6.9,Jul/30/2007 11:48:17
439000,2008.DEM.VP.GORE,Al Gore to be the Democratic VP Nominee in 2008,500,6.5,Jul/30/2007 11:48:17
439000,2008.DEM.VP.GORE,Al Gore to be the Democratic VP Nominee in 2008,5,3.5,Jul/30/2007 11:48:17
439000,2008.DEM.VP.GORE,Al Gore to be the Democratic VP Nominee in 2008,5,4.0,Jul/30/2007 11:48:17
439000,2008.DEM.VP.GORE,Al Gore to be the Democratic VP Nominee in 2008,5,5.0,Jul/30/2007 11:48:17
439000,2008.DEM.VP.GORE,Al Gore to be the Democratic VP Nominee in 2008,20,6.4,Jul/30/2007 11:48:17
439000,2008.DEM.VP.GORE,Al Gore to be the Democratic VP Nominee in 2008,500,6.0,Jul/30/2007 11:48:17
439000,2008.DEM.VP.GORE,Al Gore to be the Democratic VP Nominee in 2008,56,3.0,Jul/30/2007 11:48:17
439000,2008.DEM.VP.GORE,Al Gore to be the Democratic VP Nominee in 2008,20,3.7,Jul/30/2007 11:48:17
439000,2008.DEM.VP.GORE,Al Gore to be the Democratic VP Nominee in 2008,25,2.6,Jul/30/2007 11:48:17
439000,2008.DEM.VP.GORE,Al Gore to be the Democratic VP Nominee in 2008,100,4.0,Jul/30/2007 11:48:17
439000,2008.DEM.VP.GORE,Al Gore to be the Democratic VP Nominee in 2008,5,2.9,Jul/30/2007 11:48:17
439000,2008.DEM.VP.GORE,Al Gore to be the Democratic VP Nominee in 2008,5,5.9,Jul/30/2007 11:48:17
439000,2008.DEM.VP.GORE,Al Gore to be the Democratic VP Nominee in 2008,100,9.0,Jul/30/2007 11:49:58
439000,2008.DEM.VP.GORE,Al Gore to be the Democratic VP Nominee in 2008,100,10.0,Jul/30/2007 11:49:58
439000,2008.DEM.VP.GORE,Al Gore to be the Democratic VP Nominee in 2008,25,9.5,Jul/30/2007 11:49:58
439000,2008.DEM.VP.GORE,Al Gore to be the Democratic VP Nominee in 2008,200,10.0,Jul/30/2007 11:49:58
439000,2008.DEM.VP.GORE,Al Gore to be the Democratic VP Nominee in 2008,42,9.6,Jul/30/2007 11:49:58
439000,2008.DEM.VP.GORE,Al Gore to be the Democratic VP Nominee in 2008,1000,10.0,Jul/30/2007 11:49:58
439000,2008.DEM.VP.GORE,Al Gore to be the Democratic VP Nominee in 2008,93,10.0,Jul/30/2007 11:49:58
439000,2008.DEM.VP.GORE,Al Gore to be the Democratic VP Nominee in 2008,10,2.3,Jul/30/2007 12:00:44
439000,2008.DEM.VP.GORE,Al Gore to be the Democratic VP Nominee in 2008,2448,6.2,Jul/30/2007 12:00:44
439000,2008.DEM.VP.GORE,Al Gore to be the Democratic VP Nominee in 2008,10,2.3,Jul/30/2007 12:00:44
439000,2008.DEM.VP.GORE,Al Gore to be the Democratic VP Nominee in 2008,20,6.9,Jul/30/2007 12:11:38
439000,2008.DEM.VP.GORE,Al Gore to be the Democratic VP Nominee in 2008,100,5.4,Jul/30/2007 12:12:15
439000,2008.DEM.VP.GORE,Al Gore to be the Democratic VP Nominee in 2008,5,6.2,Jul/30/2007 17:29:55
439000,2008.DEM.VP.GORE,Al Gore to be the Democratic VP Nominee in 2008,3,5.9,Jul/30/2007 17:29:55
439000,2008.DEM.VP.GORE,Al Gore to be the Democratic VP Nominee in 2008,5,6.2,Jul/30/2007 17:29:55
439000,2008.DEM.VP.GORE,Al Gore to be the Democratic VP Nominee in 2008,1,5.5,Jul/30/2007 17:29:55
439000,2008.DEM.VP.GORE,Al Gore to be the Democratic VP Nominee in 2008,20,6.8,Jul/30/2007 17:33:20
439000,2008.DEM.VP.GORE,Al Gore to be the Democratic VP Nominee in 2008,500,7.8,Jul/30/2007 17:33:20
439000,2008.DEM.VP.GORE,Al Gore to be the Democratic VP Nominee in 2008,5,7.7,Jul/30/2007 17:33:20
439000,2008.DEM.VP.GORE,Al Gore to be the Democratic VP Nominee in 2008,175,7.8,Jul/30/2007 17:33:20
439000,2008.DEM.VP.GORE,Al Gore to be the Democratic VP Nominee in 2008,10,6.4,Jul/30/2007 17:35:32
439000,2008.DEM.VP.GORE,Al Gore to be the Democratic VP Nominee in 2008,497,8.0,Jul/30/2007 21:46:24
439000,2008.DEM.VP.GORE,Al Gore to be the Democratic VP Nominee in 2008,17,7.8,Jul/30/2007 21:46:24
439000,2008.DEM.VP.GORE,Al Gore to be the Democratic VP Nominee in 2008,17,7.8,Jul/30/2007 21:46:24
439000,2008.DEM.VP.GORE,Al Gore to be the Democratic VP Nominee in 2008,34,7.8,Jul/30/2007 21:46:24
439000,2008.DEM.VP.GORE,Al Gore to be the Democratic VP Nominee in 2008,10,6.9,Jul/30/2007 21:46:24
439000,2008.DEM.VP.GORE,Al Gore to be the Democratic VP Nominee in 2008,10,7.4,Jul/30/2007 21:46:24
439000,2008.DEM.VP.GORE,Al Gore to be the Democratic VP Nominee in 2008,10,6.7,Jul/30/2007 21:46:24
439000,2008.DEM.VP.GORE,Al Gore to be the Democratic VP Nominee in 2008,5,7.7,Jul/30/2007 21:46:24
439000,2008.DEM.VP.GORE,Al Gore to be the Democratic VP Nominee in 2008,128,8.0,Jul/30/2007 21:47:10
439000,2008.DEM.VP.GORE,Al Gore to be the Democratic VP Nominee in 2008,20,8.0,Jul/30/2007 21:47:45
439000,2008.DEM.VP.GORE,Al Gore to be the Democratic VP Nominee in 2008,40,5.1,Jul/30/2007 21:52:24
439000,2008.DEM.VP.GORE,Al Gore to be the Democratic VP Nominee in 2008,20,5.0,Jul/30/2007 21:52:24
439000,2008.DEM.VP.GORE,Al Gore to be the Democratic VP Nominee in 2008,1,5.4,Jul/30/2007 21:52:24
439000,2008.DEM.VP.GORE,Al Gore to be the Democratic VP Nominee in 2008,1,2.3,Jul/30/2007 21:52:24
439000,2008.DEM.VP.GORE,Al Gore to be the Democratic VP Nominee in 2008,3,3.0,Jul/31/2007 11:00:50
439000,2008.DEM.VP.GORE,Al Gore to be the Democratic VP Nominee in 2008,2,2.8,Jul/31/2007 11:00:50
439000,2008.DEM.VP.GORE,Al Gore to be the Democratic VP Nominee in 2008,4,2.7,Jul/31/2007 12:39:42
439000,2008.DEM.VP.GORE,Al Gore to be the Democratic VP Nominee in 2008,2,2.8,Jul/31/2007 12:39:42
439000,2008.DEM.VP.GORE,Al Gore to be the Democratic VP Nominee in 2008,4,2.8,Jul/31/2007 12:39:42
439000,2008.DEM.VP.GORE,Al Gore to be the Democratic VP Nominee in 2008,5,2.7,Jul/31/2007 13:39:57
439000,2008.DEM.VP.GORE,Al Gore to be the Democratic VP Nominee in 2008,2,2.8,Jul/31/2007 15:00:45
439000,2008.DEM.VP.GORE,Al Gore to be the Democratic VP Nominee in 2008,1,2.8,Jul/31/2007 15:29:04
439000,2008.DEM.VP.GORE,Al Gore to be the Democratic VP Nominee in 2008,2,2.8,Jul/31/2007 15:29:04
439000,2008.DEM.VP.GORE,Al Gore to be the Democratic VP Nominee in 2008,2,3.0,Jul/31/2007 18:02:38
439000,2008.DEM.VP.GORE,Al Gore to be the Democratic VP Nominee in 2008,3,3.1,Jul/31/2007 18:02:38
439000,2008.DEM.VP.GORE,Al Gore to be the Democratic VP Nominee in 2008,2,3.2,Aug/01/2007 10:31:28
439000,2008.DEM.VP.GORE,Al Gore to be the Democratic VP Nominee in 2008,3,3.3,Aug/01/2007 10:31:28
439000,2008.DEM.VP.GORE,Al Gore to be the Democratic VP Nominee in 2008,2,3.3,Aug/01/2007 13:08:56
439000,2008.DEM.VP.GORE,Al Gore to be the Democratic VP Nominee in 2008,3,3.4,Aug/01/2007 13:08:56
439000,2008.DEM.VP.GORE,Al Gore to be the Democratic VP Nominee in 2008,4,3.1,Aug/01/2007 13:25:50
439000,2008.DEM.VP.GORE,Al Gore to be the Democratic VP Nominee in 2008,5,3.2,Aug/01/2007 13:25:50
439000,2008.DEM.VP.GORE,Al Gore to be the Democratic VP Nominee in 2008,1,3.3,Aug/01/2007 13:25:50
439000,2008.DEM.VP.GORE,Al Gore to be the Democratic VP Nominee in 2008,5,3.0,Aug/02/2007 10:53:37
439000,2008.DEM.VP.GORE,Al Gore to be the Democratic VP Nominee in 2008,15,3.1,Aug/02/2007 10:53:37
439000,2008.DEM.VP.GORE,Al Gore to be the Democratic VP Nominee in 2008,5,3.0,Aug/05/2007 12:09:10
439000,2008.DEM.VP.GORE,Al Gore to be the Democratic VP Nominee in 2008,5,3.0,Aug/05/2007 16:05:00
439000,2008.DEM.VP.GORE,Al Gore to be the Democratic VP Nominee in 2008,77,11.1,Aug/07/2007 09:54:27
439000,2008.DEM.VP.GORE,Al Gore to be the Democratic VP Nominee in 2008,1000,8.9,Aug/07/2007 09:54:27
439000,2008.DEM.VP.GORE,Al Gore to be the Democratic VP Nominee in 2008,2000,9.0,Aug/07/2007 09:54:27
439000,2008.DEM.VP.GORE,Al Gore to be the Democratic VP Nominee in 2008,55,6.0,Aug/07/2007 09:54:27
439000,2008.DEM.VP.GORE,Al Gore to be the Democratic VP Nominee in 2008,10,4.9,Aug/07/2007 09:54:27
439000,2008.DEM.VP.GORE,Al Gore to be the Democratic VP Nominee in 2008,5,7.8,Aug/07/2007 09:54:27
439000,2008.DEM.VP.GORE,Al Gore to be the Democratic VP Nominee in 2008,2,12.0,Aug/07/2007 09:54:27
439000,2008.DEM.VP.GORE,Al Gore to be the Democratic VP Nominee in 2008,98,12.0,Aug/07/2007 09:54:27
439000,2008.DEM.VP.GORE,Al Gore to be the Democratic VP Nominee in 2008,188,12.0,Aug/07/2007 09:54:27
439000,2008.DEM.VP.GORE,Al Gore to be the Democratic VP Nominee in 2008,965,12.0,Aug/07/2007 09:54:27
439000,2008.DEM.VP.GORE,Al Gore to be the Democratic VP Nominee in 2008,31,12.0,Aug/07/2007 10:05:51
439000,2008.DEM.VP.GORE,Al Gore to be the Democratic VP Nominee in 2008,1,10.4,Aug/07/2007 11:08:57
439000,2008.DEM.VP.GORE,Al Gore to be the Democratic VP Nominee in 2008,67,8.4,Aug/07/2007 11:08:57
439000,2008.DEM.VP.GORE,Al Gore to be the Democratic VP Nominee in 2008,73,8.4,Aug/07/2007 11:24:09
439000,2008.DEM.VP.GORE,Al Gore to be the Democratic VP Nominee in 2008,24,8.4,Aug/07/2007 11:24:09
439000,2008.DEM.VP.GORE,Al Gore to be the Democratic VP Nominee in 2008,245,8.2,Aug/07/2007 12:48:35
439000,2008.DEM.VP.GORE,Al Gore to be the Democratic VP Nominee in 2008,7,7.3,Aug/07/2007 12:48:50
439000,2008.DEM.VP.GORE,Al Gore to be the Democratic VP Nominee in 2008,543,7.2,Aug/07/2007 12:50:05
439000,2008.DEM.VP.GORE,Al Gore to be the Democratic VP Nominee in 2008,5,7.2,Aug/07/2007 14:08:54
439000,2008.DEM.VP.GORE,Al Gore to be the Democratic VP Nominee in 2008,35,7.2,Aug/07/2007 17:11:15
439000,2008.DEM.VP.GORE,Al Gore to be the Democratic VP Nominee in 2008,4,7.2,Aug/07/2007 17:23:06
439000,2008.DEM.VP.GORE,Al Gore to be the Democratic VP Nominee in 2008,5,7.4,Aug/07/2007 17:34:06
439000,2008.DEM.VP.GORE,Al Gore to be the Democratic VP Nominee in 2008,1,8.4,Aug/07/2007 18:55:41
439000,2008.DEM.VP.GORE,Al Gore to be the Democratic VP Nominee in 2008,1,7.9,Aug/07/2007 18:55:41
439000,2008.DEM.VP.GORE,Al Gore to be the Democratic VP Nominee in 2008,1,7.8,Aug/07/2007 18:55:41
439000,2008.DEM.VP.GORE,Al Gore to be the Democratic VP Nominee in 2008,1,9.4,Aug/07/2007 18:55:41
439000,2008.DEM.VP.GORE,Al Gore to be the Democratic VP Nominee in 2008,1,8.9,Aug/07/2007 18:55:41
439000,2008.DEM.VP.GORE,Al Gore to be the Democratic VP Nominee in 2008,50,8.4,Aug/07/2007 19:03:47
439000,2008.DEM.VP.GORE,Al Gore to be the Democratic VP Nominee in 2008,4,8.4,Aug/07/2007 19:08:10
439000,2008.DEM.VP.GORE,Al Gore to be the Democratic VP Nominee in 2008,60,8.4,Aug/07/2007 19:09:45
439000,2008.DEM.VP.GORE,Al Gore to be the Democratic VP Nominee in 2008,386,8.4,Aug/07/2007 19:13:05
439000,2008.DEM.VP.GORE,Al Gore to be the Democratic VP Nominee in 2008,5,7.2,Aug/08/2007 04:37:45
439000,2008.DEM.VP.GORE,Al Gore to be the Democratic VP Nominee in 2008,1,7.2,Aug/08/2007 14:35:29
439000,2008.DEM.VP.GORE,Al Gore to be the Democratic VP Nominee in 2008,90,7.3,Aug/08/2007 14:51:22
439000,2008.DEM.VP.GORE,Al Gore to be the Democratic VP Nominee in 2008,74,10.0,Aug/08/2007 14:51:22
439000,2008.DEM.VP.GORE,Al Gore to be the Democratic VP Nominee in 2008,9,8.0,Aug/08/2007 14:51:22
439000,2008.DEM.VP.GORE,Al Gore to be the Democratic VP Nominee in 2008,5,9.9,Aug/08/2007 14:51:22
439000,2008.DEM.VP.GORE,Al Gore to be the Democratic VP Nominee in 2008,1,7.9,Aug/08/2007 14:51:22
439000,2008.DEM.VP.GORE,Al Gore to be the Democratic VP Nominee in 2008,1,7.4,Aug/08/2007 14:51:22
439000,2008.DEM.VP.GORE,Al Gore to be the Democratic VP Nominee in 2008,21,9.8,Aug/08/2007 20:15:54
439000,2008.DEM.VP.GORE,Al Gore to be the Democratic VP Nominee in 2008,1,9.7,Aug/08/2007 20:15:54
439000,2008.DEM.VP.GORE,Al Gore to be the Democratic VP Nominee in 2008,1,7.9,Aug/09/2007 04:25:05
439000,2008.DEM.VP.GORE,Al Gore to be the Democratic VP Nominee in 2008,3,8.1,Aug/09/2007 15:34:55
439000,2008.DEM.VP.GORE,Al Gore to be the Democratic VP Nominee in 2008,2,8.1,Aug/09/2007 15:35:07
439000,2008.DEM.VP.GORE,Al Gore to be the Democratic VP Nominee in 2008,1,8.1,Aug/09/2007 15:37:00
439000,2008.DEM.VP.GORE,Al Gore to be the Democratic VP Nominee in 2008,1,8.1,Aug/09/2007 16:32:46
439000,2008.DEM.VP.GORE,Al Gore to be the Democratic VP Nominee in 2008,1,8.9,Aug/09/2007 20:02:37
439000,2008.DEM.VP.GORE,Al Gore to be the Democratic VP Nominee in 2008,1,8.4,Aug/09/2007 20:02:37
439000,2008.DEM.VP.GORE,Al Gore to be the Democratic VP Nominee in 2008,4,12.0,Aug/09/2007 20:02:37
439000,2008.DEM.VP.GORE,Al Gore to be the Democratic VP Nominee in 2008,99,12.0,Aug/09/2007 20:02:37
439000,2008.DEM.VP.GORE,Al Gore to be the Democratic VP Nominee in 2008,1,10.0,Aug/09/2007 20:02:37
439000,2008.DEM.VP.GORE,Al Gore to be the Democratic VP Nominee in 2008,5,10.0,Aug/09/2007 20:02:37
439000,2008.DEM.VP.GORE,Al Gore to be the Democratic VP Nominee in 2008,1,9.9,Aug/09/2007 20:02:37
439000,2008.DEM.VP.GORE,Al Gore to be the Democratic VP Nominee in 2008,1,9.8,Aug/09/2007 20:02:37
439000,2008.DEM.VP.GORE,Al Gore to be the Democratic VP Nominee in 2008,1,9.7,Aug/09/2007 20:02:37
439000,2008.DEM.VP.GORE,Al Gore to be the Democratic VP Nominee in 2008,5,11.9,Aug/09/2007 20:02:37
439000,2008.DEM.VP.GORE,Al Gore to be the Democratic VP Nominee in 2008,1,9.2,Aug/09/2007 23:58:58
439000,2008.DEM.VP.GORE,Al Gore to be the Democratic VP Nominee in 2008,9,9.1,Aug/09/2007 23:58:58
439000,2008.DEM.VP.GORE,Al Gore to be the Democratic VP Nominee in 2008,141,9.1,Aug/10/2007 03:25:04
439000,2008.DEM.VP.GORE,Al Gore to be the Democratic VP Nominee in 2008,1,9.2,Aug/10/2007 11:59:38
439000,2008.DEM.VP.GORE,Al Gore to be the Democratic VP Nominee in 2008,1,11.4,Aug/10/2007 15:00:10
439000,2008.DEM.VP.GORE,Al Gore to be the Democratic VP Nominee in 2008,1,10.8,Aug/10/2007 15:00:10
439000,2008.DEM.VP.GORE,Al Gore to be the Democratic VP Nominee in 2008,1,11.2,Aug/10/2007 15:00:10
439000,2008.DEM.VP.GORE,Al Gore to be the Democratic VP Nominee in 2008,1,9.9,Aug/10/2007 15:00:10
439000,2008.DEM.VP.GORE,Al Gore to be the Democratic VP Nominee in 2008,1,12.0,Aug/10/2007 15:00:10
439000,2008.DEM.VP.GORE,Al Gore to be the Democratic VP Nominee in 2008,1,11.9,Aug/10/2007 15:00:10
439000,2008.DEM.VP.GORE,Al Gore to be the Democratic VP Nominee in 2008,2,12.9,Aug/10/2007 15:00:10
439000,2008.DEM.VP.GORE,Al Gore to be the Democratic VP Nominee in 2008,3,13.9,Aug/10/2007 15:00:10
439000,2008.DEM.VP.GORE,Al Gore to be the Democratic VP Nominee in 2008,5,14.8,Aug/10/2007 15:00:10
439000,2008.DEM.VP.GORE,Al Gore to be the Democratic VP Nominee in 2008,5,11.5,Aug/10/2007 15:00:10
439000,2008.DEM.VP.GORE,Al Gore to be the Democratic VP Nominee in 2008,1,14.8,Aug/10/2007 15:00:10
439000,2008.DEM.VP.GORE,Al Gore to be the Democratic VP Nominee in 2008,100,12.0,Aug/10/2007 21:22:25
439000,2008.DEM.VP.GORE,Al Gore to be the Democratic VP Nominee in 2008,1,11.9,Aug/10/2007 21:22:25
439000,2008.DEM.VP.GORE,Al Gore to be the Democratic VP Nominee in 2008,49,13.5,Aug/10/2007 21:22:25
439000,2008.DEM.VP.GORE,Al Gore to be the Democratic VP Nominee in 2008,2,10.1,Aug/11/2007 15:49:07
439000,2008.DEM.VP.GORE,Al Gore to be the Democratic VP Nominee in 2008,1,12.0,Aug/11/2007 16:51:59
439000,2008.DEM.VP.GORE,Al Gore to be the Democratic VP Nominee in 2008,1,11.9,Aug/11/2007 16:51:59
439000,2008.DEM.VP.GORE,Al Gore to be the Democratic VP Nominee in 2008,7,10.2,Aug/11/2007 16:51:59
439000,2008.DEM.VP.GORE,Al Gore to be the Democratic VP Nominee in 2008,1,11.8,Aug/11/2007 16:51:59
439000,2008.DEM.VP.GORE,Al Gore to be the Democratic VP Nominee in 2008,8,10.1,Aug/11/2007 16:51:59
439000,2008.DEM.VP.GORE,Al Gore to be the Democratic VP Nominee in 2008,2,12.0,Aug/11/2007 17:19:09
439000,2008.DEM.VP.GORE,Al Gore to be the Democratic VP Nominee in 2008,2,11.5,Aug/11/2007 20:18:54
439000,2008.DEM.VP.GORE,Al Gore to be the Democratic VP Nominee in 2008,9,10.5,Aug/12/2007 17:54:04
439000,2008.DEM.VP.GORE,Al Gore to be the Democratic VP Nominee in 2008,1,10.6,Aug/12/2007 17:54:04
439000,2008.DEM.VP.GORE,Al Gore to be the Democratic VP Nominee in 2008,5,11.0,Aug/13/2007 07:50:15
439000,2008.DEM.VP.GORE,Al Gore to be the Democratic VP Nominee in 2008,1,10.9,Aug/13/2007 07:50:15
439000,2008.DEM.VP.GORE,Al Gore to be the Democratic VP Nominee in 2008,1,11.4,Aug/13/2007 07:50:15
439000,2008.DEM.VP.GORE,Al Gore to be the Democratic VP Nominee in 2008,1,11.3,Aug/13/2007 07:50:15
439000,2008.DEM.VP.GORE,Al Gore to be the Democratic VP Nominee in 2008,20,11.4,Aug/14/2007 14:25:40
439000,2008.DEM.VP.GORE,Al Gore to be the Democratic VP Nominee in 2008,1,11.5,Aug/14/2007 14:26:15
439000,2008.DEM.VP.GORE,Al Gore to be the Democratic VP Nominee in 2008,1,11.5,Aug/14/2007 14:26:28
439000,2008.DEM.VP.GORE,Al Gore to be the Democratic VP Nominee in 2008,1,11.5,Aug/14/2007 14:26:53
439000,2008.DEM.VP.GORE,Al Gore to be the Democratic VP Nominee in 2008,1,11.4,Aug/14/2007 20:10:10
439000,2008.DEM.VP.GORE,Al Gore to be the Democratic VP Nominee in 2008,20,11.4,Aug/14/2007 22:00:09
439000,2008.DEM.VP.GORE,Al Gore to be the Democratic VP Nominee in 2008,10,11.4,Aug/14/2007 22:00:45
439000,2008.DEM.VP.GORE,Al Gore to be the Democratic VP Nominee in 2008,19,11.4,Aug/14/2007 22:06:03
439000,2008.DEM.VP.GORE,Al Gore to be the Democratic VP Nominee in 2008,10,3.3,Aug/16/2007 11:45:16
439000,2008.DEM.VP.GORE,Al Gore to be the Democratic VP Nominee in 2008,9713,2.0,Aug/16/2007 11:45:16
439000,2008.DEM.VP.GORE,Al Gore to be the Democratic VP Nominee in 2008,5,3.4,Aug/16/2007 11:45:16
439000,2008.DEM.VP.GORE,Al Gore to be the Democratic VP Nominee in 2008,15,2.1,Aug/16/2007 11:45:16
439000,2008.DEM.VP.GORE,Al Gore to be the Democratic VP Nominee in 2008,5,5.2,Aug/16/2007 11:45:16
439000,2008.DEM.VP.GORE,Al Gore to be the Democratic VP Nominee in 2008,5,2.1,Aug/16/2007 11:45:16
439000,2008.DEM.VP.GORE,Al Gore to be the Democratic VP Nominee in 2008,20,5.6,Aug/16/2007 11:45:16
439000,2008.DEM.VP.GORE,Al Gore to be the Democratic VP Nominee in 2008,1,9.8,Aug/16/2007 11:45:16
439000,2008.DEM.VP.GORE,Al Gore to be the Democratic VP Nominee in 2008,1,5.7,Aug/16/2007 11:45:16
439000,2008.DEM.VP.GORE,Al Gore to be the Democratic VP Nominee in 2008,5,5.1,Aug/16/2007 11:45:16
439000,2008.DEM.VP.GORE,Al Gore to be the Democratic VP Nominee in 2008,100,3.0,Aug/16/2007 11:45:16
439000,2008.DEM.VP.GORE,Al Gore to be the Democratic VP Nominee in 2008,47,4.0,Aug/16/2007 11:45:16
439000,2008.DEM.VP.GORE,Al Gore to be the Democratic VP Nominee in 2008,73,3.5,Aug/16/2007 11:45:16
439000,2008.DEM.VP.GORE,Al Gore to be the Democratic VP Nominee in 2008,287,2.0,Aug/16/2007 11:45:48
439000,2008.DEM.VP.GORE,Al Gore to be the Democratic VP Nominee in 2008,6062,2.0,Aug/16/2007 11:45:48
439000,2008.DEM.VP.GORE,Al Gore to be the Democratic VP Nominee in 2008,1851,2.0,Aug/16/2007 11:45:48
439000,2008.DEM.VP.GORE,Al Gore to be the Democratic VP Nominee in 2008,113,2.0,Aug/16/2007 11:46:33
439000,2008.DEM.VP.GORE,Al Gore to be the Democratic VP Nominee in 2008,3,5.0,Aug/16/2007 20:34:09
439000,2008.DEM.VP.GORE,Al Gore to be the Democratic VP Nominee in 2008,4,4.0,Aug/17/2007 05:06:04
439000,2008.DEM.VP.GORE,Al Gore to be the Democratic VP Nominee in 2008,20,3.5,Aug/17/2007 05:06:04
439000,2008.DEM.VP.GORE,Al Gore to be the Democratic VP Nominee in 2008,14,4.1,Aug/17/2007 05:06:04
439000,2008.DEM.VP.GORE,Al Gore to be the Democratic VP Nominee in 2008,7,4.2,Aug/17/2007 05:06:04
439000,2008.DEM.VP.GORE,Al Gore to be the Democratic VP Nominee in 2008,3,4.0,Aug/20/2007 05:30:38
439000,2008.DEM.VP.GORE,Al Gore to be the Democratic VP Nominee in 2008,3,3.3,Aug/20/2007 14:16:29
439000,2008.DEM.VP.GORE,Al Gore to be the Democratic VP Nominee in 2008,8,3.3,Aug/20/2007 14:16:29
439000,2008.DEM.VP.GORE,Al Gore to be the Democratic VP Nominee in 2008,7,3.2,Aug/20/2007 14:17:46
439000,2008.DEM.VP.GORE,Al Gore to be the Democratic VP Nominee in 2008,25,3.3,Aug/20/2007 14:17:46
439000,2008.DEM.VP.GORE,Al Gore to be the Democratic VP Nominee in 2008,1,3.9,Aug/20/2007 19:59:03
439000,2008.DEM.VP.GORE,Al Gore to be the Democratic VP Nominee in 2008,2,4.4,Aug/22/2007 00:25:58
439000,2008.DEM.VP.GORE,Al Gore to be the Democratic VP Nominee in 2008,1,4.9,Aug/22/2007 22:58:47
439000,2008.DEM.VP.GORE,Al Gore to be the Democratic VP Nominee in 2008,2,4.9,Aug/22/2007 22:58:47
439000,2008.DEM.VP.GORE,Al Gore to be the Democratic VP Nominee in 2008,3,4.5,Aug/23/2007 04:22:57
439000,2008.DEM.VP.GORE,Al Gore to be the Democratic VP Nominee in 2008,58,4.4,Aug/31/2007 14:38:37
439000,2008.DEM.VP.GORE,Al Gore to be the Democratic VP Nominee in 2008,10,4.6,Aug/31/2007 14:38:37
439000,2008.DEM.VP.GORE,Al Gore to be the Democratic VP Nominee in 2008,61,4.5,Aug/31/2007 14:38:37
439000,2008.DEM.VP.GORE,Al Gore to be the Democratic VP Nominee in 2008,1,4.8,Sep/03/2007 01:10:23
439000,2008.DEM.VP.GORE,Al Gore to be the Democratic VP Nominee in 2008,5,4.8,Sep/03/2007 01:10:23
439000,2008.DEM.VP.GORE,Al Gore to be the Democratic VP Nominee in 2008,5,4.9,Sep/03/2007 01:10:48
439000,2008.DEM.VP.GORE,Al Gore to be the Democratic VP Nominee in 2008,2,4.9,Sep/03/2007 01:10:48
439000,2008.DEM.VP.GORE,Al Gore to be the Democratic VP Nominee in 2008,50,5.0,Sep/03/2007 08:46:28
439000,2008.DEM.VP.GORE,Al Gore to be the Democratic VP Nominee in 2008,14,7.8,Sep/03/2007 08:46:28
439000,2008.DEM.VP.GORE,Al Gore to be the Democratic VP Nominee in 2008,9,7.7,Sep/03/2007 08:46:28
439000,2008.DEM.VP.GORE,Al Gore to be the Democratic VP Nominee in 2008,7,7.9,Sep/03/2007 08:46:28
439000,2008.DEM.VP.GORE,Al Gore to be the Democratic VP Nominee in 2008,1,7.5,Sep/03/2007 08:46:28
439000,2008.DEM.VP.GORE,Al Gore to be the Democratic VP Nominee in 2008,3,7.6,Sep/03/2007 08:46:28
439000,2008.DEM.VP.GORE,Al Gore to be the Democratic VP Nominee in 2008,6,6.0,Sep/03/2007 08:46:28
439000,2008.DEM.VP.GORE,Al Gore to be the Democratic VP Nominee in 2008,5,7.5,Sep/03/2007 08:46:28
439000,2008.DEM.VP.GORE,Al Gore to be the Democratic VP Nominee in 2008,50,5.1,Sep/03/2007 08:46:28
439000,2008.DEM.VP.GORE,Al Gore to be the Democratic VP Nominee in 2008,50,5.2,Sep/03/2007 08:46:28
439000,2008.DEM.VP.GORE,Al Gore to be the Democratic VP Nominee in 2008,5,5.9,Sep/03/2007 08:46:28
439000,2008.DEM.VP.GORE,Al Gore to be the Democratic VP Nominee in 2008,94,12.0,Sep/03/2007 08:47:27
439000,2008.DEM.VP.GORE,Al Gore to be the Democratic VP Nominee in 2008,4,11.5,Sep/03/2007 08:47:27
439000,2008.DEM.VP.GORE,Al Gore to be the Democratic VP Nominee in 2008,33,11.4,Sep/03/2007 08:47:27
439000,2008.DEM.VP.GORE,Al Gore to be the Democratic VP Nominee in 2008,1,11.0,Sep/03/2007 08:47:27
439000,2008.DEM.VP.GORE,Al Gore to be the Democratic VP Nominee in 2008,33,10.9,Sep/03/2007 08:47:27
439000,2008.DEM.VP.GORE,Al Gore to be the Democratic VP Nominee in 2008,13,7.9,Sep/03/2007 08:47:27
439000,2008.DEM.VP.GORE,Al Gore to be the Democratic VP Nominee in 2008,12,7.9,Sep/03/2007 08:47:27
439000,2008.DEM.VP.GORE,Al Gore to be the Democratic VP Nominee in 2008,5,11.9,Sep/03/2007 08:47:27
439000,2008.DEM.VP.GORE,Al Gore to be the Democratic VP Nominee in 2008,5,10.8,Sep/03/2007 08:47:27
439000,2008.DEM.VP.GORE,Al Gore to be the Democratic VP Nominee in 2008,90,15.0,Sep/03/2007 08:48:19
439000,2008.DEM.VP.GORE,Al Gore to be the Democratic VP Nominee in 2008,51,13.5,Sep/03/2007 08:48:19
439000,2008.DEM.VP.GORE,Al Gore to be the Democratic VP Nominee in 2008,53,13.4,Sep/03/2007 08:48:19
439000,2008.DEM.VP.GORE,Al Gore to be the Democratic VP Nominee in 2008,6,12.0,Sep/03/2007 08:48:19
439000,2008.DEM.VP.GORE,Al Gore to be the Democratic VP Nominee in 2008,9,15.0,Sep/03/2007 08:49:10
439000,2008.DEM.VP.GORE,Al Gore to be the Democratic VP Nominee in 2008,1,4.9,Sep/03/2007 13:14:00
439000,2008.DEM.VP.GORE,Al Gore to be the Democratic VP Nominee in 2008,23,14.9,Sep/03/2007 14:44:25
439000,2008.DEM.VP.GORE,Al Gore to be the Democratic VP Nominee in 2008,10,9.9,Sep/03/2007 14:44:25
439000,2008.DEM.VP.GORE,Al Gore to be the Democratic VP Nominee in 2008,20,11.9,Sep/03/2007 14:44:25
439000,2008.DEM.VP.GORE,Al Gore to be the Democratic VP Nominee in 2008,30,13.9,Sep/03/2007 14:44:25
439000,2008.DEM.VP.GORE,Al Gore to be the Democratic VP Nominee in 2008,5,11.8,Sep/03/2007 14:44:25
439000,2008.DEM.VP.GORE,Al Gore to be the Democratic VP Nominee in 2008,80,10.0,Sep/03/2007 14:57:43
439000,2008.DEM.VP.GORE,Al Gore to be the Democratic VP Nominee in 2008,3,9.9,Sep/03/2007 14:57:43
439000,2008.DEM.VP.GORE,Al Gore to be the Democratic VP Nominee in 2008,493,11.0,Sep/03/2007 19:45:20
439000,2008.DEM.VP.GORE,Al Gore to be the Democratic VP Nominee in 2008,2,10.5,Sep/03/2007 19:45:20
439000,2008.DEM.VP.GORE,Al Gore to be the Democratic VP Nominee in 2008,3,10.9,Sep/03/2007 19:45:20
439000,2008.DEM.VP.GORE,Al Gore to be the Democratic VP Nominee in 2008,2,9.9,Sep/03/2007 19:45:20
439000,2008.DEM.VP.GORE,Al Gore to be the Democratic VP Nominee in 2008,10,5.6,Sep/03/2007 20:16:57
439000,2008.DEM.VP.GORE,Al Gore to be the Democratic VP Nominee in 2008,7,11.0,Sep/03/2007 22:08:51
439000,2008.DEM.VP.GORE,Al Gore to be the Democratic VP Nominee in 2008,182,11.9,Sep/03/2007 22:08:51
439000,2008.DEM.VP.GORE,Al Gore to be the Democratic VP Nominee in 2008,1,11.0,Sep/03/2007 22:08:51
439000,2008.DEM.VP.GORE,Al Gore to be the Democratic VP Nominee in 2008,10,10.0,Sep/03/2007 22:08:51
439000,2008.DEM.VP.GORE,Al Gore to be the Democratic VP Nominee in 2008,72,12.0,Sep/03/2007 22:11:24
439000,2008.DEM.VP.GORE,Al Gore to be the Democratic VP Nominee in 2008,18,11.9,Sep/03/2007 22:11:24
439000,2008.DEM.VP.GORE,Al Gore to be the Democratic VP Nominee in 2008,10,11.5,Sep/03/2007 22:11:24
439000,2008.DEM.VP.GORE,Al Gore to be the Democratic VP Nominee in 2008,5,11.8,Sep/03/2007 23:42:35
439000,2008.DEM.VP.GORE,Al Gore to be the Democratic VP Nominee in 2008,95,11.8,Sep/04/2007 01:49:43
439000,2008.DEM.VP.GORE,Al Gore to be the Democratic VP Nominee in 2008,2,6.5,Sep/04/2007 23:53:28
439000,2008.DEM.VP.GORE,Al Gore to be the Democratic VP Nominee in 2008,1,7.2,Sep/04/2007 23:53:28
439000,2008.DEM.VP.GORE,Al Gore to be the Democratic VP Nominee in 2008,5,7.5,Sep/04/2007 23:53:28
439000,2008.DEM.VP.GORE,Al Gore to be the Democratic VP Nominee in 2008,5,8.0,Sep/05/2007 03:05:44
439000,2008.DEM.VP.GORE,Al Gore to be the Democratic VP Nominee in 2008,5,8.0,Sep/06/2007 23:38:16
439000,2008.DEM.VP.GORE,Al Gore to be the Democratic VP Nominee in 2008,1,6.7,Sep/13/2007 15:13:59
439000,2008.DEM.VP.GORE,Al Gore to be the Democratic VP Nominee in 2008,4,6.8,Sep/13/2007 15:13:59
439000,2008.DEM.VP.GORE,Al Gore to be the Democratic VP Nominee in 2008,1,6.7,Sep/13/2007 15:14:39
439000,2008.DEM.VP.GORE,Al Gore to be the Democratic VP Nominee in 2008,2,7.0,Sep/18/2007 05:35:58
439000,2008.DEM.VP.GORE,Al Gore to be the Democratic VP Nominee in 2008,3,7.0,Sep/19/2007 04:34:56
439000,2008.DEM.VP.GORE,Al Gore to be the Democratic VP Nominee in 2008,2,6.6,Sep/20/2007 14:36:47
439000,2008.DEM.VP.GORE,Al Gore to be the Democratic VP Nominee in 2008,1,7.1,Sep/20/2007 14:36:47
439000,2008.DEM.VP.GORE,Al Gore to be the Democratic VP Nominee in 2008,5,5.6,Sep/22/2007 15:51:47
439000,2008.DEM.VP.GORE,Al Gore to be the Democratic VP Nominee in 2008,4,5.6,Sep/22/2007 15:51:47
439000,2008.DEM.VP.GORE,Al Gore to be the Democratic VP Nominee in 2008,3,5.7,Sep/24/2007 16:16:06
439000,2008.DEM.VP.GORE,Al Gore to be the Democratic VP Nominee in 2008,3,5.7,Sep/24/2007 17:03:43
439000,2008.DEM.VP.GORE,Al Gore to be the Democratic VP Nominee in 2008,2,9.4,Sep/25/2007 08:08:21
439000,2008.DEM.VP.GORE,Al Gore to be the Democratic VP Nominee in 2008,3,9.7,Sep/25/2007 08:08:21
439000,2008.DEM.VP.GORE,Al Gore to be the Democratic VP Nominee in 2008,5,9.9,Sep/25/2007 08:08:21
439000,2008.DEM.VP.GORE,Al Gore to be the Democratic VP Nominee in 2008,1,9.1,Sep/25/2007 08:08:21
439000,2008.DEM.VP.GORE,Al Gore to be the Democratic VP Nominee in 2008,3,9.0,Sep/25/2007 08:08:21
439000,2008.DEM.VP.GORE,Al Gore to be the Democratic VP Nominee in 2008,81,10.0,Sep/25/2007 08:08:21
439000,2008.DEM.VP.GORE,Al Gore to be the Democratic VP Nominee in 2008,5,6.5,Sep/25/2007 08:08:21
439000,2008.DEM.VP.GORE,Al Gore to be the Democratic VP Nominee in 2008,100,9.9,Sep/25/2007 08:08:21
439000,2008.DEM.VP.GORE,Al Gore to be the Democratic VP Nominee in 2008,50,12.0,Sep/25/2007 08:09:16
439000,2008.DEM.VP.GORE,Al Gore to be the Democratic VP Nominee in 2008,1,10.8,Sep/25/2007 08:09:16
439000,2008.DEM.VP.GORE,Al Gore to be the Democratic VP Nominee in 2008,19,10.0,Sep/25/2007 08:09:16
439000,2008.DEM.VP.GORE,Al Gore to be the Democratic VP Nominee in 2008,5,11.9,Sep/25/2007 08:09:16
439000,2008.DEM.VP.GORE,Al Gore to be the Democratic VP Nominee in 2008,55,12.5,Sep/25/2007 08:14:54
439000,2008.DEM.VP.GORE,Al Gore to be the Democratic VP Nominee in 2008,20,13.5,Sep/25/2007 08:16:08
439000,2008.DEM.VP.GORE,Al Gore to be the Democratic VP Nominee in 2008,2,13.5,Sep/25/2007 08:17:06
439000,2008.DEM.VP.GORE,Al Gore to be the Democratic VP Nominee in 2008,5,5.9,Sep/26/2007 00:19:10
439000,2008.DEM.VP.GORE,Al Gore to be the Democratic VP Nominee in 2008,500,8.5,Sep/26/2007 06:22:21
439000,2008.DEM.VP.GORE,Al Gore to be the Democratic VP Nominee in 2008,5,7.0,Sep/26/2007 16:27:05
439000,2008.DEM.VP.GORE,Al Gore to be the Democratic VP Nominee in 2008,1,7.1,Sep/26/2007 17:54:55
439000,2008.DEM.VP.GORE,Al Gore to be the Democratic VP Nominee in 2008,2,10.0,Sep/28/2007 04:03:11
439000,2008.DEM.VP.GORE,Al Gore to be the Democratic VP Nominee in 2008,1,9.2,Sep/28/2007 04:03:11
439000,2008.DEM.VP.GORE,Al Gore to be the Democratic VP Nominee in 2008,478,10.0,Sep/28/2007 04:03:11
439000,2008.DEM.VP.GORE,Al Gore to be the Democratic VP Nominee in 2008,4,9.9,Sep/28/2007 04:03:11
439000,2008.DEM.VP.GORE,Al Gore to be the Democratic VP Nominee in 2008,1,9.8,Sep/28/2007 04:03:11
439000,2008.DEM.VP.GORE,Al Gore to be the Democratic VP Nominee in 2008,1,9.9,Sep/28/2007 04:03:11
439000,2008.DEM.VP.GORE,Al Gore to be the Democratic VP Nominee in 2008,5,8.9,Sep/28/2007 04:03:11
439000,2008.DEM.VP.GORE,Al Gore to be the Democratic VP Nominee in 2008,15,8.9,Sep/28/2007 04:03:11
439000,2008.DEM.VP.GORE,Al Gore to be the Democratic VP Nominee in 2008,1,7.9,Sep/28/2007 04:03:11
439000,2008.DEM.VP.GORE,Al Gore to be the Democratic VP Nominee in 2008,10,7.9,Sep/28/2007 04:03:11
439000,2008.DEM.VP.GORE,Al Gore to be the Democratic VP Nominee in 2008,2,7.5,Sep/28/2007 04:03:11
439000,2008.DEM.VP.GORE,Al Gore to be the Democratic VP Nominee in 2008,2,8.9,Sep/28/2007 15:42:22
439000,2008.DEM.VP.GORE,Al Gore to be the Democratic VP Nominee in 2008,487,10.5,Sep/28/2007 15:42:22
439000,2008.DEM.VP.GORE,Al Gore to be the Democratic VP Nominee in 2008,1,9.7,Sep/28/2007 15:42:22
439000,2008.DEM.VP.GORE,Al Gore to be the Democratic VP Nominee in 2008,5,10.4,Sep/28/2007 15:42:22
439000,2008.DEM.VP.GORE,Al Gore to be the Democratic VP Nominee in 2008,5,8.6,Sep/28/2007 15:42:22
439000,2008.DEM.VP.GORE,Al Gore to be the Democratic VP Nominee in 2008,5,9.9,Sep/30/2007 02:56:00
439000,2008.DEM.VP.GORE,Al Gore to be the Democratic VP Nominee in 2008,90,10.0,Sep/30/2007 02:56:00
439000,2008.DEM.VP.GORE,Al Gore to be the Democratic VP Nominee in 2008,5,9.6,Sep/30/2007 02:56:00
439000,2008.DEM.VP.GORE,Al Gore to be the Democratic VP Nominee in 2008,72,9.8,Sep/30/2007 02:56:00
439000,2008.DEM.VP.GORE,Al Gore to be the Democratic VP Nominee in 2008,1,7.4,Sep/30/2007 05:30:17
439000,2008.DEM.VP.GORE,Al Gore to be the Democratic VP Nominee in 2008,4,7.4,Sep/30/2007 05:30:17
439000,2008.DEM.VP.GORE,Al Gore to be the Democratic VP Nominee in 2008,1,7.2,Sep/30/2007 05:31:13
439000,2008.DEM.VP.GORE,Al Gore to be the Democratic VP Nominee in 2008,5,7.1,Sep/30/2007 05:31:13
439000,2008.DEM.VP.GORE,Al Gore to be the Democratic VP Nominee in 2008,78,13.5,Oct/01/2007 11:44:54
439000,2008.DEM.VP.GORE,Al Gore to be the Democratic VP Nominee in 2008,100,14.0,Oct/01/2007 11:44:54
439000,2008.DEM.VP.GORE,Al Gore to be the Democratic VP Nominee in 2008,97,15.0,Oct/01/2007 11:44:54
439000,2008.DEM.VP.GORE,Al Gore to be the Democratic VP Nominee in 2008,1,12.5,Oct/01/2007 11:44:54
439000,2008.DEM.VP.GORE,Al Gore to be the Democratic VP Nominee in 2008,10,10.0,Oct/01/2007 11:44:54
439000,2008.DEM.VP.GORE,Al Gore to be the Democratic VP Nominee in 2008,500,11.0,Oct/01/2007 11:44:54
439000,2008.DEM.VP.GORE,Al Gore to be the Democratic VP Nominee in 2008,2,9.6,Oct/01/2007 11:44:54
439000,2008.DEM.VP.GORE,Al Gore to be the Democratic VP Nominee in 2008,1,9.6,Oct/01/2007 11:44:54
439000,2008.DEM.VP.GORE,Al Gore to be the Democratic VP Nominee in 2008,1,9.2,Oct/01/2007 11:44:54
439000,2008.DEM.VP.GORE,Al Gore to be the Democratic VP Nominee in 2008,5,10.9,Oct/01/2007 11:44:54
439000,2008.DEM.VP.GORE,Al Gore to be the Democratic VP Nominee in 2008,2,15.0,Oct/01/2007 11:46:28
439000,2008.DEM.VP.GORE,Al Gore to be the Democratic VP Nominee in 2008,220,13.0,Oct/01/2007 12:19:55
439000,2008.DEM.VP.GORE,Al Gore to be the Democratic VP Nominee in 2008,276,13.0,Oct/01/2007 14:01:10
439000,2008.DEM.VP.GORE,Al Gore to be the Democratic VP Nominee in 2008,2,12.9,Oct/01/2007 14:01:10
439000,2008.DEM.VP.GORE,Al Gore to be the Democratic VP Nominee in 2008,2,12.6,Oct/01/2007 14:01:10
439000,2008.DEM.VP.GORE,Al Gore to be the Democratic VP Nominee in 2008,100,12.9,Oct/01/2007 15:51:41
439000,2008.DEM.VP.GORE,Al Gore to be the Democratic VP Nominee in 2008,500,12.9,Oct/01/2007 15:51:41
439000,2008.DEM.VP.GORE,Al Gore to be the Democratic VP Nominee in 2008,10,10.0,Oct/01/2007 18:40:17
439000,2008.DEM.VP.GORE,Al Gore to be the Democratic VP Nominee in 2008,20,10.0,Oct/01/2007 20:02:47
439000,2008.DEM.VP.GORE,Al Gore to be the Democratic VP Nominee in 2008,50,11.0,Oct/02/2007 17:53:41
439000,2008.DEM.VP.GORE,Al Gore to be the Democratic VP Nominee in 2008,230,10.0,Oct/02/2007 17:54:35
439000,2008.DEM.VP.GORE,Al Gore to be the Democratic VP Nominee in 2008,10,10.0,Oct/02/2007 23:10:54
439000,2008.DEM.VP.GORE,Al Gore to be the Democratic VP Nominee in 2008,12,11.2,Oct/03/2007 16:32:08
439000,2008.DEM.VP.GORE,Al Gore to be the Democratic VP Nominee in 2008,80,14.4,Oct/04/2007 11:41:24
439000,2008.DEM.VP.GORE,Al Gore to be the Democratic VP Nominee in 2008,100,15.0,Oct/04/2007 11:41:24
439000,2008.DEM.VP.GORE,Al Gore to be the Democratic VP Nominee in 2008,3,13.4,Oct/04/2007 11:41:24
439000,2008.DEM.VP.GORE,Al Gore to be the Democratic VP Nominee in 2008,12,13.2,Oct/04/2007 11:41:24
439000,2008.DEM.VP.GORE,Al Gore to be the Democratic VP Nominee in 2008,505,15.0,Oct/04/2007 14:56:52
439000,2008.DEM.VP.GORE,Al Gore to be the Democratic VP Nominee in 2008,8,10.5,Oct/04/2007 23:28:56
439000,2008.DEM.VP.GORE,Al Gore to be the Democratic VP Nominee in 2008,1,12.5,Oct/08/2007 17:56:08
439000,2008.DEM.VP.GORE,Al Gore to be the Democratic VP Nominee in 2008,1,11.4,Oct/08/2007 17:56:08
439000,2008.DEM.VP.GORE,Al Gore to be the Democratic VP Nominee in 2008,1,12.9,Oct/09/2007 04:52:27
439000,2008.DEM.VP.GORE,Al Gore to be the Democratic VP Nominee in 2008,1,12.9,Oct/09/2007 23:19:30
439000,2008.DEM.VP.GORE,Al Gore to be the Democratic VP Nominee in 2008,5,12.9,Oct/10/2007 03:31:02
439000,2008.DEM.VP.GORE,Al Gore to be the Democratic VP Nominee in 2008,9,12.9,Oct/10/2007 05:52:42
439000,2008.DEM.VP.GORE,Al Gore to be the Democratic VP Nominee in 2008,10,13.0,Oct/10/2007 14:24:37
439000,2008.DEM.VP.GORE,Al Gore to be the Democratic VP Nominee in 2008,32,12.9,Oct/10/2007 18:40:04
439000,2008.DEM.VP.GORE,Al Gore to be the Democratic VP Nominee in 2008,5,10.0,Oct/10/2007 18:41:57
439000,2008.DEM.VP.GORE,Al Gore to be the Democratic VP Nominee in 2008,95,10.0,Oct/10/2007 18:53:52
439000,2008.DEM.VP.GORE,Al Gore to be the Democratic VP Nominee in 2008,1,9.8,Oct/11/2007 12:10:43
439000,2008.DEM.VP.GORE,Al Gore to be the Democratic VP Nominee in 2008,9,8.9,Oct/11/2007 12:12:00
439000,2008.DEM.VP.GORE,Al Gore to be the Democratic VP Nominee in 2008,1,8.8,Oct/12/2007 15:17:31
439000,2008.DEM.VP.GORE,Al Gore to be the Democratic VP Nominee in 2008,2,6.5,Oct/12/2007 15:17:42
439000,2008.DEM.VP.GORE,Al Gore to be the Democratic VP Nominee in 2008,1,7.0,Oct/12/2007 15:17:42
439000,2008.DEM.VP.GORE,Al Gore to be the Democratic VP Nominee in 2008,2,5.8,Oct/12/2007 15:19:28
439000,2008.DEM.VP.GORE,Al Gore to be the Democratic VP Nominee in 2008,10,13.0,Oct/13/2007 16:38:02
439000,2008.DEM.VP.GORE,Al Gore to be the Democratic VP Nominee in 2008,5,10.0,Oct/13/2007 16:38:02
439000,2008.DEM.VP.GORE,Al Gore to be the Democratic VP Nominee in 2008,10,13.7,Oct/13/2007 16:38:02
439000,2008.DEM.VP.GORE,Al Gore to be the Democratic VP Nominee in 2008,3,15.3,Oct/13/2007 16:39:00
439000,2008.DEM.VP.GORE,Al Gore to be the Democratic VP Nominee in 2008,4,15.8,Oct/13/2007 16:39:48
439000,2008.DEM.VP.GORE,Al Gore to be the Democratic VP Nominee in 2008,1,7.0,Oct/13/2007 20:39:14
439000,2008.DEM.VP.GORE,Al Gore to be the Democratic VP Nominee in 2008,5,6.1,Oct/13/2007 20:39:14
439000,2008.DEM.VP.GORE,Al Gore to be the Democratic VP Nominee in 2008,1,14.0,Oct/14/2007 16:14:02
439000,2008.DEM.VP.GORE,Al Gore to be the Democratic VP Nominee in 2008,10,13.8,Oct/14/2007 16:14:02
439000,2008.DEM.VP.GORE,Al Gore to be the Democratic VP Nominee in 2008,97,15.0,Oct/14/2007 16:14:02
439000,2008.DEM.VP.GORE,Al Gore to be the Democratic VP Nominee in 2008,1,13.5,Oct/14/2007 16:14:02
439000,2008.DEM.VP.GORE,Al Gore to be the Democratic VP Nominee in 2008,3,14.9,Oct/14/2007 16:14:02
439000,2008.DEM.VP.GORE,Al Gore to be the Democratic VP Nominee in 2008,2,13.7,Oct/14/2007 16:14:02
439000,2008.DEM.VP.GORE,Al Gore to be the Democratic VP Nominee in 2008,1,7.5,Oct/15/2007 00:16:19
439000,2008.DEM.VP.GORE,Al Gore to be the Democratic VP Nominee in 2008,1,13.6,Oct/15/2007 21:22:52
439000,2008.DEM.VP.GORE,Al Gore to be the Democratic VP Nominee in 2008,10,13.4,Oct/15/2007 21:22:52
439000,2008.DEM.VP.GORE,Al Gore to be the Democratic VP Nominee in 2008,1,14.8,Oct/15/2007 21:22:52
439000,2008.DEM.VP.GORE,Al Gore to be the Democratic VP Nominee in 2008,3,15.0,Oct/15/2007 21:22:52
439000,2008.DEM.VP.GORE,Al Gore to be the Democratic VP Nominee in 2008,1,15.8,Oct/15/2007 21:24:52
439000,2008.DEM.VP.GORE,Al Gore to be the Democratic VP Nominee in 2008,5,7.0,Oct/15/2007 22:44:05
439000,2008.DEM.VP.GORE,Al Gore to be the Democratic VP Nominee in 2008,1,8.0,Oct/15/2007 22:44:05
439000,2008.DEM.VP.GORE,Al Gore to be the Democratic VP Nominee in 2008,5,10.0,Oct/17/2007 04:39:55
439000,2008.DEM.VP.GORE,Al Gore to be the Democratic VP Nominee in 2008,5,10.0,Oct/17/2007 12:10:14
439000,2008.DEM.VP.GORE,Al Gore to be the Democratic VP Nominee in 2008,90,10.0,Oct/17/2007 13:39:10
439000,2008.DEM.VP.GORE,Al Gore to be the Democratic VP Nominee in 2008,1,7.2,Oct/18/2007 01:10:03
439000,2008.DEM.VP.GORE,Al Gore to be the Democratic VP Nominee in 2008,4,7.4,Oct/18/2007 01:10:03
439000,2008.DEM.VP.GORE,Al Gore to be the Democratic VP Nominee in 2008,10,7.6,Oct/18/2007 09:44:34
439000,2008.DEM.VP.GORE,Al Gore to be the Democratic VP Nominee in 2008,1,9.5,Oct/21/2007 06:11:28
439000,2008.DEM.VP.GORE,Al Gore to be the Democratic VP Nominee in 2008,2,9.2,Oct/21/2007 06:11:28
439000,2008.DEM.VP.GORE,Al Gore to be the Democratic VP Nominee in 2008,2,9.1,Oct/21/2007 06:11:28
439000,2008.DEM.VP.GORE,Al Gore to be the Democratic VP Nominee in 2008,9,9.6,Oct/21/2007 06:11:28
439000,2008.DEM.VP.GORE,Al Gore to be the Democratic VP Nominee in 2008,10,8.9,Oct/21/2007 06:11:28
439000,2008.DEM.VP.GORE,Al Gore to be the Democratic VP Nominee in 2008,1,8.8,Oct/21/2007 06:11:28
439000,2008.DEM.VP.GORE,Al Gore to be the Democratic VP Nominee in 2008,1,10.1,Oct/21/2007 06:12:21
439000,2008.DEM.VP.GORE,Al Gore to be the Democratic VP Nominee in 2008,1,9.6,Oct/21/2007 06:12:21
439000,2008.DEM.VP.GORE,Al Gore to be the Democratic VP Nominee in 2008,1,12.3,Oct/21/2007 06:13:43
439000,2008.DEM.VP.GORE,Al Gore to be the Democratic VP Nominee in 2008,1,12.2,Oct/21/2007 19:39:15
439000,2008.DEM.VP.GORE,Al Gore to be the Democratic VP Nominee in 2008,1,12.1,Oct/21/2007 19:39:15
439000,2008.DEM.VP.GORE,Al Gore to be the Democratic VP Nominee in 2008,5,12.0,Oct/21/2007 19:39:15
439000,2008.DEM.VP.GORE,Al Gore to be the Democratic VP Nominee in 2008,5,11.8,Oct/22/2007 14:46:52
439000,2008.DEM.VP.GORE,Al Gore to be the Democratic VP Nominee in 2008,2,11.8,Oct/22/2007 23:14:42
439000,2008.DEM.VP.GORE,Al Gore to be the Democratic VP Nominee in 2008,5,11.5,Oct/22/2007 23:14:42
439000,2008.DEM.VP.GORE,Al Gore to be the Democratic VP Nominee in 2008,3,11.8,Oct/22/2007 23:17:23
439000,2008.DEM.VP.GORE,Al Gore to be the Democratic VP Nominee in 2008,2,12.4,Oct/22/2007 23:17:36
439000,2008.DEM.VP.GORE,Al Gore to be the Democratic VP Nominee in 2008,1,12.5,Oct/22/2007 23:18:48
439000,2008.DEM.VP.GORE,Al Gore to be the Democratic VP Nominee in 2008,100,10.0,Oct/23/2007 01:04:10
439000,2008.DEM.VP.GORE,Al Gore to be the Democratic VP Nominee in 2008,5,8.4,Oct/23/2007 01:15:39
439000,2008.DEM.VP.GORE,Al Gore to be the Democratic VP Nominee in 2008,5,8.5,Oct/23/2007 01:15:39
439000,2008.DEM.VP.GORE,Al Gore to be the Democratic VP Nominee in 2008,1,8.5,Oct/23/2007 22:53:02
439000,2008.DEM.VP.GORE,Al Gore to be the Democratic VP Nominee in 2008,4,8.5,Oct/23/2007 22:53:02
439000,2008.DEM.VP.GORE,Al Gore to be the Democratic VP Nominee in 2008,1,8.7,Oct/23/2007 22:53:02
439000,2008.DEM.VP.GORE,Al Gore to be the Democratic VP Nominee in 2008,5,11.5,Oct/25/2007 11:54:52
439000,2008.DEM.VP.GORE,Al Gore to be the Democratic VP Nominee in 2008,1,11.5,Oct/25/2007 11:54:52
439000,2008.DEM.VP.GORE,Al Gore to be the Democratic VP Nominee in 2008,1,11.4,Oct/25/2007 11:54:52
439000,2008.DEM.VP.GORE,Al Gore to be the Democratic VP Nominee in 2008,5,8.2,Oct/29/2007 00:08:41
439000,2008.DEM.VP.GORE,Al Gore to be the Democratic VP Nominee in 2008,10,11.0,Oct/29/2007 07:43:29
439000,2008.DEM.VP.GORE,Al Gore to be the Democratic VP Nominee in 2008,1,11.5,Oct/29/2007 07:43:46
439000,2008.DEM.VP.GORE,Al Gore to be the Democratic VP Nominee in 2008,3,15.0,Oct/29/2007 07:44:52
439000,2008.DEM.VP.GORE,Al Gore to be the Democratic VP Nominee in 2008,1,14.9,Oct/29/2007 07:44:52
439000,2008.DEM.VP.GORE,Al Gore to be the Democratic VP Nominee in 2008,5,14.5,Oct/29/2007 07:44:52
439000,2008.DEM.VP.GORE,Al Gore to be the Democratic VP Nominee in 2008,5,14.5,Oct/29/2007 07:44:52
439000,2008.DEM.VP.GORE,Al Gore to be the Democratic VP Nominee in 2008,70,15.0,Oct/29/2007 19:39:14
439000,2008.DEM.VP.GORE,Al Gore to be the Democratic VP Nominee in 2008,18,15.0,Oct/29/2007 19:41:08
439000,2008.DEM.VP.GORE,Al Gore to be the Democratic VP Nominee in 2008,9,15.0,Oct/29/2007 19:44:10
439000,2008.DEM.VP.GORE,Al Gore to be the Democratic VP Nominee in 2008,1,20.0,Oct/29/2007 19:44:27
439000,2008.DEM.VP.GORE,Al Gore to be the Democratic VP Nominee in 2008,10,15.0,Oct/29/2007 21:19:43
439000,2008.DEM.VP.GORE,Al Gore to be the Democratic VP Nominee in 2008,2,14.5,Oct/29/2007 21:19:43
439000,2008.DEM.VP.GORE,Al Gore to be the Democratic VP Nominee in 2008,2,20.0,Oct/29/2007 21:19:57
439000,2008.DEM.VP.GORE,Al Gore to be the Democratic VP Nominee in 2008,3,8.4,Oct/30/2007 01:25:23
439000,2008.DEM.VP.GORE,Al Gore to be the Democratic VP Nominee in 2008,3,13.9,Oct/30/2007 12:57:23
439000,2008.DEM.VP.GORE,Al Gore to be the Democratic VP Nominee in 2008,3,14.9,Oct/30/2007 12:57:23
439000,2008.DEM.VP.GORE,Al Gore to be the Democratic VP Nominee in 2008,3,14.8,Oct/30/2007 12:57:23
439000,2008.DEM.VP.GORE,Al Gore to be the Democratic VP Nominee in 2008,1,14.8,Oct/30/2007 12:57:23
439000,2008.DEM.VP.GORE,Al Gore to be the Democratic VP Nominee in 2008,4,14.9,Oct/30/2007 12:59:18
439000,2008.DEM.VP.GORE,Al Gore to be the Democratic VP Nominee in 2008,3,14.8,Oct/30/2007 12:59:18
439000,2008.DEM.VP.GORE,Al Gore to be the Democratic VP Nominee in 2008,1,9.5,Oct/30/2007 22:58:16
439000,2008.DEM.VP.GORE,Al Gore to be the Democratic VP Nominee in 2008,1,9.0,Oct/30/2007 22:58:16
439000,2008.DEM.VP.GORE,Al Gore to be the Democratic VP Nominee in 2008,1,9.6,Oct/30/2007 22:58:16
439000,2008.DEM.VP.GORE,Al Gore to be the Democratic VP Nominee in 2008,2,15.0,Oct/31/2007 04:57:15
439000,2008.DEM.VP.GORE,Al Gore to be the Democratic VP Nominee in 2008,1,14.5,Oct/31/2007 04:57:15
439000,2008.DEM.VP.GORE,Al Gore to be the Democratic VP Nominee in 2008,2,14.4,Oct/31/2007 04:57:15
439000,2008.DEM.VP.GORE,Al Gore to be the Democratic VP Nominee in 2008,1,14.3,Oct/31/2007 04:57:15
439000,2008.DEM.VP.GORE,Al Gore to be the Democratic VP Nominee in 2008,2,14.0,Oct/31/2007 04:57:15
439000,2008.DEM.VP.GORE,Al Gore to be the Democratic VP Nominee in 2008,2,15.1,Oct/31/2007 04:58:05
439000,2008.DEM.VP.GORE,Al Gore to be the Democratic VP Nominee in 2008,1,8.0,Oct/31/2007 19:36:46
439000,2008.DEM.VP.GORE,Al Gore to be the Democratic VP Nominee in 2008,1,7.8,Oct/31/2007 19:37:57
439000,2008.DEM.VP.GORE,Al Gore to be the Democratic VP Nominee in 2008,1,6.8,Oct/31/2007 19:37:57
439000,2008.DEM.VP.GORE,Al Gore to be the Democratic VP Nominee in 2008,1,8.0,Oct/31/2007 19:37:57
439000,2008.DEM.VP.GORE,Al Gore to be the Democratic VP Nominee in 2008,1,8.0,Nov/01/2007 00:27:53
439000,2008.DEM.VP.GORE,Al Gore to be the Democratic VP Nominee in 2008,1,7.6,Nov/01/2007 06:02:03
439000,2008.DEM.VP.GORE,Al Gore to be the Democratic VP Nominee in 2008,5,8.0,Nov/01/2007 13:32:13
439000,2008.DEM.VP.GORE,Al Gore to be the Democratic VP Nominee in 2008,1,14.3,Nov/01/2007 23:42:27
439000,2008.DEM.VP.GORE,Al Gore to be the Democratic VP Nominee in 2008,1,14.9,Nov/01/2007 23:42:27
439000,2008.DEM.VP.GORE,Al Gore to be the Democratic VP Nominee in 2008,10,14.2,Nov/01/2007 23:42:27
439000,2008.DEM.VP.GORE,Al Gore to be the Democratic VP Nominee in 2008,2,13.4,Nov/01/2007 23:42:27
439000,2008.DEM.VP.GORE,Al Gore to be the Democratic VP Nominee in 2008,1,12.4,Nov/01/2007 23:42:27
439000,2008.DEM.VP.GORE,Al Gore to be the Democratic VP Nominee in 2008,10,11.8,Nov/01/2007 23:42:27
439000,2008.DEM.VP.GORE,Al Gore to be the Democratic VP Nominee in 2008,5,11.5,Nov/01/2007 23:42:27
439000,2008.DEM.VP.GORE,Al Gore to be the Democratic VP Nominee in 2008,15,15.1,Nov/01/2007 23:46:06
439000,2008.DEM.VP.GORE,Al Gore to be the Democratic VP Nominee in 2008,3,15.0,Nov/02/2007 05:17:32
439000,2008.DEM.VP.GORE,Al Gore to be the Democratic VP Nominee in 2008,1,14.9,Nov/02/2007 05:17:32
439000,2008.DEM.VP.GORE,Al Gore to be the Democratic VP Nominee in 2008,4,8.5,Nov/02/2007 06:15:07
439000,2008.DEM.VP.GORE,Al Gore to be the Democratic VP Nominee in 2008,1,8.5,Nov/02/2007 06:15:18
439000,2008.DEM.VP.GORE,Al Gore to be the Democratic VP Nominee in 2008,5,15.0,Nov/02/2007 10:31:30
439000,2008.DEM.VP.GORE,Al Gore to be the Democratic VP Nominee in 2008,1,15.1,Nov/02/2007 20:23:07
439000,2008.DEM.VP.GORE,Al Gore to be the Democratic VP Nominee in 2008,3,15.0,Nov/02/2007 20:23:07
439000,2008.DEM.VP.GORE,Al Gore to be the Democratic VP Nominee in 2008,1,16.5,Nov/02/2007 20:25:41
439000,2008.DEM.VP.GORE,Al Gore to be the Democratic VP Nominee in 2008,1,17.5,Nov/03/2007 02:39:39
439000,2008.DEM.VP.GORE,Al Gore to be the Democratic VP Nominee in 2008,10,17.3,Nov/03/2007 02:39:39
439000,2008.DEM.VP.GORE,Al Gore to be the Democratic VP Nominee in 2008,2,19.4,Nov/03/2007 20:39:12
439000,2008.DEM.VP.GORE,Al Gore to be the Democratic VP Nominee in 2008,1,11.5,Nov/04/2007 20:20:05
439000,2008.DEM.VP.GORE,Al Gore to be the Democratic VP Nominee in 2008,1,15.0,Nov/05/2007 04:27:27
439000,2008.DEM.VP.GORE,Al Gore to be the Democratic VP Nominee in 2008,2,10.6,Nov/05/2007 21:01:11
439000,2008.DEM.VP.GORE,Al Gore to be the Democratic VP Nominee in 2008,3,11.0,Nov/05/2007 21:01:11
439000,2008.DEM.VP.GORE,Al Gore to be the Democratic VP Nominee in 2008,1,12.5,Nov/06/2007 05:24:56
439000,2008.DEM.VP.GORE,Al Gore to be the Democratic VP Nominee in 2008,3,10.5,Nov/06/2007 06:14:27
439000,2008.DEM.VP.GORE,Al Gore to be the Democratic VP Nominee in 2008,2,10.5,Nov/06/2007 06:14:40
439000,2008.DEM.VP.GORE,Al Gore to be the Democratic VP Nominee in 2008,1,10.5,Nov/06/2007 09:37:01
439000,2008.DEM.VP.GORE,Al Gore to be the Democratic VP Nominee in 2008,1,14.0,Nov/06/2007 17:20:53
