market id,market symbol,market name,trade quantity,trade price,date/time [utc]
607635,NEW.DEM.VP.BIDEN,Joe Biden to be Democratic VP Nominee in 2008,50,5.0,May/27/2008 21:58:07
607635,NEW.DEM.VP.BIDEN,Joe Biden to be Democratic VP Nominee in 2008,50,5.0,May/30/2008 14:52:46
607635,NEW.DEM.VP.BIDEN,Joe Biden to be Democratic VP Nominee in 2008,50,5.2,May/30/2008 14:53:11
607635,NEW.DEM.VP.BIDEN,Joe Biden to be Democratic VP Nominee in 2008,30,4.0,May/31/2008 12:39:00
607635,NEW.DEM.VP.BIDEN,Joe Biden to be Democratic VP Nominee in 2008,10,5.1,Jun/05/2008 00:20:46
607635,NEW.DEM.VP.BIDEN,Joe Biden to be Democratic VP Nominee in 2008,35,3.0,Jun/13/2008 15:16:54
607635,NEW.DEM.VP.BIDEN,Joe Biden to be Democratic VP Nominee in 2008,5,5.3,Jun/15/2008 18:05:18
607635,NEW.DEM.VP.BIDEN,Joe Biden to be Democratic VP Nominee in 2008,5,8.0,Jun/22/2008 17:30:58
607635,NEW.DEM.VP.BIDEN,Joe Biden to be Democratic VP Nominee in 2008,7,7.0,Jun/26/2008 03:08:28
607635,NEW.DEM.VP.BIDEN,Joe Biden to be Democratic VP Nominee in 2008,1,6.5,Jul/01/2008 05:15:57
607635,NEW.DEM.VP.BIDEN,Joe Biden to be Democratic VP Nominee in 2008,5,6.5,Jul/01/2008 18:23:38
607635,NEW.DEM.VP.BIDEN,Joe Biden to be Democratic VP Nominee in 2008,4,6.4,Jul/05/2008 04:09:03
607635,NEW.DEM.VP.BIDEN,Joe Biden to be Democratic VP Nominee in 2008,6,6.4,Jul/06/2008 21:35:56
607635,NEW.DEM.VP.BIDEN,Joe Biden to be Democratic VP Nominee in 2008,1,6.9,Jul/07/2008 14:06:20
607635,NEW.DEM.VP.BIDEN,Joe Biden to be Democratic VP Nominee in 2008,13,6.9,Jul/07/2008 19:48:46
607635,NEW.DEM.VP.BIDEN,Joe Biden to be Democratic VP Nominee in 2008,1,7.6,Jul/07/2008 19:49:24
607635,NEW.DEM.VP.BIDEN,Joe Biden to be Democratic VP Nominee in 2008,9,7.7,Jul/07/2008 19:50:11
607635,NEW.DEM.VP.BIDEN,Joe Biden to be Democratic VP Nominee in 2008,30,8.1,Jul/09/2008 07:29:18
607635,NEW.DEM.VP.BIDEN,Joe Biden to be Democratic VP Nominee in 2008,5,7.2,Jul/10/2008 05:45:36
607635,NEW.DEM.VP.BIDEN,Joe Biden to be Democratic VP Nominee in 2008,5,7.5,Jul/10/2008 05:45:36
607635,NEW.DEM.VP.BIDEN,Joe Biden to be Democratic VP Nominee in 2008,3,8.0,Jul/14/2008 02:02:09
607635,NEW.DEM.VP.BIDEN,Joe Biden to be Democratic VP Nominee in 2008,1,7.0,Jul/14/2008 21:37:28
607635,NEW.DEM.VP.BIDEN,Joe Biden to be Democratic VP Nominee in 2008,10,7.2,Jul/14/2008 21:37:28
607635,NEW.DEM.VP.BIDEN,Joe Biden to be Democratic VP Nominee in 2008,1,7.0,Jul/14/2008 21:37:28
607635,NEW.DEM.VP.BIDEN,Joe Biden to be Democratic VP Nominee in 2008,1,9.5,Jul/15/2008 12:17:37
607635,NEW.DEM.VP.BIDEN,Joe Biden to be Democratic VP Nominee in 2008,1,9.5,Jul/15/2008 12:17:44
607635,NEW.DEM.VP.BIDEN,Joe Biden to be Democratic VP Nominee in 2008,1,9.5,Jul/15/2008 14:25:45
607635,NEW.DEM.VP.BIDEN,Joe Biden to be Democratic VP Nominee in 2008,46,15.0,Jul/15/2008 18:31:18
607635,NEW.DEM.VP.BIDEN,Joe Biden to be Democratic VP Nominee in 2008,52,11.5,Jul/15/2008 18:31:18
607635,NEW.DEM.VP.BIDEN,Joe Biden to be Democratic VP Nominee in 2008,2,11.3,Jul/15/2008 18:31:18
607635,NEW.DEM.VP.BIDEN,Joe Biden to be Democratic VP Nominee in 2008,12,10.2,Jul/17/2008 11:47:33
607635,NEW.DEM.VP.BIDEN,Joe Biden to be Democratic VP Nominee in 2008,60,14.0,Jul/17/2008 19:18:08
607635,NEW.DEM.VP.BIDEN,Joe Biden to be Democratic VP Nominee in 2008,5,13.0,Jul/20/2008 15:57:31
607635,NEW.DEM.VP.BIDEN,Joe Biden to be Democratic VP Nominee in 2008,15,15.0,Jul/22/2008 07:48:46
607635,NEW.DEM.VP.BIDEN,Joe Biden to be Democratic VP Nominee in 2008,5,14.0,Jul/22/2008 07:48:46
607635,NEW.DEM.VP.BIDEN,Joe Biden to be Democratic VP Nominee in 2008,1,13.0,Jul/22/2008 23:59:37
607635,NEW.DEM.VP.BIDEN,Joe Biden to be Democratic VP Nominee in 2008,7,13.7,Jul/23/2008 01:48:13
607635,NEW.DEM.VP.BIDEN,Joe Biden to be Democratic VP Nominee in 2008,50,13.7,Jul/23/2008 03:24:21
607635,NEW.DEM.VP.BIDEN,Joe Biden to be Democratic VP Nominee in 2008,12,15.0,Jul/23/2008 22:05:15
607635,NEW.DEM.VP.BIDEN,Joe Biden to be Democratic VP Nominee in 2008,82,13.4,Jul/25/2008 13:30:05
607635,NEW.DEM.VP.BIDEN,Joe Biden to be Democratic VP Nominee in 2008,1,12.0,Jul/26/2008 18:41:30
607635,NEW.DEM.VP.BIDEN,Joe Biden to be Democratic VP Nominee in 2008,1,12.1,Jul/26/2008 18:41:30
607635,NEW.DEM.VP.BIDEN,Joe Biden to be Democratic VP Nominee in 2008,1,12.2,Jul/26/2008 18:41:30
607635,NEW.DEM.VP.BIDEN,Joe Biden to be Democratic VP Nominee in 2008,1,12.3,Jul/26/2008 18:41:30
607635,NEW.DEM.VP.BIDEN,Joe Biden to be Democratic VP Nominee in 2008,1,12.4,Jul/26/2008 18:41:30
607635,NEW.DEM.VP.BIDEN,Joe Biden to be Democratic VP Nominee in 2008,1,12.5,Jul/26/2008 18:41:30
607635,NEW.DEM.VP.BIDEN,Joe Biden to be Democratic VP Nominee in 2008,1,12.6,Jul/26/2008 18:41:30
607635,NEW.DEM.VP.BIDEN,Joe Biden to be Democratic VP Nominee in 2008,1,12.7,Jul/26/2008 18:41:30
607635,NEW.DEM.VP.BIDEN,Joe Biden to be Democratic VP Nominee in 2008,1,12.8,Jul/26/2008 18:41:30
607635,NEW.DEM.VP.BIDEN,Joe Biden to be Democratic VP Nominee in 2008,1,12.9,Jul/26/2008 18:41:30
607635,NEW.DEM.VP.BIDEN,Joe Biden to be Democratic VP Nominee in 2008,1,13.0,Jul/26/2008 18:41:30
607635,NEW.DEM.VP.BIDEN,Joe Biden to be Democratic VP Nominee in 2008,1,12.0,Jul/26/2008 19:22:07
607635,NEW.DEM.VP.BIDEN,Joe Biden to be Democratic VP Nominee in 2008,5,14.1,Jul/27/2008 09:50:17
607635,NEW.DEM.VP.BIDEN,Joe Biden to be Democratic VP Nominee in 2008,6,14.0,Jul/27/2008 09:50:17
607635,NEW.DEM.VP.BIDEN,Joe Biden to be Democratic VP Nominee in 2008,4,12.0,Jul/27/2008 17:01:46
607635,NEW.DEM.VP.BIDEN,Joe Biden to be Democratic VP Nominee in 2008,1,12.1,Jul/27/2008 17:01:46
607635,NEW.DEM.VP.BIDEN,Joe Biden to be Democratic VP Nominee in 2008,1,12.2,Jul/27/2008 17:01:46
607635,NEW.DEM.VP.BIDEN,Joe Biden to be Democratic VP Nominee in 2008,1,12.3,Jul/27/2008 17:01:46
607635,NEW.DEM.VP.BIDEN,Joe Biden to be Democratic VP Nominee in 2008,1,12.0,Jul/27/2008 17:01:46
607635,NEW.DEM.VP.BIDEN,Joe Biden to be Democratic VP Nominee in 2008,1,12.4,Jul/27/2008 17:01:46
607635,NEW.DEM.VP.BIDEN,Joe Biden to be Democratic VP Nominee in 2008,1,12.5,Jul/27/2008 17:01:46
607635,NEW.DEM.VP.BIDEN,Joe Biden to be Democratic VP Nominee in 2008,1,12.6,Jul/27/2008 17:01:46
607635,NEW.DEM.VP.BIDEN,Joe Biden to be Democratic VP Nominee in 2008,1,12.7,Jul/27/2008 17:01:46
607635,NEW.DEM.VP.BIDEN,Joe Biden to be Democratic VP Nominee in 2008,1,12.8,Jul/27/2008 17:01:46
607635,NEW.DEM.VP.BIDEN,Joe Biden to be Democratic VP Nominee in 2008,1,12.9,Jul/27/2008 17:01:46
607635,NEW.DEM.VP.BIDEN,Joe Biden to be Democratic VP Nominee in 2008,1,13.0,Jul/27/2008 17:01:46
607635,NEW.DEM.VP.BIDEN,Joe Biden to be Democratic VP Nominee in 2008,1,13.1,Jul/27/2008 17:01:46
607635,NEW.DEM.VP.BIDEN,Joe Biden to be Democratic VP Nominee in 2008,1,13.2,Jul/27/2008 17:01:46
607635,NEW.DEM.VP.BIDEN,Joe Biden to be Democratic VP Nominee in 2008,1,13.3,Jul/27/2008 17:01:46
607635,NEW.DEM.VP.BIDEN,Joe Biden to be Democratic VP Nominee in 2008,1,13.4,Jul/27/2008 17:01:46
607635,NEW.DEM.VP.BIDEN,Joe Biden to be Democratic VP Nominee in 2008,1,13.5,Jul/27/2008 17:01:46
607635,NEW.DEM.VP.BIDEN,Joe Biden to be Democratic VP Nominee in 2008,1,13.6,Jul/27/2008 17:01:46
607635,NEW.DEM.VP.BIDEN,Joe Biden to be Democratic VP Nominee in 2008,1,13.7,Jul/27/2008 17:01:46
607635,NEW.DEM.VP.BIDEN,Joe Biden to be Democratic VP Nominee in 2008,1,13.8,Jul/27/2008 17:01:46
607635,NEW.DEM.VP.BIDEN,Joe Biden to be Democratic VP Nominee in 2008,1,13.9,Jul/27/2008 17:01:46
607635,NEW.DEM.VP.BIDEN,Joe Biden to be Democratic VP Nominee in 2008,1,14.0,Jul/27/2008 17:01:46
607635,NEW.DEM.VP.BIDEN,Joe Biden to be Democratic VP Nominee in 2008,25,12.0,Jul/27/2008 17:01:46
607635,NEW.DEM.VP.BIDEN,Joe Biden to be Democratic VP Nominee in 2008,48,15.0,Jul/27/2008 21:10:43
607635,NEW.DEM.VP.BIDEN,Joe Biden to be Democratic VP Nominee in 2008,1,19.9,Jul/29/2008 02:08:57
607635,NEW.DEM.VP.BIDEN,Joe Biden to be Democratic VP Nominee in 2008,1,13.1,Jul/29/2008 04:49:11
607635,NEW.DEM.VP.BIDEN,Joe Biden to be Democratic VP Nominee in 2008,50,10.1,Jul/29/2008 15:49:55
607635,NEW.DEM.VP.BIDEN,Joe Biden to be Democratic VP Nominee in 2008,10,12.0,Jul/29/2008 15:49:55
607635,NEW.DEM.VP.BIDEN,Joe Biden to be Democratic VP Nominee in 2008,1,15.0,Jul/29/2008 17:32:55
607635,NEW.DEM.VP.BIDEN,Joe Biden to be Democratic VP Nominee in 2008,10,12.5,Jul/29/2008 19:35:47
607635,NEW.DEM.VP.BIDEN,Joe Biden to be Democratic VP Nominee in 2008,10,12.4,Jul/29/2008 19:35:59
607635,NEW.DEM.VP.BIDEN,Joe Biden to be Democratic VP Nominee in 2008,1,12.2,Jul/30/2008 14:19:17
607635,NEW.DEM.VP.BIDEN,Joe Biden to be Democratic VP Nominee in 2008,1,12.3,Jul/30/2008 14:19:17
607635,NEW.DEM.VP.BIDEN,Joe Biden to be Democratic VP Nominee in 2008,1,12.5,Jul/30/2008 14:19:17
607635,NEW.DEM.VP.BIDEN,Joe Biden to be Democratic VP Nominee in 2008,10,14.1,Jul/30/2008 19:29:40
607635,NEW.DEM.VP.BIDEN,Joe Biden to be Democratic VP Nominee in 2008,5,14.1,Jul/30/2008 19:44:27
607635,NEW.DEM.VP.BIDEN,Joe Biden to be Democratic VP Nominee in 2008,2,14.9,Jul/30/2008 19:51:18
607635,NEW.DEM.VP.BIDEN,Joe Biden to be Democratic VP Nominee in 2008,1,14.8,Jul/30/2008 19:51:18
607635,NEW.DEM.VP.BIDEN,Joe Biden to be Democratic VP Nominee in 2008,24,14.1,Jul/31/2008 00:40:02
607635,NEW.DEM.VP.BIDEN,Joe Biden to be Democratic VP Nominee in 2008,27,13.9,Jul/31/2008 01:43:34
607635,NEW.DEM.VP.BIDEN,Joe Biden to be Democratic VP Nominee in 2008,14,14.1,Jul/31/2008 02:22:58
607635,NEW.DEM.VP.BIDEN,Joe Biden to be Democratic VP Nominee in 2008,10,14.1,Jul/31/2008 05:12:30
607635,NEW.DEM.VP.BIDEN,Joe Biden to be Democratic VP Nominee in 2008,50,14.0,Jul/31/2008 05:18:43
607635,NEW.DEM.VP.BIDEN,Joe Biden to be Democratic VP Nominee in 2008,23,13.9,Jul/31/2008 05:22:56
607635,NEW.DEM.VP.BIDEN,Joe Biden to be Democratic VP Nominee in 2008,50,14.0,Jul/31/2008 05:22:56
607635,NEW.DEM.VP.BIDEN,Joe Biden to be Democratic VP Nominee in 2008,22,13.1,Aug/01/2008 02:38:16
607635,NEW.DEM.VP.BIDEN,Joe Biden to be Democratic VP Nominee in 2008,4,12.0,Aug/01/2008 23:44:50
607635,NEW.DEM.VP.BIDEN,Joe Biden to be Democratic VP Nominee in 2008,15,12.0,Aug/02/2008 00:00:10
607635,NEW.DEM.VP.BIDEN,Joe Biden to be Democratic VP Nominee in 2008,34,11.4,Aug/02/2008 00:02:27
607635,NEW.DEM.VP.BIDEN,Joe Biden to be Democratic VP Nominee in 2008,35,12.0,Aug/02/2008 05:45:30
607635,NEW.DEM.VP.BIDEN,Joe Biden to be Democratic VP Nominee in 2008,1,10.0,Aug/02/2008 12:01:30
607635,NEW.DEM.VP.BIDEN,Joe Biden to be Democratic VP Nominee in 2008,2,10.4,Aug/02/2008 12:01:30
607635,NEW.DEM.VP.BIDEN,Joe Biden to be Democratic VP Nominee in 2008,13,11.4,Aug/02/2008 12:01:30
607635,NEW.DEM.VP.BIDEN,Joe Biden to be Democratic VP Nominee in 2008,20,11.3,Aug/02/2008 12:01:30
607635,NEW.DEM.VP.BIDEN,Joe Biden to be Democratic VP Nominee in 2008,20,11.4,Aug/02/2008 12:01:30
607635,NEW.DEM.VP.BIDEN,Joe Biden to be Democratic VP Nominee in 2008,25,11.7,Aug/03/2008 05:23:01
607635,NEW.DEM.VP.BIDEN,Joe Biden to be Democratic VP Nominee in 2008,15,11.7,Aug/03/2008 05:24:22
607635,NEW.DEM.VP.BIDEN,Joe Biden to be Democratic VP Nominee in 2008,2,11.9,Aug/04/2008 14:21:58
607635,NEW.DEM.VP.BIDEN,Joe Biden to be Democratic VP Nominee in 2008,4,10.5,Aug/04/2008 19:05:32
607635,NEW.DEM.VP.BIDEN,Joe Biden to be Democratic VP Nominee in 2008,1,10.1,Aug/05/2008 02:00:19
607635,NEW.DEM.VP.BIDEN,Joe Biden to be Democratic VP Nominee in 2008,20,10.1,Aug/05/2008 02:00:19
607635,NEW.DEM.VP.BIDEN,Joe Biden to be Democratic VP Nominee in 2008,30,10.5,Aug/06/2008 19:49:55
607635,NEW.DEM.VP.BIDEN,Joe Biden to be Democratic VP Nominee in 2008,30,11.0,Aug/06/2008 19:50:04
607635,NEW.DEM.VP.BIDEN,Joe Biden to be Democratic VP Nominee in 2008,24,15.0,Aug/09/2008 19:57:41
607635,NEW.DEM.VP.BIDEN,Joe Biden to be Democratic VP Nominee in 2008,26,14.1,Aug/09/2008 19:57:41
607635,NEW.DEM.VP.BIDEN,Joe Biden to be Democratic VP Nominee in 2008,20,14.0,Aug/09/2008 19:57:41
607635,NEW.DEM.VP.BIDEN,Joe Biden to be Democratic VP Nominee in 2008,12,13.9,Aug/09/2008 19:57:41
607635,NEW.DEM.VP.BIDEN,Joe Biden to be Democratic VP Nominee in 2008,2,10.2,Aug/12/2008 07:57:34
607635,NEW.DEM.VP.BIDEN,Joe Biden to be Democratic VP Nominee in 2008,30,12.9,Aug/12/2008 14:53:41
607635,NEW.DEM.VP.BIDEN,Joe Biden to be Democratic VP Nominee in 2008,5,12.9,Aug/12/2008 14:54:06
607635,NEW.DEM.VP.BIDEN,Joe Biden to be Democratic VP Nominee in 2008,10,12.4,Aug/12/2008 21:48:02
607635,NEW.DEM.VP.BIDEN,Joe Biden to be Democratic VP Nominee in 2008,1,12.3,Aug/13/2008 00:05:23
607635,NEW.DEM.VP.BIDEN,Joe Biden to be Democratic VP Nominee in 2008,1,12.0,Aug/13/2008 00:27:29
607635,NEW.DEM.VP.BIDEN,Joe Biden to be Democratic VP Nominee in 2008,1,12.3,Aug/13/2008 14:44:26
607635,NEW.DEM.VP.BIDEN,Joe Biden to be Democratic VP Nominee in 2008,1,12.3,Aug/13/2008 14:44:26
607635,NEW.DEM.VP.BIDEN,Joe Biden to be Democratic VP Nominee in 2008,7,12.9,Aug/13/2008 14:45:11
607635,NEW.DEM.VP.BIDEN,Joe Biden to be Democratic VP Nominee in 2008,7,12.9,Aug/13/2008 17:02:55
607635,NEW.DEM.VP.BIDEN,Joe Biden to be Democratic VP Nominee in 2008,35,14.0,Aug/13/2008 17:22:59
607635,NEW.DEM.VP.BIDEN,Joe Biden to be Democratic VP Nominee in 2008,21,15.0,Aug/13/2008 17:23:33
607635,NEW.DEM.VP.BIDEN,Joe Biden to be Democratic VP Nominee in 2008,6,14.5,Aug/13/2008 17:23:33
607635,NEW.DEM.VP.BIDEN,Joe Biden to be Democratic VP Nominee in 2008,1,11.0,Aug/13/2008 20:49:55
607635,NEW.DEM.VP.BIDEN,Joe Biden to be Democratic VP Nominee in 2008,1,11.0,Aug/13/2008 20:52:46
607635,NEW.DEM.VP.BIDEN,Joe Biden to be Democratic VP Nominee in 2008,5,15.0,Aug/13/2008 23:18:20
607635,NEW.DEM.VP.BIDEN,Joe Biden to be Democratic VP Nominee in 2008,1,15.0,Aug/13/2008 23:18:20
607635,NEW.DEM.VP.BIDEN,Joe Biden to be Democratic VP Nominee in 2008,1,20.0,Aug/14/2008 02:46:45
607635,NEW.DEM.VP.BIDEN,Joe Biden to be Democratic VP Nominee in 2008,6,15.0,Aug/14/2008 02:59:18
607635,NEW.DEM.VP.BIDEN,Joe Biden to be Democratic VP Nominee in 2008,6,20.2,Aug/14/2008 04:16:12
607635,NEW.DEM.VP.BIDEN,Joe Biden to be Democratic VP Nominee in 2008,19,20.0,Aug/14/2008 04:16:12
607635,NEW.DEM.VP.BIDEN,Joe Biden to be Democratic VP Nominee in 2008,10,16.1,Aug/14/2008 18:36:46
607635,NEW.DEM.VP.BIDEN,Joe Biden to be Democratic VP Nominee in 2008,1,16.1,Aug/14/2008 18:41:25
607635,NEW.DEM.VP.BIDEN,Joe Biden to be Democratic VP Nominee in 2008,2,16.1,Aug/14/2008 21:15:50
607635,NEW.DEM.VP.BIDEN,Joe Biden to be Democratic VP Nominee in 2008,5,17.2,Aug/15/2008 03:21:19
607635,NEW.DEM.VP.BIDEN,Joe Biden to be Democratic VP Nominee in 2008,5,17.2,Aug/15/2008 03:21:47
607635,NEW.DEM.VP.BIDEN,Joe Biden to be Democratic VP Nominee in 2008,2,17.2,Aug/15/2008 04:30:59
607635,NEW.DEM.VP.BIDEN,Joe Biden to be Democratic VP Nominee in 2008,50,17.2,Aug/15/2008 07:07:45
607635,NEW.DEM.VP.BIDEN,Joe Biden to be Democratic VP Nominee in 2008,10,16.5,Aug/15/2008 11:47:56
607635,NEW.DEM.VP.BIDEN,Joe Biden to be Democratic VP Nominee in 2008,1,16.8,Aug/15/2008 11:47:56
607635,NEW.DEM.VP.BIDEN,Joe Biden to be Democratic VP Nominee in 2008,1,17.1,Aug/15/2008 12:36:42
607635,NEW.DEM.VP.BIDEN,Joe Biden to be Democratic VP Nominee in 2008,20,17.2,Aug/15/2008 17:52:20
607635,NEW.DEM.VP.BIDEN,Joe Biden to be Democratic VP Nominee in 2008,1,17.2,Aug/15/2008 18:04:20
607635,NEW.DEM.VP.BIDEN,Joe Biden to be Democratic VP Nominee in 2008,17,17.2,Aug/15/2008 18:36:42
607635,NEW.DEM.VP.BIDEN,Joe Biden to be Democratic VP Nominee in 2008,6,16.5,Aug/15/2008 23:00:07
607635,NEW.DEM.VP.BIDEN,Joe Biden to be Democratic VP Nominee in 2008,14,16.5,Aug/15/2008 23:38:36
607635,NEW.DEM.VP.BIDEN,Joe Biden to be Democratic VP Nominee in 2008,9,20.0,Aug/15/2008 23:56:16
607635,NEW.DEM.VP.BIDEN,Joe Biden to be Democratic VP Nominee in 2008,1,19.8,Aug/15/2008 23:56:16
607635,NEW.DEM.VP.BIDEN,Joe Biden to be Democratic VP Nominee in 2008,6,20.0,Aug/15/2008 23:56:52
607635,NEW.DEM.VP.BIDEN,Joe Biden to be Democratic VP Nominee in 2008,35,20.0,Aug/16/2008 01:55:41
607635,NEW.DEM.VP.BIDEN,Joe Biden to be Democratic VP Nominee in 2008,1,20.0,Aug/16/2008 01:55:41
607635,NEW.DEM.VP.BIDEN,Joe Biden to be Democratic VP Nominee in 2008,2,19.9,Aug/16/2008 01:55:41
607635,NEW.DEM.VP.BIDEN,Joe Biden to be Democratic VP Nominee in 2008,20,25.0,Aug/16/2008 08:06:33
607635,NEW.DEM.VP.BIDEN,Joe Biden to be Democratic VP Nominee in 2008,10,23.0,Aug/16/2008 16:57:46
607635,NEW.DEM.VP.BIDEN,Joe Biden to be Democratic VP Nominee in 2008,19,20.0,Aug/16/2008 19:57:49
607635,NEW.DEM.VP.BIDEN,Joe Biden to be Democratic VP Nominee in 2008,2,21.0,Aug/16/2008 23:43:09
607635,NEW.DEM.VP.BIDEN,Joe Biden to be Democratic VP Nominee in 2008,3,20.0,Aug/17/2008 01:20:44
607635,NEW.DEM.VP.BIDEN,Joe Biden to be Democratic VP Nominee in 2008,10,24.8,Aug/17/2008 14:59:20
607635,NEW.DEM.VP.BIDEN,Joe Biden to be Democratic VP Nominee in 2008,50,25.0,Aug/17/2008 16:57:32
607635,NEW.DEM.VP.BIDEN,Joe Biden to be Democratic VP Nominee in 2008,1,25.0,Aug/17/2008 16:57:32
607635,NEW.DEM.VP.BIDEN,Joe Biden to be Democratic VP Nominee in 2008,2,24.9,Aug/17/2008 16:57:32
607635,NEW.DEM.VP.BIDEN,Joe Biden to be Democratic VP Nominee in 2008,6,24.8,Aug/17/2008 16:57:32
607635,NEW.DEM.VP.BIDEN,Joe Biden to be Democratic VP Nominee in 2008,10,24.8,Aug/17/2008 16:57:32
607635,NEW.DEM.VP.BIDEN,Joe Biden to be Democratic VP Nominee in 2008,38,28.0,Aug/17/2008 17:35:14
607635,NEW.DEM.VP.BIDEN,Joe Biden to be Democratic VP Nominee in 2008,2,27.9,Aug/17/2008 17:35:14
607635,NEW.DEM.VP.BIDEN,Joe Biden to be Democratic VP Nominee in 2008,2,27.0,Aug/18/2008 01:04:24
607635,NEW.DEM.VP.BIDEN,Joe Biden to be Democratic VP Nominee in 2008,1,26.9,Aug/18/2008 01:04:24
607635,NEW.DEM.VP.BIDEN,Joe Biden to be Democratic VP Nominee in 2008,2,23.2,Aug/18/2008 01:35:25
607635,NEW.DEM.VP.BIDEN,Joe Biden to be Democratic VP Nominee in 2008,17,27.0,Aug/18/2008 01:59:13
607635,NEW.DEM.VP.BIDEN,Joe Biden to be Democratic VP Nominee in 2008,2,26.9,Aug/18/2008 01:59:13
607635,NEW.DEM.VP.BIDEN,Joe Biden to be Democratic VP Nominee in 2008,3,27.0,Aug/18/2008 02:02:02
607635,NEW.DEM.VP.BIDEN,Joe Biden to be Democratic VP Nominee in 2008,8,27.0,Aug/18/2008 02:14:03
607635,NEW.DEM.VP.BIDEN,Joe Biden to be Democratic VP Nominee in 2008,18,27.0,Aug/18/2008 04:48:52
607635,NEW.DEM.VP.BIDEN,Joe Biden to be Democratic VP Nominee in 2008,2,26.9,Aug/18/2008 04:48:52
607635,NEW.DEM.VP.BIDEN,Joe Biden to be Democratic VP Nominee in 2008,2,27.0,Aug/18/2008 10:25:12
607635,NEW.DEM.VP.BIDEN,Joe Biden to be Democratic VP Nominee in 2008,2,23.0,Aug/18/2008 10:38:22
607635,NEW.DEM.VP.BIDEN,Joe Biden to be Democratic VP Nominee in 2008,8,23.0,Aug/18/2008 10:42:24
607635,NEW.DEM.VP.BIDEN,Joe Biden to be Democratic VP Nominee in 2008,2,28.0,Aug/18/2008 11:17:48
607635,NEW.DEM.VP.BIDEN,Joe Biden to be Democratic VP Nominee in 2008,5,30.0,Aug/18/2008 14:12:05
607635,NEW.DEM.VP.BIDEN,Joe Biden to be Democratic VP Nominee in 2008,75,27.0,Aug/18/2008 14:50:22
607635,NEW.DEM.VP.BIDEN,Joe Biden to be Democratic VP Nominee in 2008,10,31.3,Aug/18/2008 16:18:51
607635,NEW.DEM.VP.BIDEN,Joe Biden to be Democratic VP Nominee in 2008,5,30.0,Aug/18/2008 17:52:40
607635,NEW.DEM.VP.BIDEN,Joe Biden to be Democratic VP Nominee in 2008,23,30.9,Aug/18/2008 17:53:57
607635,NEW.DEM.VP.BIDEN,Joe Biden to be Democratic VP Nominee in 2008,5,27.0,Aug/18/2008 19:32:02
607635,NEW.DEM.VP.BIDEN,Joe Biden to be Democratic VP Nominee in 2008,10,27.0,Aug/18/2008 20:45:40
607635,NEW.DEM.VP.BIDEN,Joe Biden to be Democratic VP Nominee in 2008,2,30.6,Aug/18/2008 21:42:16
607635,NEW.DEM.VP.BIDEN,Joe Biden to be Democratic VP Nominee in 2008,7,30.6,Aug/18/2008 21:42:16
607635,NEW.DEM.VP.BIDEN,Joe Biden to be Democratic VP Nominee in 2008,2,30.7,Aug/18/2008 21:42:42
607635,NEW.DEM.VP.BIDEN,Joe Biden to be Democratic VP Nominee in 2008,12,30.9,Aug/18/2008 22:18:50
607635,NEW.DEM.VP.BIDEN,Joe Biden to be Democratic VP Nominee in 2008,2,30.8,Aug/18/2008 22:18:50
607635,NEW.DEM.VP.BIDEN,Joe Biden to be Democratic VP Nominee in 2008,3,30.7,Aug/18/2008 22:18:50
607635,NEW.DEM.VP.BIDEN,Joe Biden to be Democratic VP Nominee in 2008,3,30.8,Aug/18/2008 23:14:32
607635,NEW.DEM.VP.BIDEN,Joe Biden to be Democratic VP Nominee in 2008,2,30.9,Aug/19/2008 00:06:40
607635,NEW.DEM.VP.BIDEN,Joe Biden to be Democratic VP Nominee in 2008,3,30.8,Aug/19/2008 00:06:40
607635,NEW.DEM.VP.BIDEN,Joe Biden to be Democratic VP Nominee in 2008,1,30.9,Aug/19/2008 00:08:46
607635,NEW.DEM.VP.BIDEN,Joe Biden to be Democratic VP Nominee in 2008,1,29.0,Aug/19/2008 00:38:02
607635,NEW.DEM.VP.BIDEN,Joe Biden to be Democratic VP Nominee in 2008,1,28.9,Aug/19/2008 01:07:37
607635,NEW.DEM.VP.BIDEN,Joe Biden to be Democratic VP Nominee in 2008,29,30.9,Aug/19/2008 01:07:37
607635,NEW.DEM.VP.BIDEN,Joe Biden to be Democratic VP Nominee in 2008,3,30.8,Aug/19/2008 01:07:37
607635,NEW.DEM.VP.BIDEN,Joe Biden to be Democratic VP Nominee in 2008,1,29.9,Aug/19/2008 01:07:37
607635,NEW.DEM.VP.BIDEN,Joe Biden to be Democratic VP Nominee in 2008,1,29.4,Aug/19/2008 01:07:37
607635,NEW.DEM.VP.BIDEN,Joe Biden to be Democratic VP Nominee in 2008,23,30.9,Aug/19/2008 01:46:58
607635,NEW.DEM.VP.BIDEN,Joe Biden to be Democratic VP Nominee in 2008,5,27.1,Aug/19/2008 02:00:08
607635,NEW.DEM.VP.BIDEN,Joe Biden to be Democratic VP Nominee in 2008,13,30.9,Aug/19/2008 03:22:04
607635,NEW.DEM.VP.BIDEN,Joe Biden to be Democratic VP Nominee in 2008,3,30.8,Aug/19/2008 03:22:04
607635,NEW.DEM.VP.BIDEN,Joe Biden to be Democratic VP Nominee in 2008,105,27.0,Aug/19/2008 03:36:24
607635,NEW.DEM.VP.BIDEN,Joe Biden to be Democratic VP Nominee in 2008,36,30.0,Aug/19/2008 03:45:03
607635,NEW.DEM.VP.BIDEN,Joe Biden to be Democratic VP Nominee in 2008,36,28.0,Aug/19/2008 03:45:03
607635,NEW.DEM.VP.BIDEN,Joe Biden to be Democratic VP Nominee in 2008,8,32.8,Aug/19/2008 03:58:14
607635,NEW.DEM.VP.BIDEN,Joe Biden to be Democratic VP Nominee in 2008,4,29.5,Aug/19/2008 04:31:02
607635,NEW.DEM.VP.BIDEN,Joe Biden to be Democratic VP Nominee in 2008,21,29.5,Aug/19/2008 04:32:05
607635,NEW.DEM.VP.BIDEN,Joe Biden to be Democratic VP Nominee in 2008,8,30.0,Aug/19/2008 04:32:37
607635,NEW.DEM.VP.BIDEN,Joe Biden to be Democratic VP Nominee in 2008,20,30.0,Aug/19/2008 04:52:53
607635,NEW.DEM.VP.BIDEN,Joe Biden to be Democratic VP Nominee in 2008,4,29.5,Aug/19/2008 05:03:56
607635,NEW.DEM.VP.BIDEN,Joe Biden to be Democratic VP Nominee in 2008,1,27.0,Aug/19/2008 09:28:00
607635,NEW.DEM.VP.BIDEN,Joe Biden to be Democratic VP Nominee in 2008,4,30.0,Aug/19/2008 09:39:52
607635,NEW.DEM.VP.BIDEN,Joe Biden to be Democratic VP Nominee in 2008,8,30.0,Aug/19/2008 10:17:35
607635,NEW.DEM.VP.BIDEN,Joe Biden to be Democratic VP Nominee in 2008,9,30.0,Aug/19/2008 13:24:24
607635,NEW.DEM.VP.BIDEN,Joe Biden to be Democratic VP Nominee in 2008,280,32.8,Aug/19/2008 13:27:24
607635,NEW.DEM.VP.BIDEN,Joe Biden to be Democratic VP Nominee in 2008,40,38.5,Aug/19/2008 13:33:14
607635,NEW.DEM.VP.BIDEN,Joe Biden to be Democratic VP Nominee in 2008,2,34.8,Aug/19/2008 15:10:08
607635,NEW.DEM.VP.BIDEN,Joe Biden to be Democratic VP Nominee in 2008,1,36.9,Aug/19/2008 15:14:38
607635,NEW.DEM.VP.BIDEN,Joe Biden to be Democratic VP Nominee in 2008,1,36.8,Aug/19/2008 15:22:40
607635,NEW.DEM.VP.BIDEN,Joe Biden to be Democratic VP Nominee in 2008,2,36.9,Aug/19/2008 15:28:22
607635,NEW.DEM.VP.BIDEN,Joe Biden to be Democratic VP Nominee in 2008,20,35.0,Aug/19/2008 15:34:49
607635,NEW.DEM.VP.BIDEN,Joe Biden to be Democratic VP Nominee in 2008,45,35.2,Aug/19/2008 15:56:18
607635,NEW.DEM.VP.BIDEN,Joe Biden to be Democratic VP Nominee in 2008,25,35.2,Aug/19/2008 15:56:40
607635,NEW.DEM.VP.BIDEN,Joe Biden to be Democratic VP Nominee in 2008,7,35.2,Aug/19/2008 16:01:28
607635,NEW.DEM.VP.BIDEN,Joe Biden to be Democratic VP Nominee in 2008,98,35.3,Aug/19/2008 16:01:51
607635,NEW.DEM.VP.BIDEN,Joe Biden to be Democratic VP Nominee in 2008,1,34.9,Aug/19/2008 16:44:11
607635,NEW.DEM.VP.BIDEN,Joe Biden to be Democratic VP Nominee in 2008,15,35.3,Aug/19/2008 16:46:27
607635,NEW.DEM.VP.BIDEN,Joe Biden to be Democratic VP Nominee in 2008,5,34.9,Aug/19/2008 16:46:50
607635,NEW.DEM.VP.BIDEN,Joe Biden to be Democratic VP Nominee in 2008,20,35.3,Aug/19/2008 16:48:27
607635,NEW.DEM.VP.BIDEN,Joe Biden to be Democratic VP Nominee in 2008,6,34.9,Aug/19/2008 16:52:03
607635,NEW.DEM.VP.BIDEN,Joe Biden to be Democratic VP Nominee in 2008,100,35.3,Aug/19/2008 16:55:27
607635,NEW.DEM.VP.BIDEN,Joe Biden to be Democratic VP Nominee in 2008,100,37.8,Aug/19/2008 17:04:25
607635,NEW.DEM.VP.BIDEN,Joe Biden to be Democratic VP Nominee in 2008,10,37.9,Aug/19/2008 17:26:02
607635,NEW.DEM.VP.BIDEN,Joe Biden to be Democratic VP Nominee in 2008,49,40.0,Aug/19/2008 17:29:18
607635,NEW.DEM.VP.BIDEN,Joe Biden to be Democratic VP Nominee in 2008,1,39.9,Aug/19/2008 17:29:18
607635,NEW.DEM.VP.BIDEN,Joe Biden to be Democratic VP Nominee in 2008,1,40.0,Aug/19/2008 17:32:34
607635,NEW.DEM.VP.BIDEN,Joe Biden to be Democratic VP Nominee in 2008,2,40.0,Aug/19/2008 17:33:58
607635,NEW.DEM.VP.BIDEN,Joe Biden to be Democratic VP Nominee in 2008,4,34.2,Aug/19/2008 17:35:49
607635,NEW.DEM.VP.BIDEN,Joe Biden to be Democratic VP Nominee in 2008,1,37.2,Aug/19/2008 17:35:49
607635,NEW.DEM.VP.BIDEN,Joe Biden to be Democratic VP Nominee in 2008,1,39.9,Aug/19/2008 17:38:53
607635,NEW.DEM.VP.BIDEN,Joe Biden to be Democratic VP Nominee in 2008,39,40.0,Aug/19/2008 17:38:53
607635,NEW.DEM.VP.BIDEN,Joe Biden to be Democratic VP Nominee in 2008,1,40.0,Aug/19/2008 17:39:47
607635,NEW.DEM.VP.BIDEN,Joe Biden to be Democratic VP Nominee in 2008,1,34.2,Aug/19/2008 17:40:01
607635,NEW.DEM.VP.BIDEN,Joe Biden to be Democratic VP Nominee in 2008,2,34.5,Aug/19/2008 17:40:01
607635,NEW.DEM.VP.BIDEN,Joe Biden to be Democratic VP Nominee in 2008,2,35.0,Aug/19/2008 17:40:01
607635,NEW.DEM.VP.BIDEN,Joe Biden to be Democratic VP Nominee in 2008,42,46.2,Aug/19/2008 17:51:12
607635,NEW.DEM.VP.BIDEN,Joe Biden to be Democratic VP Nominee in 2008,1,45.9,Aug/19/2008 17:51:12
607635,NEW.DEM.VP.BIDEN,Joe Biden to be Democratic VP Nominee in 2008,15,46.2,Aug/19/2008 17:52:36
607635,NEW.DEM.VP.BIDEN,Joe Biden to be Democratic VP Nominee in 2008,8,47.5,Aug/19/2008 17:54:14
607635,NEW.DEM.VP.BIDEN,Joe Biden to be Democratic VP Nominee in 2008,1,34.5,Aug/19/2008 17:59:19
607635,NEW.DEM.VP.BIDEN,Joe Biden to be Democratic VP Nominee in 2008,1,34.3,Aug/19/2008 18:01:23
607635,NEW.DEM.VP.BIDEN,Joe Biden to be Democratic VP Nominee in 2008,3,37.0,Aug/19/2008 18:06:38
607635,NEW.DEM.VP.BIDEN,Joe Biden to be Democratic VP Nominee in 2008,38,50.0,Aug/19/2008 18:27:33
607635,NEW.DEM.VP.BIDEN,Joe Biden to be Democratic VP Nominee in 2008,5,45.0,Aug/19/2008 18:27:33
607635,NEW.DEM.VP.BIDEN,Joe Biden to be Democratic VP Nominee in 2008,50,50.0,Aug/19/2008 18:27:33
607635,NEW.DEM.VP.BIDEN,Joe Biden to be Democratic VP Nominee in 2008,62,49.0,Aug/19/2008 18:27:33
607635,NEW.DEM.VP.BIDEN,Joe Biden to be Democratic VP Nominee in 2008,4,42.1,Aug/19/2008 18:32:30
607635,NEW.DEM.VP.BIDEN,Joe Biden to be Democratic VP Nominee in 2008,4,42.1,Aug/19/2008 18:40:14
607635,NEW.DEM.VP.BIDEN,Joe Biden to be Democratic VP Nominee in 2008,4,42.1,Aug/19/2008 18:40:14
607635,NEW.DEM.VP.BIDEN,Joe Biden to be Democratic VP Nominee in 2008,5,46.3,Aug/19/2008 18:53:19
607635,NEW.DEM.VP.BIDEN,Joe Biden to be Democratic VP Nominee in 2008,5,49.9,Aug/19/2008 18:58:15
607635,NEW.DEM.VP.BIDEN,Joe Biden to be Democratic VP Nominee in 2008,3,49.9,Aug/19/2008 19:00:26
607635,NEW.DEM.VP.BIDEN,Joe Biden to be Democratic VP Nominee in 2008,2,54.0,Aug/19/2008 19:03:26
607635,NEW.DEM.VP.BIDEN,Joe Biden to be Democratic VP Nominee in 2008,19,54.5,Aug/19/2008 19:03:46
607635,NEW.DEM.VP.BIDEN,Joe Biden to be Democratic VP Nominee in 2008,1,54.0,Aug/19/2008 19:03:46
607635,NEW.DEM.VP.BIDEN,Joe Biden to be Democratic VP Nominee in 2008,1,53.0,Aug/19/2008 19:04:46
607635,NEW.DEM.VP.BIDEN,Joe Biden to be Democratic VP Nominee in 2008,8,53.0,Aug/19/2008 19:06:44
607635,NEW.DEM.VP.BIDEN,Joe Biden to be Democratic VP Nominee in 2008,1,52.9,Aug/19/2008 19:06:44
607635,NEW.DEM.VP.BIDEN,Joe Biden to be Democratic VP Nominee in 2008,1,50.8,Aug/19/2008 19:11:59
607635,NEW.DEM.VP.BIDEN,Joe Biden to be Democratic VP Nominee in 2008,6,50.9,Aug/19/2008 19:12:12
607635,NEW.DEM.VP.BIDEN,Joe Biden to be Democratic VP Nominee in 2008,13,50.5,Aug/19/2008 19:18:05
607635,NEW.DEM.VP.BIDEN,Joe Biden to be Democratic VP Nominee in 2008,1,50.3,Aug/19/2008 19:18:05
607635,NEW.DEM.VP.BIDEN,Joe Biden to be Democratic VP Nominee in 2008,2,49.5,Aug/19/2008 19:18:17
607635,NEW.DEM.VP.BIDEN,Joe Biden to be Democratic VP Nominee in 2008,10,49.1,Aug/19/2008 19:23:44
607635,NEW.DEM.VP.BIDEN,Joe Biden to be Democratic VP Nominee in 2008,7,49.7,Aug/19/2008 19:31:32
607635,NEW.DEM.VP.BIDEN,Joe Biden to be Democratic VP Nominee in 2008,1,49.5,Aug/19/2008 19:31:32
607635,NEW.DEM.VP.BIDEN,Joe Biden to be Democratic VP Nominee in 2008,6,42.0,Aug/19/2008 19:35:21
607635,NEW.DEM.VP.BIDEN,Joe Biden to be Democratic VP Nominee in 2008,1,42.5,Aug/19/2008 19:35:21
607635,NEW.DEM.VP.BIDEN,Joe Biden to be Democratic VP Nominee in 2008,1,43.0,Aug/19/2008 19:35:21
607635,NEW.DEM.VP.BIDEN,Joe Biden to be Democratic VP Nominee in 2008,2,42.0,Aug/19/2008 19:35:27
607635,NEW.DEM.VP.BIDEN,Joe Biden to be Democratic VP Nominee in 2008,3,49.7,Aug/19/2008 19:44:51
607635,NEW.DEM.VP.BIDEN,Joe Biden to be Democratic VP Nominee in 2008,54,49.8,Aug/19/2008 19:44:51
607635,NEW.DEM.VP.BIDEN,Joe Biden to be Democratic VP Nominee in 2008,1,49.5,Aug/19/2008 19:44:51
607635,NEW.DEM.VP.BIDEN,Joe Biden to be Democratic VP Nominee in 2008,24,48.9,Aug/19/2008 19:44:51
607635,NEW.DEM.VP.BIDEN,Joe Biden to be Democratic VP Nominee in 2008,9,49.0,Aug/19/2008 20:12:01
607635,NEW.DEM.VP.BIDEN,Joe Biden to be Democratic VP Nominee in 2008,1,49.5,Aug/19/2008 20:29:19
607635,NEW.DEM.VP.BIDEN,Joe Biden to be Democratic VP Nominee in 2008,45,49.8,Aug/19/2008 20:29:19
607635,NEW.DEM.VP.BIDEN,Joe Biden to be Democratic VP Nominee in 2008,2,49.7,Aug/19/2008 20:48:52
607635,NEW.DEM.VP.BIDEN,Joe Biden to be Democratic VP Nominee in 2008,12,49.8,Aug/19/2008 20:49:18
607635,NEW.DEM.VP.BIDEN,Joe Biden to be Democratic VP Nominee in 2008,1,50.0,Aug/19/2008 20:49:39
607635,NEW.DEM.VP.BIDEN,Joe Biden to be Democratic VP Nominee in 2008,1,44.0,Aug/19/2008 21:12:22
607635,NEW.DEM.VP.BIDEN,Joe Biden to be Democratic VP Nominee in 2008,1,44.0,Aug/19/2008 21:13:05
607635,NEW.DEM.VP.BIDEN,Joe Biden to be Democratic VP Nominee in 2008,2,43.8,Aug/19/2008 21:13:34
607635,NEW.DEM.VP.BIDEN,Joe Biden to be Democratic VP Nominee in 2008,1,43.8,Aug/19/2008 21:13:34
607635,NEW.DEM.VP.BIDEN,Joe Biden to be Democratic VP Nominee in 2008,7,45.0,Aug/19/2008 21:30:28
607635,NEW.DEM.VP.BIDEN,Joe Biden to be Democratic VP Nominee in 2008,2,43.9,Aug/19/2008 21:34:35
607635,NEW.DEM.VP.BIDEN,Joe Biden to be Democratic VP Nominee in 2008,1,43.8,Aug/19/2008 21:36:34
607635,NEW.DEM.VP.BIDEN,Joe Biden to be Democratic VP Nominee in 2008,2,42.0,Aug/19/2008 21:36:44
607635,NEW.DEM.VP.BIDEN,Joe Biden to be Democratic VP Nominee in 2008,2,40.0,Aug/19/2008 21:38:14
607635,NEW.DEM.VP.BIDEN,Joe Biden to be Democratic VP Nominee in 2008,1,42.0,Aug/19/2008 21:41:46
607635,NEW.DEM.VP.BIDEN,Joe Biden to be Democratic VP Nominee in 2008,1,40.0,Aug/19/2008 21:43:06
607635,NEW.DEM.VP.BIDEN,Joe Biden to be Democratic VP Nominee in 2008,1,34.3,Aug/19/2008 21:43:54
607635,NEW.DEM.VP.BIDEN,Joe Biden to be Democratic VP Nominee in 2008,32,34.2,Aug/19/2008 21:44:06
607635,NEW.DEM.VP.BIDEN,Joe Biden to be Democratic VP Nominee in 2008,50,34.0,Aug/19/2008 21:44:20
607635,NEW.DEM.VP.BIDEN,Joe Biden to be Democratic VP Nominee in 2008,110,34.0,Aug/19/2008 21:44:20
607635,NEW.DEM.VP.BIDEN,Joe Biden to be Democratic VP Nominee in 2008,10,34.0,Aug/19/2008 21:44:21
607635,NEW.DEM.VP.BIDEN,Joe Biden to be Democratic VP Nominee in 2008,150,30.1,Aug/19/2008 21:44:44
607635,NEW.DEM.VP.BIDEN,Joe Biden to be Democratic VP Nominee in 2008,1,33.0,Aug/19/2008 22:05:19
607635,NEW.DEM.VP.BIDEN,Joe Biden to be Democratic VP Nominee in 2008,3,33.0,Aug/19/2008 22:05:19
607635,NEW.DEM.VP.BIDEN,Joe Biden to be Democratic VP Nominee in 2008,1,33.3,Aug/19/2008 22:05:19
607635,NEW.DEM.VP.BIDEN,Joe Biden to be Democratic VP Nominee in 2008,5,35.0,Aug/19/2008 22:05:19
607635,NEW.DEM.VP.BIDEN,Joe Biden to be Democratic VP Nominee in 2008,1,41.9,Aug/19/2008 22:08:16
607635,NEW.DEM.VP.BIDEN,Joe Biden to be Democratic VP Nominee in 2008,5,43.5,Aug/19/2008 22:08:16
607635,NEW.DEM.VP.BIDEN,Joe Biden to be Democratic VP Nominee in 2008,1,43.9,Aug/19/2008 22:18:44
607635,NEW.DEM.VP.BIDEN,Joe Biden to be Democratic VP Nominee in 2008,35,44.0,Aug/19/2008 22:25:28
607635,NEW.DEM.VP.BIDEN,Joe Biden to be Democratic VP Nominee in 2008,36,43.0,Aug/19/2008 22:25:42
607635,NEW.DEM.VP.BIDEN,Joe Biden to be Democratic VP Nominee in 2008,1,42.0,Aug/19/2008 22:29:13
607635,NEW.DEM.VP.BIDEN,Joe Biden to be Democratic VP Nominee in 2008,1,43.3,Aug/19/2008 22:31:03
607635,NEW.DEM.VP.BIDEN,Joe Biden to be Democratic VP Nominee in 2008,42,43.4,Aug/19/2008 22:31:03
607635,NEW.DEM.VP.BIDEN,Joe Biden to be Democratic VP Nominee in 2008,2,35.0,Aug/19/2008 22:39:34
607635,NEW.DEM.VP.BIDEN,Joe Biden to be Democratic VP Nominee in 2008,3,35.0,Aug/19/2008 22:40:02
607635,NEW.DEM.VP.BIDEN,Joe Biden to be Democratic VP Nominee in 2008,2,35.0,Aug/19/2008 22:40:24
607635,NEW.DEM.VP.BIDEN,Joe Biden to be Democratic VP Nominee in 2008,3,34.0,Aug/19/2008 22:40:53
607635,NEW.DEM.VP.BIDEN,Joe Biden to be Democratic VP Nominee in 2008,2,35.0,Aug/19/2008 22:41:38
607635,NEW.DEM.VP.BIDEN,Joe Biden to be Democratic VP Nominee in 2008,5,35.0,Aug/19/2008 22:42:06
607635,NEW.DEM.VP.BIDEN,Joe Biden to be Democratic VP Nominee in 2008,2,33.0,Aug/19/2008 22:43:11
607635,NEW.DEM.VP.BIDEN,Joe Biden to be Democratic VP Nominee in 2008,2,32.5,Aug/19/2008 22:44:28
607635,NEW.DEM.VP.BIDEN,Joe Biden to be Democratic VP Nominee in 2008,2,32.5,Aug/19/2008 22:45:10
607635,NEW.DEM.VP.BIDEN,Joe Biden to be Democratic VP Nominee in 2008,1,32.3,Aug/19/2008 22:45:59
607635,NEW.DEM.VP.BIDEN,Joe Biden to be Democratic VP Nominee in 2008,175,30.1,Aug/19/2008 22:46:19
607635,NEW.DEM.VP.BIDEN,Joe Biden to be Democratic VP Nominee in 2008,3,31.0,Aug/19/2008 22:46:19
607635,NEW.DEM.VP.BIDEN,Joe Biden to be Democratic VP Nominee in 2008,2,32.0,Aug/19/2008 22:46:19
607635,NEW.DEM.VP.BIDEN,Joe Biden to be Democratic VP Nominee in 2008,18,32.1,Aug/19/2008 22:46:19
607635,NEW.DEM.VP.BIDEN,Joe Biden to be Democratic VP Nominee in 2008,26,30.1,Aug/19/2008 22:47:31
607635,NEW.DEM.VP.BIDEN,Joe Biden to be Democratic VP Nominee in 2008,5,38.0,Aug/19/2008 22:48:43
607635,NEW.DEM.VP.BIDEN,Joe Biden to be Democratic VP Nominee in 2008,1,40.9,Aug/19/2008 22:49:16
607635,NEW.DEM.VP.BIDEN,Joe Biden to be Democratic VP Nominee in 2008,3,37.0,Aug/19/2008 23:01:54
607635,NEW.DEM.VP.BIDEN,Joe Biden to be Democratic VP Nominee in 2008,3,36.3,Aug/19/2008 23:02:15
607635,NEW.DEM.VP.BIDEN,Joe Biden to be Democratic VP Nominee in 2008,4,36.3,Aug/19/2008 23:02:27
607635,NEW.DEM.VP.BIDEN,Joe Biden to be Democratic VP Nominee in 2008,5,36.1,Aug/19/2008 23:02:29
607635,NEW.DEM.VP.BIDEN,Joe Biden to be Democratic VP Nominee in 2008,3,36.2,Aug/19/2008 23:23:18
607635,NEW.DEM.VP.BIDEN,Joe Biden to be Democratic VP Nominee in 2008,2,33.0,Aug/19/2008 23:23:34
607635,NEW.DEM.VP.BIDEN,Joe Biden to be Democratic VP Nominee in 2008,1,33.0,Aug/19/2008 23:39:35
607635,NEW.DEM.VP.BIDEN,Joe Biden to be Democratic VP Nominee in 2008,1,31.0,Aug/19/2008 23:39:35
607635,NEW.DEM.VP.BIDEN,Joe Biden to be Democratic VP Nominee in 2008,15,39.9,Aug/20/2008 00:49:20
607635,NEW.DEM.VP.BIDEN,Joe Biden to be Democratic VP Nominee in 2008,5,35.0,Aug/20/2008 01:03:29
607635,NEW.DEM.VP.BIDEN,Joe Biden to be Democratic VP Nominee in 2008,50,35.0,Aug/20/2008 01:03:29
607635,NEW.DEM.VP.BIDEN,Joe Biden to be Democratic VP Nominee in 2008,1,33.0,Aug/20/2008 01:11:53
607635,NEW.DEM.VP.BIDEN,Joe Biden to be Democratic VP Nominee in 2008,2,33.0,Aug/20/2008 01:16:34
607635,NEW.DEM.VP.BIDEN,Joe Biden to be Democratic VP Nominee in 2008,2,33.0,Aug/20/2008 01:16:34
607635,NEW.DEM.VP.BIDEN,Joe Biden to be Democratic VP Nominee in 2008,3,30.5,Aug/20/2008 01:35:12
607635,NEW.DEM.VP.BIDEN,Joe Biden to be Democratic VP Nominee in 2008,2,30.5,Aug/20/2008 01:37:00
607635,NEW.DEM.VP.BIDEN,Joe Biden to be Democratic VP Nominee in 2008,25,30.5,Aug/20/2008 01:55:47
607635,NEW.DEM.VP.BIDEN,Joe Biden to be Democratic VP Nominee in 2008,25,30.5,Aug/20/2008 02:05:01
607635,NEW.DEM.VP.BIDEN,Joe Biden to be Democratic VP Nominee in 2008,5,30.5,Aug/20/2008 02:05:01
607635,NEW.DEM.VP.BIDEN,Joe Biden to be Democratic VP Nominee in 2008,5,31.0,Aug/20/2008 02:05:01
607635,NEW.DEM.VP.BIDEN,Joe Biden to be Democratic VP Nominee in 2008,25,34.0,Aug/20/2008 02:22:35
607635,NEW.DEM.VP.BIDEN,Joe Biden to be Democratic VP Nominee in 2008,5,36.0,Aug/20/2008 02:30:48
607635,NEW.DEM.VP.BIDEN,Joe Biden to be Democratic VP Nominee in 2008,5,36.0,Aug/20/2008 02:31:05
607635,NEW.DEM.VP.BIDEN,Joe Biden to be Democratic VP Nominee in 2008,2,36.0,Aug/20/2008 02:35:48
607635,NEW.DEM.VP.BIDEN,Joe Biden to be Democratic VP Nominee in 2008,2,31.0,Aug/20/2008 02:38:07
607635,NEW.DEM.VP.BIDEN,Joe Biden to be Democratic VP Nominee in 2008,13,36.0,Aug/20/2008 02:38:20
607635,NEW.DEM.VP.BIDEN,Joe Biden to be Democratic VP Nominee in 2008,1,39.8,Aug/20/2008 02:47:45
607635,NEW.DEM.VP.BIDEN,Joe Biden to be Democratic VP Nominee in 2008,5,39.9,Aug/20/2008 02:48:10
607635,NEW.DEM.VP.BIDEN,Joe Biden to be Democratic VP Nominee in 2008,6,36.0,Aug/20/2008 02:50:36
607635,NEW.DEM.VP.BIDEN,Joe Biden to be Democratic VP Nominee in 2008,4,36.0,Aug/20/2008 02:52:46
607635,NEW.DEM.VP.BIDEN,Joe Biden to be Democratic VP Nominee in 2008,5,33.0,Aug/20/2008 03:09:01
607635,NEW.DEM.VP.BIDEN,Joe Biden to be Democratic VP Nominee in 2008,2,38.0,Aug/20/2008 03:57:52
607635,NEW.DEM.VP.BIDEN,Joe Biden to be Democratic VP Nominee in 2008,1,39.8,Aug/20/2008 04:01:27
607635,NEW.DEM.VP.BIDEN,Joe Biden to be Democratic VP Nominee in 2008,24,39.9,Aug/20/2008 04:18:56
607635,NEW.DEM.VP.BIDEN,Joe Biden to be Democratic VP Nominee in 2008,24,32.1,Aug/20/2008 04:51:45
607635,NEW.DEM.VP.BIDEN,Joe Biden to be Democratic VP Nominee in 2008,1,39.8,Aug/20/2008 04:52:22
607635,NEW.DEM.VP.BIDEN,Joe Biden to be Democratic VP Nominee in 2008,78,39.9,Aug/20/2008 05:15:05
607635,NEW.DEM.VP.BIDEN,Joe Biden to be Democratic VP Nominee in 2008,2,39.8,Aug/20/2008 05:15:05
607635,NEW.DEM.VP.BIDEN,Joe Biden to be Democratic VP Nominee in 2008,18,39.9,Aug/20/2008 05:19:08
607635,NEW.DEM.VP.BIDEN,Joe Biden to be Democratic VP Nominee in 2008,20,39.9,Aug/20/2008 07:23:20
607635,NEW.DEM.VP.BIDEN,Joe Biden to be Democratic VP Nominee in 2008,10,41.9,Aug/20/2008 07:31:39
607635,NEW.DEM.VP.BIDEN,Joe Biden to be Democratic VP Nominee in 2008,100,33.1,Aug/20/2008 07:53:25
607635,NEW.DEM.VP.BIDEN,Joe Biden to be Democratic VP Nominee in 2008,15,42.0,Aug/20/2008 08:30:42
607635,NEW.DEM.VP.BIDEN,Joe Biden to be Democratic VP Nominee in 2008,5,42.0,Aug/20/2008 08:30:42
607635,NEW.DEM.VP.BIDEN,Joe Biden to be Democratic VP Nominee in 2008,6,43.4,Aug/20/2008 08:35:55
607635,NEW.DEM.VP.BIDEN,Joe Biden to be Democratic VP Nominee in 2008,5,42.0,Aug/20/2008 08:35:55
607635,NEW.DEM.VP.BIDEN,Joe Biden to be Democratic VP Nominee in 2008,248,43.4,Aug/20/2008 09:17:12
607635,NEW.DEM.VP.BIDEN,Joe Biden to be Democratic VP Nominee in 2008,5,42.0,Aug/20/2008 09:17:12
607635,NEW.DEM.VP.BIDEN,Joe Biden to be Democratic VP Nominee in 2008,7,44.0,Aug/20/2008 09:20:46
607635,NEW.DEM.VP.BIDEN,Joe Biden to be Democratic VP Nominee in 2008,1,41.0,Aug/20/2008 09:58:31
607635,NEW.DEM.VP.BIDEN,Joe Biden to be Democratic VP Nominee in 2008,20,40.0,Aug/20/2008 10:10:39
607635,NEW.DEM.VP.BIDEN,Joe Biden to be Democratic VP Nominee in 2008,10,45.0,Aug/20/2008 10:12:06
607635,NEW.DEM.VP.BIDEN,Joe Biden to be Democratic VP Nominee in 2008,15,44.0,Aug/20/2008 10:15:33
607635,NEW.DEM.VP.BIDEN,Joe Biden to be Democratic VP Nominee in 2008,5,44.0,Aug/20/2008 10:18:35
607635,NEW.DEM.VP.BIDEN,Joe Biden to be Democratic VP Nominee in 2008,3,43.0,Aug/20/2008 10:19:42
607635,NEW.DEM.VP.BIDEN,Joe Biden to be Democratic VP Nominee in 2008,2,43.0,Aug/20/2008 10:20:11
607635,NEW.DEM.VP.BIDEN,Joe Biden to be Democratic VP Nominee in 2008,1,45.0,Aug/20/2008 10:38:28
607635,NEW.DEM.VP.BIDEN,Joe Biden to be Democratic VP Nominee in 2008,12,45.0,Aug/20/2008 10:55:55
607635,NEW.DEM.VP.BIDEN,Joe Biden to be Democratic VP Nominee in 2008,50,45.0,Aug/20/2008 10:55:55
607635,NEW.DEM.VP.BIDEN,Joe Biden to be Democratic VP Nominee in 2008,1,38.0,Aug/20/2008 11:35:56
607635,NEW.DEM.VP.BIDEN,Joe Biden to be Democratic VP Nominee in 2008,1,42.9,Aug/20/2008 12:37:46
607635,NEW.DEM.VP.BIDEN,Joe Biden to be Democratic VP Nominee in 2008,5,40.0,Aug/20/2008 12:43:25
607635,NEW.DEM.VP.BIDEN,Joe Biden to be Democratic VP Nominee in 2008,2,40.0,Aug/20/2008 12:43:54
607635,NEW.DEM.VP.BIDEN,Joe Biden to be Democratic VP Nominee in 2008,18,40.0,Aug/20/2008 12:47:57
607635,NEW.DEM.VP.BIDEN,Joe Biden to be Democratic VP Nominee in 2008,1,38.5,Aug/20/2008 12:51:25
607635,NEW.DEM.VP.BIDEN,Joe Biden to be Democratic VP Nominee in 2008,1,38.6,Aug/20/2008 12:51:25
607635,NEW.DEM.VP.BIDEN,Joe Biden to be Democratic VP Nominee in 2008,6,40.0,Aug/20/2008 13:09:04
607635,NEW.DEM.VP.BIDEN,Joe Biden to be Democratic VP Nominee in 2008,19,44.9,Aug/20/2008 13:28:08
607635,NEW.DEM.VP.BIDEN,Joe Biden to be Democratic VP Nominee in 2008,4,44.9,Aug/20/2008 13:28:35
607635,NEW.DEM.VP.BIDEN,Joe Biden to be Democratic VP Nominee in 2008,9,45.0,Aug/20/2008 14:08:25
607635,NEW.DEM.VP.BIDEN,Joe Biden to be Democratic VP Nominee in 2008,1,44.9,Aug/20/2008 14:08:25
607635,NEW.DEM.VP.BIDEN,Joe Biden to be Democratic VP Nominee in 2008,2,38.5,Aug/20/2008 14:14:04
607635,NEW.DEM.VP.BIDEN,Joe Biden to be Democratic VP Nominee in 2008,41,45.0,Aug/20/2008 14:43:05
607635,NEW.DEM.VP.BIDEN,Joe Biden to be Democratic VP Nominee in 2008,6,45.0,Aug/20/2008 14:43:05
607635,NEW.DEM.VP.BIDEN,Joe Biden to be Democratic VP Nominee in 2008,1,44.0,Aug/20/2008 14:43:05
607635,NEW.DEM.VP.BIDEN,Joe Biden to be Democratic VP Nominee in 2008,5,43.0,Aug/20/2008 14:43:05
607635,NEW.DEM.VP.BIDEN,Joe Biden to be Democratic VP Nominee in 2008,47,45.0,Aug/20/2008 14:43:13
607635,NEW.DEM.VP.BIDEN,Joe Biden to be Democratic VP Nominee in 2008,5,40.0,Aug/20/2008 14:52:21
607635,NEW.DEM.VP.BIDEN,Joe Biden to be Democratic VP Nominee in 2008,1,38.6,Aug/20/2008 15:18:16
607635,NEW.DEM.VP.BIDEN,Joe Biden to be Democratic VP Nominee in 2008,1,38.7,Aug/20/2008 15:18:16
607635,NEW.DEM.VP.BIDEN,Joe Biden to be Democratic VP Nominee in 2008,1,38.1,Aug/20/2008 15:18:16
607635,NEW.DEM.VP.BIDEN,Joe Biden to be Democratic VP Nominee in 2008,7,38.5,Aug/20/2008 15:18:16
607635,NEW.DEM.VP.BIDEN,Joe Biden to be Democratic VP Nominee in 2008,14,38.1,Aug/20/2008 15:44:24
607635,NEW.DEM.VP.BIDEN,Joe Biden to be Democratic VP Nominee in 2008,4,38.1,Aug/20/2008 15:57:08
607635,NEW.DEM.VP.BIDEN,Joe Biden to be Democratic VP Nominee in 2008,5,41.0,Aug/20/2008 16:06:52
607635,NEW.DEM.VP.BIDEN,Joe Biden to be Democratic VP Nominee in 2008,13,42.0,Aug/20/2008 16:07:07
607635,NEW.DEM.VP.BIDEN,Joe Biden to be Democratic VP Nominee in 2008,2,39.7,Aug/20/2008 16:20:50
607635,NEW.DEM.VP.BIDEN,Joe Biden to be Democratic VP Nominee in 2008,1,40.0,Aug/20/2008 16:22:32
607635,NEW.DEM.VP.BIDEN,Joe Biden to be Democratic VP Nominee in 2008,1,40.0,Aug/20/2008 16:23:39
607635,NEW.DEM.VP.BIDEN,Joe Biden to be Democratic VP Nominee in 2008,2,40.0,Aug/20/2008 16:24:28
607635,NEW.DEM.VP.BIDEN,Joe Biden to be Democratic VP Nominee in 2008,1,43.7,Aug/20/2008 16:25:47
607635,NEW.DEM.VP.BIDEN,Joe Biden to be Democratic VP Nominee in 2008,1,40.0,Aug/20/2008 16:45:45
607635,NEW.DEM.VP.BIDEN,Joe Biden to be Democratic VP Nominee in 2008,1,40.0,Aug/20/2008 16:50:18
607635,NEW.DEM.VP.BIDEN,Joe Biden to be Democratic VP Nominee in 2008,8,40.0,Aug/20/2008 16:52:14
607635,NEW.DEM.VP.BIDEN,Joe Biden to be Democratic VP Nominee in 2008,1,38.0,Aug/20/2008 17:12:37
607635,NEW.DEM.VP.BIDEN,Joe Biden to be Democratic VP Nominee in 2008,125,33.0,Aug/20/2008 17:14:04
607635,NEW.DEM.VP.BIDEN,Joe Biden to be Democratic VP Nominee in 2008,1,34.0,Aug/20/2008 17:14:04
607635,NEW.DEM.VP.BIDEN,Joe Biden to be Democratic VP Nominee in 2008,50,35.0,Aug/20/2008 17:14:04
607635,NEW.DEM.VP.BIDEN,Joe Biden to be Democratic VP Nominee in 2008,2,34.0,Aug/20/2008 17:14:04
607635,NEW.DEM.VP.BIDEN,Joe Biden to be Democratic VP Nominee in 2008,1,38.0,Aug/20/2008 17:14:04
607635,NEW.DEM.VP.BIDEN,Joe Biden to be Democratic VP Nominee in 2008,2,37.0,Aug/20/2008 17:14:04
607635,NEW.DEM.VP.BIDEN,Joe Biden to be Democratic VP Nominee in 2008,2,35.1,Aug/20/2008 17:14:04
607635,NEW.DEM.VP.BIDEN,Joe Biden to be Democratic VP Nominee in 2008,4,35.0,Aug/20/2008 17:18:57
607635,NEW.DEM.VP.BIDEN,Joe Biden to be Democratic VP Nominee in 2008,5,37.0,Aug/20/2008 17:30:04
607635,NEW.DEM.VP.BIDEN,Joe Biden to be Democratic VP Nominee in 2008,1,36.7,Aug/20/2008 17:35:51
607635,NEW.DEM.VP.BIDEN,Joe Biden to be Democratic VP Nominee in 2008,1,40.0,Aug/20/2008 17:37:31
607635,NEW.DEM.VP.BIDEN,Joe Biden to be Democratic VP Nominee in 2008,12,40.0,Aug/20/2008 17:37:31
607635,NEW.DEM.VP.BIDEN,Joe Biden to be Democratic VP Nominee in 2008,50,40.0,Aug/20/2008 17:37:31
607635,NEW.DEM.VP.BIDEN,Joe Biden to be Democratic VP Nominee in 2008,1,40.0,Aug/20/2008 18:03:54
607635,NEW.DEM.VP.BIDEN,Joe Biden to be Democratic VP Nominee in 2008,1,40.0,Aug/20/2008 18:16:24
607635,NEW.DEM.VP.BIDEN,Joe Biden to be Democratic VP Nominee in 2008,2,39.7,Aug/20/2008 18:28:09
607635,NEW.DEM.VP.BIDEN,Joe Biden to be Democratic VP Nominee in 2008,1,36.5,Aug/20/2008 18:30:33
607635,NEW.DEM.VP.BIDEN,Joe Biden to be Democratic VP Nominee in 2008,1,36.6,Aug/20/2008 18:30:33
607635,NEW.DEM.VP.BIDEN,Joe Biden to be Democratic VP Nominee in 2008,20,37.0,Aug/20/2008 18:30:33
607635,NEW.DEM.VP.BIDEN,Joe Biden to be Democratic VP Nominee in 2008,3,39.7,Aug/20/2008 18:30:33
607635,NEW.DEM.VP.BIDEN,Joe Biden to be Democratic VP Nominee in 2008,10,38.5,Aug/20/2008 18:30:33
607635,NEW.DEM.VP.BIDEN,Joe Biden to be Democratic VP Nominee in 2008,20,36.5,Aug/20/2008 18:32:34
607635,NEW.DEM.VP.BIDEN,Joe Biden to be Democratic VP Nominee in 2008,1,36.4,Aug/20/2008 18:41:58
607635,NEW.DEM.VP.BIDEN,Joe Biden to be Democratic VP Nominee in 2008,5,35.2,Aug/20/2008 18:51:14
607635,NEW.DEM.VP.BIDEN,Joe Biden to be Democratic VP Nominee in 2008,3,39.0,Aug/20/2008 18:59:36
607635,NEW.DEM.VP.BIDEN,Joe Biden to be Democratic VP Nominee in 2008,1,36.0,Aug/20/2008 19:03:07
607635,NEW.DEM.VP.BIDEN,Joe Biden to be Democratic VP Nominee in 2008,2,35.2,Aug/20/2008 20:15:02
607635,NEW.DEM.VP.BIDEN,Joe Biden to be Democratic VP Nominee in 2008,1,36.0,Aug/20/2008 20:25:29
607635,NEW.DEM.VP.BIDEN,Joe Biden to be Democratic VP Nominee in 2008,11,36.8,Aug/20/2008 21:08:07
607635,NEW.DEM.VP.BIDEN,Joe Biden to be Democratic VP Nominee in 2008,14,39.0,Aug/20/2008 21:08:51
607635,NEW.DEM.VP.BIDEN,Joe Biden to be Democratic VP Nominee in 2008,50,40.0,Aug/20/2008 21:08:59
607635,NEW.DEM.VP.BIDEN,Joe Biden to be Democratic VP Nominee in 2008,1,40.9,Aug/20/2008 21:18:57
607635,NEW.DEM.VP.BIDEN,Joe Biden to be Democratic VP Nominee in 2008,1,40.9,Aug/20/2008 21:32:28
607635,NEW.DEM.VP.BIDEN,Joe Biden to be Democratic VP Nominee in 2008,5,41.0,Aug/20/2008 21:32:45
607635,NEW.DEM.VP.BIDEN,Joe Biden to be Democratic VP Nominee in 2008,35,43.6,Aug/20/2008 21:40:23
607635,NEW.DEM.VP.BIDEN,Joe Biden to be Democratic VP Nominee in 2008,1,43.5,Aug/20/2008 21:40:23
607635,NEW.DEM.VP.BIDEN,Joe Biden to be Democratic VP Nominee in 2008,9,43.7,Aug/20/2008 21:40:23
607635,NEW.DEM.VP.BIDEN,Joe Biden to be Democratic VP Nominee in 2008,1,40.0,Aug/20/2008 21:57:39
607635,NEW.DEM.VP.BIDEN,Joe Biden to be Democratic VP Nominee in 2008,3,40.9,Aug/20/2008 21:57:39
607635,NEW.DEM.VP.BIDEN,Joe Biden to be Democratic VP Nominee in 2008,14,40.0,Aug/20/2008 21:57:39
607635,NEW.DEM.VP.BIDEN,Joe Biden to be Democratic VP Nominee in 2008,1,41.0,Aug/20/2008 21:57:39
607635,NEW.DEM.VP.BIDEN,Joe Biden to be Democratic VP Nominee in 2008,10,39.0,Aug/20/2008 21:58:06
607635,NEW.DEM.VP.BIDEN,Joe Biden to be Democratic VP Nominee in 2008,10,38.0,Aug/20/2008 21:58:19
607635,NEW.DEM.VP.BIDEN,Joe Biden to be Democratic VP Nominee in 2008,10,38.0,Aug/20/2008 21:58:38
607635,NEW.DEM.VP.BIDEN,Joe Biden to be Democratic VP Nominee in 2008,30,38.0,Aug/20/2008 22:04:37
607635,NEW.DEM.VP.BIDEN,Joe Biden to be Democratic VP Nominee in 2008,19,35.1,Aug/20/2008 22:05:12
607635,NEW.DEM.VP.BIDEN,Joe Biden to be Democratic VP Nominee in 2008,26,35.0,Aug/20/2008 22:05:38
607635,NEW.DEM.VP.BIDEN,Joe Biden to be Democratic VP Nominee in 2008,1,42.0,Aug/20/2008 23:05:53
607635,NEW.DEM.VP.BIDEN,Joe Biden to be Democratic VP Nominee in 2008,29,41.0,Aug/20/2008 23:37:48
607635,NEW.DEM.VP.BIDEN,Joe Biden to be Democratic VP Nominee in 2008,2,43.0,Aug/21/2008 00:04:14
607635,NEW.DEM.VP.BIDEN,Joe Biden to be Democratic VP Nominee in 2008,1,41.1,Aug/21/2008 00:18:01
607635,NEW.DEM.VP.BIDEN,Joe Biden to be Democratic VP Nominee in 2008,9,41.1,Aug/21/2008 00:18:15
607635,NEW.DEM.VP.BIDEN,Joe Biden to be Democratic VP Nominee in 2008,5,40.0,Aug/21/2008 00:51:23
607635,NEW.DEM.VP.BIDEN,Joe Biden to be Democratic VP Nominee in 2008,10,40.0,Aug/21/2008 00:51:23
607635,NEW.DEM.VP.BIDEN,Joe Biden to be Democratic VP Nominee in 2008,10,42.0,Aug/21/2008 00:55:15
607635,NEW.DEM.VP.BIDEN,Joe Biden to be Democratic VP Nominee in 2008,19,35.0,Aug/21/2008 01:31:30
607635,NEW.DEM.VP.BIDEN,Joe Biden to be Democratic VP Nominee in 2008,5,35.5,Aug/21/2008 01:31:30
607635,NEW.DEM.VP.BIDEN,Joe Biden to be Democratic VP Nominee in 2008,16,35.6,Aug/21/2008 01:31:30
607635,NEW.DEM.VP.BIDEN,Joe Biden to be Democratic VP Nominee in 2008,1,41.0,Aug/21/2008 01:33:05
607635,NEW.DEM.VP.BIDEN,Joe Biden to be Democratic VP Nominee in 2008,10,35.1,Aug/21/2008 01:48:24
607635,NEW.DEM.VP.BIDEN,Joe Biden to be Democratic VP Nominee in 2008,9,41.0,Aug/21/2008 01:58:43
607635,NEW.DEM.VP.BIDEN,Joe Biden to be Democratic VP Nominee in 2008,19,39.9,Aug/21/2008 02:45:51
607635,NEW.DEM.VP.BIDEN,Joe Biden to be Democratic VP Nominee in 2008,10,42.5,Aug/21/2008 03:10:05
607635,NEW.DEM.VP.BIDEN,Joe Biden to be Democratic VP Nominee in 2008,1,35.1,Aug/21/2008 03:21:02
607635,NEW.DEM.VP.BIDEN,Joe Biden to be Democratic VP Nominee in 2008,2,39.0,Aug/21/2008 03:47:13
607635,NEW.DEM.VP.BIDEN,Joe Biden to be Democratic VP Nominee in 2008,1,42.5,Aug/21/2008 03:55:35
607635,NEW.DEM.VP.BIDEN,Joe Biden to be Democratic VP Nominee in 2008,1,42.5,Aug/21/2008 03:55:35
607635,NEW.DEM.VP.BIDEN,Joe Biden to be Democratic VP Nominee in 2008,12,42.4,Aug/21/2008 04:10:54
607635,NEW.DEM.VP.BIDEN,Joe Biden to be Democratic VP Nominee in 2008,15,42.5,Aug/21/2008 04:19:07
607635,NEW.DEM.VP.BIDEN,Joe Biden to be Democratic VP Nominee in 2008,2,35.3,Aug/21/2008 05:03:32
607635,NEW.DEM.VP.BIDEN,Joe Biden to be Democratic VP Nominee in 2008,3,35.1,Aug/21/2008 05:03:55
607635,NEW.DEM.VP.BIDEN,Joe Biden to be Democratic VP Nominee in 2008,1,42.3,Aug/21/2008 05:07:09
607635,NEW.DEM.VP.BIDEN,Joe Biden to be Democratic VP Nominee in 2008,25,42.3,Aug/21/2008 05:48:31
607635,NEW.DEM.VP.BIDEN,Joe Biden to be Democratic VP Nominee in 2008,2,41.9,Aug/21/2008 05:48:31
607635,NEW.DEM.VP.BIDEN,Joe Biden to be Democratic VP Nominee in 2008,1,41.8,Aug/21/2008 05:48:31
607635,NEW.DEM.VP.BIDEN,Joe Biden to be Democratic VP Nominee in 2008,1,37.7,Aug/21/2008 07:16:56
607635,NEW.DEM.VP.BIDEN,Joe Biden to be Democratic VP Nominee in 2008,17,39.9,Aug/21/2008 07:31:52
607635,NEW.DEM.VP.BIDEN,Joe Biden to be Democratic VP Nominee in 2008,15,39.9,Aug/21/2008 07:42:06
607635,NEW.DEM.VP.BIDEN,Joe Biden to be Democratic VP Nominee in 2008,16,39.9,Aug/21/2008 07:42:59
607635,NEW.DEM.VP.BIDEN,Joe Biden to be Democratic VP Nominee in 2008,15,39.9,Aug/21/2008 07:44:02
607635,NEW.DEM.VP.BIDEN,Joe Biden to be Democratic VP Nominee in 2008,16,39.9,Aug/21/2008 07:48:58
607635,NEW.DEM.VP.BIDEN,Joe Biden to be Democratic VP Nominee in 2008,19,39.9,Aug/21/2008 08:07:56
607635,NEW.DEM.VP.BIDEN,Joe Biden to be Democratic VP Nominee in 2008,15,39.9,Aug/21/2008 08:09:12
607635,NEW.DEM.VP.BIDEN,Joe Biden to be Democratic VP Nominee in 2008,19,39.9,Aug/21/2008 08:09:40
607635,NEW.DEM.VP.BIDEN,Joe Biden to be Democratic VP Nominee in 2008,19,39.9,Aug/21/2008 08:11:28
607635,NEW.DEM.VP.BIDEN,Joe Biden to be Democratic VP Nominee in 2008,5,39.9,Aug/21/2008 08:13:02
607635,NEW.DEM.VP.BIDEN,Joe Biden to be Democratic VP Nominee in 2008,1,36.9,Aug/21/2008 09:03:15
607635,NEW.DEM.VP.BIDEN,Joe Biden to be Democratic VP Nominee in 2008,1,36.8,Aug/21/2008 09:04:21
607635,NEW.DEM.VP.BIDEN,Joe Biden to be Democratic VP Nominee in 2008,4,41.9,Aug/21/2008 11:07:13
607635,NEW.DEM.VP.BIDEN,Joe Biden to be Democratic VP Nominee in 2008,1,41.8,Aug/21/2008 11:07:13
607635,NEW.DEM.VP.BIDEN,Joe Biden to be Democratic VP Nominee in 2008,19,42.5,Aug/21/2008 11:07:46
607635,NEW.DEM.VP.BIDEN,Joe Biden to be Democratic VP Nominee in 2008,1,41.9,Aug/21/2008 11:07:46
607635,NEW.DEM.VP.BIDEN,Joe Biden to be Democratic VP Nominee in 2008,3,42.4,Aug/21/2008 11:08:53
607635,NEW.DEM.VP.BIDEN,Joe Biden to be Democratic VP Nominee in 2008,1,40.0,Aug/21/2008 13:10:48
607635,NEW.DEM.VP.BIDEN,Joe Biden to be Democratic VP Nominee in 2008,15,37.2,Aug/21/2008 14:31:05
607635,NEW.DEM.VP.BIDEN,Joe Biden to be Democratic VP Nominee in 2008,1,38.0,Aug/21/2008 15:31:35
607635,NEW.DEM.VP.BIDEN,Joe Biden to be Democratic VP Nominee in 2008,10,38.3,Aug/21/2008 15:53:22
607635,NEW.DEM.VP.BIDEN,Joe Biden to be Democratic VP Nominee in 2008,10,38.1,Aug/21/2008 15:53:33
607635,NEW.DEM.VP.BIDEN,Joe Biden to be Democratic VP Nominee in 2008,1,37.1,Aug/21/2008 16:09:59
607635,NEW.DEM.VP.BIDEN,Joe Biden to be Democratic VP Nominee in 2008,27,37.0,Aug/21/2008 16:47:57
607635,NEW.DEM.VP.BIDEN,Joe Biden to be Democratic VP Nominee in 2008,20,35.5,Aug/21/2008 17:07:35
607635,NEW.DEM.VP.BIDEN,Joe Biden to be Democratic VP Nominee in 2008,1,35.5,Aug/21/2008 17:07:35
607635,NEW.DEM.VP.BIDEN,Joe Biden to be Democratic VP Nominee in 2008,29,35.4,Aug/21/2008 17:08:33
607635,NEW.DEM.VP.BIDEN,Joe Biden to be Democratic VP Nominee in 2008,17,35.1,Aug/21/2008 17:15:11
607635,NEW.DEM.VP.BIDEN,Joe Biden to be Democratic VP Nominee in 2008,25,35.0,Aug/21/2008 17:17:19
607635,NEW.DEM.VP.BIDEN,Joe Biden to be Democratic VP Nominee in 2008,20,35.0,Aug/21/2008 17:19:21
607635,NEW.DEM.VP.BIDEN,Joe Biden to be Democratic VP Nominee in 2008,2,38.0,Aug/21/2008 17:40:31
607635,NEW.DEM.VP.BIDEN,Joe Biden to be Democratic VP Nominee in 2008,10,36.7,Aug/21/2008 18:15:15
607635,NEW.DEM.VP.BIDEN,Joe Biden to be Democratic VP Nominee in 2008,3,37.4,Aug/21/2008 18:47:23
607635,NEW.DEM.VP.BIDEN,Joe Biden to be Democratic VP Nominee in 2008,1,38.4,Aug/21/2008 19:13:08
607635,NEW.DEM.VP.BIDEN,Joe Biden to be Democratic VP Nominee in 2008,24,39.0,Aug/21/2008 19:13:08
607635,NEW.DEM.VP.BIDEN,Joe Biden to be Democratic VP Nominee in 2008,2,38.9,Aug/21/2008 19:13:08
607635,NEW.DEM.VP.BIDEN,Joe Biden to be Democratic VP Nominee in 2008,1,39.0,Aug/21/2008 19:15:12
607635,NEW.DEM.VP.BIDEN,Joe Biden to be Democratic VP Nominee in 2008,10,40.0,Aug/21/2008 19:47:05
607635,NEW.DEM.VP.BIDEN,Joe Biden to be Democratic VP Nominee in 2008,1,40.5,Aug/21/2008 20:07:38
607635,NEW.DEM.VP.BIDEN,Joe Biden to be Democratic VP Nominee in 2008,1,41.0,Aug/21/2008 20:13:10
607635,NEW.DEM.VP.BIDEN,Joe Biden to be Democratic VP Nominee in 2008,9,41.0,Aug/21/2008 20:15:34
607635,NEW.DEM.VP.BIDEN,Joe Biden to be Democratic VP Nominee in 2008,2,41.5,Aug/21/2008 20:31:05
607635,NEW.DEM.VP.BIDEN,Joe Biden to be Democratic VP Nominee in 2008,1,41.9,Aug/21/2008 20:31:56
607635,NEW.DEM.VP.BIDEN,Joe Biden to be Democratic VP Nominee in 2008,1,42.0,Aug/21/2008 20:33:13
607635,NEW.DEM.VP.BIDEN,Joe Biden to be Democratic VP Nominee in 2008,3,41.5,Aug/21/2008 20:34:11
607635,NEW.DEM.VP.BIDEN,Joe Biden to be Democratic VP Nominee in 2008,5,41.7,Aug/21/2008 20:44:40
607635,NEW.DEM.VP.BIDEN,Joe Biden to be Democratic VP Nominee in 2008,4,41.4,Aug/21/2008 21:11:25
607635,NEW.DEM.VP.BIDEN,Joe Biden to be Democratic VP Nominee in 2008,6,41.4,Aug/21/2008 21:12:09
607635,NEW.DEM.VP.BIDEN,Joe Biden to be Democratic VP Nominee in 2008,4,40.0,Aug/21/2008 21:29:40
607635,NEW.DEM.VP.BIDEN,Joe Biden to be Democratic VP Nominee in 2008,46,40.0,Aug/21/2008 21:29:40
607635,NEW.DEM.VP.BIDEN,Joe Biden to be Democratic VP Nominee in 2008,30,40.9,Aug/21/2008 21:30:54
607635,NEW.DEM.VP.BIDEN,Joe Biden to be Democratic VP Nominee in 2008,2,42.0,Aug/21/2008 21:31:18
607635,NEW.DEM.VP.BIDEN,Joe Biden to be Democratic VP Nominee in 2008,8,42.0,Aug/21/2008 21:31:18
607635,NEW.DEM.VP.BIDEN,Joe Biden to be Democratic VP Nominee in 2008,2,40.1,Aug/21/2008 21:46:37
607635,NEW.DEM.VP.BIDEN,Joe Biden to be Democratic VP Nominee in 2008,9,40.0,Aug/21/2008 22:08:45
607635,NEW.DEM.VP.BIDEN,Joe Biden to be Democratic VP Nominee in 2008,1,36.1,Aug/21/2008 22:28:54
607635,NEW.DEM.VP.BIDEN,Joe Biden to be Democratic VP Nominee in 2008,3,40.0,Aug/21/2008 22:38:30
607635,NEW.DEM.VP.BIDEN,Joe Biden to be Democratic VP Nominee in 2008,103,42.5,Aug/21/2008 23:08:01
607635,NEW.DEM.VP.BIDEN,Joe Biden to be Democratic VP Nominee in 2008,7,42.5,Aug/21/2008 23:12:09
607635,NEW.DEM.VP.BIDEN,Joe Biden to be Democratic VP Nominee in 2008,3,41.0,Aug/21/2008 23:25:43
607635,NEW.DEM.VP.BIDEN,Joe Biden to be Democratic VP Nominee in 2008,4,41.0,Aug/21/2008 23:29:47
607635,NEW.DEM.VP.BIDEN,Joe Biden to be Democratic VP Nominee in 2008,1,42.0,Aug/22/2008 00:37:28
607635,NEW.DEM.VP.BIDEN,Joe Biden to be Democratic VP Nominee in 2008,4,42.5,Aug/22/2008 00:38:16
607635,NEW.DEM.VP.BIDEN,Joe Biden to be Democratic VP Nominee in 2008,3,42.0,Aug/22/2008 01:18:26
607635,NEW.DEM.VP.BIDEN,Joe Biden to be Democratic VP Nominee in 2008,3,42.0,Aug/22/2008 01:18:28
607635,NEW.DEM.VP.BIDEN,Joe Biden to be Democratic VP Nominee in 2008,15,41.3,Aug/22/2008 01:36:34
607635,NEW.DEM.VP.BIDEN,Joe Biden to be Democratic VP Nominee in 2008,50,42.5,Aug/22/2008 01:46:53
607635,NEW.DEM.VP.BIDEN,Joe Biden to be Democratic VP Nominee in 2008,21,42.5,Aug/22/2008 01:51:50
607635,NEW.DEM.VP.BIDEN,Joe Biden to be Democratic VP Nominee in 2008,3,43.0,Aug/22/2008 01:55:12
607635,NEW.DEM.VP.BIDEN,Joe Biden to be Democratic VP Nominee in 2008,6,43.0,Aug/22/2008 02:05:23
607635,NEW.DEM.VP.BIDEN,Joe Biden to be Democratic VP Nominee in 2008,1,43.1,Aug/22/2008 02:05:23
607635,NEW.DEM.VP.BIDEN,Joe Biden to be Democratic VP Nominee in 2008,1,43.4,Aug/22/2008 02:31:59
607635,NEW.DEM.VP.BIDEN,Joe Biden to be Democratic VP Nominee in 2008,150,44.0,Aug/22/2008 02:40:17
607635,NEW.DEM.VP.BIDEN,Joe Biden to be Democratic VP Nominee in 2008,10,44.0,Aug/22/2008 02:54:33
607635,NEW.DEM.VP.BIDEN,Joe Biden to be Democratic VP Nominee in 2008,2,43.0,Aug/22/2008 02:59:23
607635,NEW.DEM.VP.BIDEN,Joe Biden to be Democratic VP Nominee in 2008,1,43.2,Aug/22/2008 02:59:23
607635,NEW.DEM.VP.BIDEN,Joe Biden to be Democratic VP Nominee in 2008,1,43.5,Aug/22/2008 02:59:23
607635,NEW.DEM.VP.BIDEN,Joe Biden to be Democratic VP Nominee in 2008,96,43.0,Aug/22/2008 03:39:32
607635,NEW.DEM.VP.BIDEN,Joe Biden to be Democratic VP Nominee in 2008,103,43.0,Aug/22/2008 03:41:45
607635,NEW.DEM.VP.BIDEN,Joe Biden to be Democratic VP Nominee in 2008,73,43.0,Aug/22/2008 03:42:19
607635,NEW.DEM.VP.BIDEN,Joe Biden to be Democratic VP Nominee in 2008,10,43.0,Aug/22/2008 03:47:08
607635,NEW.DEM.VP.BIDEN,Joe Biden to be Democratic VP Nominee in 2008,10,43.0,Aug/22/2008 03:47:23
607635,NEW.DEM.VP.BIDEN,Joe Biden to be Democratic VP Nominee in 2008,18,44.0,Aug/22/2008 03:47:30
607635,NEW.DEM.VP.BIDEN,Joe Biden to be Democratic VP Nominee in 2008,2,43.9,Aug/22/2008 03:47:30
607635,NEW.DEM.VP.BIDEN,Joe Biden to be Democratic VP Nominee in 2008,20,44.0,Aug/22/2008 04:04:33
607635,NEW.DEM.VP.BIDEN,Joe Biden to be Democratic VP Nominee in 2008,2,44.0,Aug/22/2008 04:09:43
607635,NEW.DEM.VP.BIDEN,Joe Biden to be Democratic VP Nominee in 2008,4,45.0,Aug/22/2008 04:10:33
607635,NEW.DEM.VP.BIDEN,Joe Biden to be Democratic VP Nominee in 2008,50,45.0,Aug/22/2008 04:10:33
607635,NEW.DEM.VP.BIDEN,Joe Biden to be Democratic VP Nominee in 2008,15,47.5,Aug/22/2008 04:10:33
607635,NEW.DEM.VP.BIDEN,Joe Biden to be Democratic VP Nominee in 2008,5,49.0,Aug/22/2008 04:12:43
607635,NEW.DEM.VP.BIDEN,Joe Biden to be Democratic VP Nominee in 2008,6,47.5,Aug/22/2008 04:12:43
607635,NEW.DEM.VP.BIDEN,Joe Biden to be Democratic VP Nominee in 2008,1,43.1,Aug/22/2008 04:29:31
607635,NEW.DEM.VP.BIDEN,Joe Biden to be Democratic VP Nominee in 2008,21,49.6,Aug/22/2008 05:06:03
607635,NEW.DEM.VP.BIDEN,Joe Biden to be Democratic VP Nominee in 2008,5,50.0,Aug/22/2008 05:12:40
607635,NEW.DEM.VP.BIDEN,Joe Biden to be Democratic VP Nominee in 2008,1,52.0,Aug/22/2008 05:46:34
607635,NEW.DEM.VP.BIDEN,Joe Biden to be Democratic VP Nominee in 2008,35,50.0,Aug/22/2008 06:36:47
607635,NEW.DEM.VP.BIDEN,Joe Biden to be Democratic VP Nominee in 2008,10,55.0,Aug/22/2008 09:26:17
607635,NEW.DEM.VP.BIDEN,Joe Biden to be Democratic VP Nominee in 2008,5,55.0,Aug/22/2008 09:26:17
607635,NEW.DEM.VP.BIDEN,Joe Biden to be Democratic VP Nominee in 2008,2,51.0,Aug/22/2008 10:02:52
607635,NEW.DEM.VP.BIDEN,Joe Biden to be Democratic VP Nominee in 2008,32,50.0,Aug/22/2008 10:02:52
607635,NEW.DEM.VP.BIDEN,Joe Biden to be Democratic VP Nominee in 2008,2,51.5,Aug/22/2008 10:05:33
607635,NEW.DEM.VP.BIDEN,Joe Biden to be Democratic VP Nominee in 2008,2,53.3,Aug/22/2008 10:07:23
607635,NEW.DEM.VP.BIDEN,Joe Biden to be Democratic VP Nominee in 2008,1,53.3,Aug/22/2008 10:15:29
607635,NEW.DEM.VP.BIDEN,Joe Biden to be Democratic VP Nominee in 2008,4,52.0,Aug/22/2008 11:00:42
607635,NEW.DEM.VP.BIDEN,Joe Biden to be Democratic VP Nominee in 2008,3,53.0,Aug/22/2008 11:24:19
607635,NEW.DEM.VP.BIDEN,Joe Biden to be Democratic VP Nominee in 2008,1,52.0,Aug/22/2008 11:24:19
607635,NEW.DEM.VP.BIDEN,Joe Biden to be Democratic VP Nominee in 2008,3,53.3,Aug/22/2008 11:24:51
607635,NEW.DEM.VP.BIDEN,Joe Biden to be Democratic VP Nominee in 2008,47,45.0,Aug/22/2008 11:36:48
607635,NEW.DEM.VP.BIDEN,Joe Biden to be Democratic VP Nominee in 2008,3,50.0,Aug/22/2008 11:36:48
607635,NEW.DEM.VP.BIDEN,Joe Biden to be Democratic VP Nominee in 2008,5,50.1,Aug/22/2008 11:36:48
607635,NEW.DEM.VP.BIDEN,Joe Biden to be Democratic VP Nominee in 2008,21,50.5,Aug/22/2008 11:41:18
607635,NEW.DEM.VP.BIDEN,Joe Biden to be Democratic VP Nominee in 2008,25,50.0,Aug/22/2008 11:52:12
607635,NEW.DEM.VP.BIDEN,Joe Biden to be Democratic VP Nominee in 2008,10,49.9,Aug/22/2008 12:10:09
607635,NEW.DEM.VP.BIDEN,Joe Biden to be Democratic VP Nominee in 2008,1,49.9,Aug/22/2008 12:19:09
607635,NEW.DEM.VP.BIDEN,Joe Biden to be Democratic VP Nominee in 2008,3,49.9,Aug/22/2008 12:23:39
607635,NEW.DEM.VP.BIDEN,Joe Biden to be Democratic VP Nominee in 2008,10,50.0,Aug/22/2008 12:29:07
607635,NEW.DEM.VP.BIDEN,Joe Biden to be Democratic VP Nominee in 2008,1,52.0,Aug/22/2008 12:47:14
607635,NEW.DEM.VP.BIDEN,Joe Biden to be Democratic VP Nominee in 2008,1,52.0,Aug/22/2008 12:47:19
607635,NEW.DEM.VP.BIDEN,Joe Biden to be Democratic VP Nominee in 2008,8,52.0,Aug/22/2008 12:48:00
607635,NEW.DEM.VP.BIDEN,Joe Biden to be Democratic VP Nominee in 2008,9,52.0,Aug/22/2008 12:48:00
607635,NEW.DEM.VP.BIDEN,Joe Biden to be Democratic VP Nominee in 2008,1,52.0,Aug/22/2008 12:58:46
607635,NEW.DEM.VP.BIDEN,Joe Biden to be Democratic VP Nominee in 2008,50,55.0,Aug/22/2008 13:04:11
607635,NEW.DEM.VP.BIDEN,Joe Biden to be Democratic VP Nominee in 2008,1,54.9,Aug/22/2008 13:04:11
607635,NEW.DEM.VP.BIDEN,Joe Biden to be Democratic VP Nominee in 2008,1,53.5,Aug/22/2008 13:46:14
607635,NEW.DEM.VP.BIDEN,Joe Biden to be Democratic VP Nominee in 2008,4,55.0,Aug/22/2008 13:46:14
607635,NEW.DEM.VP.BIDEN,Joe Biden to be Democratic VP Nominee in 2008,1,54.9,Aug/22/2008 13:46:14
607635,NEW.DEM.VP.BIDEN,Joe Biden to be Democratic VP Nominee in 2008,1,54.0,Aug/22/2008 13:46:14
607635,NEW.DEM.VP.BIDEN,Joe Biden to be Democratic VP Nominee in 2008,2,56.6,Aug/22/2008 13:47:06
607635,NEW.DEM.VP.BIDEN,Joe Biden to be Democratic VP Nominee in 2008,15,54.5,Aug/22/2008 13:54:01
607635,NEW.DEM.VP.BIDEN,Joe Biden to be Democratic VP Nominee in 2008,1,55.0,Aug/22/2008 13:58:16
607635,NEW.DEM.VP.BIDEN,Joe Biden to be Democratic VP Nominee in 2008,1,56.9,Aug/22/2008 13:58:53
607635,NEW.DEM.VP.BIDEN,Joe Biden to be Democratic VP Nominee in 2008,28,58.1,Aug/22/2008 14:02:47
607635,NEW.DEM.VP.BIDEN,Joe Biden to be Democratic VP Nominee in 2008,19,59.0,Aug/22/2008 14:04:21
607635,NEW.DEM.VP.BIDEN,Joe Biden to be Democratic VP Nominee in 2008,10,58.1,Aug/22/2008 14:04:21
607635,NEW.DEM.VP.BIDEN,Joe Biden to be Democratic VP Nominee in 2008,1,60.0,Aug/22/2008 14:06:20
607635,NEW.DEM.VP.BIDEN,Joe Biden to be Democratic VP Nominee in 2008,4,60.0,Aug/22/2008 14:06:20
607635,NEW.DEM.VP.BIDEN,Joe Biden to be Democratic VP Nominee in 2008,10,60.0,Aug/22/2008 14:07:06
607635,NEW.DEM.VP.BIDEN,Joe Biden to be Democratic VP Nominee in 2008,36,60.0,Aug/22/2008 14:09:29
607635,NEW.DEM.VP.BIDEN,Joe Biden to be Democratic VP Nominee in 2008,10,59.9,Aug/22/2008 14:09:29
607635,NEW.DEM.VP.BIDEN,Joe Biden to be Democratic VP Nominee in 2008,1,63.0,Aug/22/2008 14:10:21
607635,NEW.DEM.VP.BIDEN,Joe Biden to be Democratic VP Nominee in 2008,2,56.9,Aug/22/2008 14:10:47
607635,NEW.DEM.VP.BIDEN,Joe Biden to be Democratic VP Nominee in 2008,20,60.0,Aug/22/2008 14:22:10
607635,NEW.DEM.VP.BIDEN,Joe Biden to be Democratic VP Nominee in 2008,20,60.0,Aug/22/2008 14:22:10
607635,NEW.DEM.VP.BIDEN,Joe Biden to be Democratic VP Nominee in 2008,5,60.0,Aug/22/2008 14:24:25
607635,NEW.DEM.VP.BIDEN,Joe Biden to be Democratic VP Nominee in 2008,5,60.0,Aug/22/2008 14:24:25
607635,NEW.DEM.VP.BIDEN,Joe Biden to be Democratic VP Nominee in 2008,1,60.0,Aug/22/2008 14:26:27
607635,NEW.DEM.VP.BIDEN,Joe Biden to be Democratic VP Nominee in 2008,22,60.0,Aug/22/2008 14:26:31
607635,NEW.DEM.VP.BIDEN,Joe Biden to be Democratic VP Nominee in 2008,29,55.9,Aug/22/2008 14:28:42
607635,NEW.DEM.VP.BIDEN,Joe Biden to be Democratic VP Nominee in 2008,7,58.1,Aug/22/2008 14:31:25
607635,NEW.DEM.VP.BIDEN,Joe Biden to be Democratic VP Nominee in 2008,1,52.0,Aug/22/2008 14:37:52
607635,NEW.DEM.VP.BIDEN,Joe Biden to be Democratic VP Nominee in 2008,17,56.2,Aug/22/2008 15:07:07
607635,NEW.DEM.VP.BIDEN,Joe Biden to be Democratic VP Nominee in 2008,1,58.1,Aug/22/2008 15:10:10
607635,NEW.DEM.VP.BIDEN,Joe Biden to be Democratic VP Nominee in 2008,16,58.1,Aug/22/2008 15:11:07
607635,NEW.DEM.VP.BIDEN,Joe Biden to be Democratic VP Nominee in 2008,1,56.2,Aug/22/2008 15:21:04
607635,NEW.DEM.VP.BIDEN,Joe Biden to be Democratic VP Nominee in 2008,1,56.2,Aug/22/2008 15:21:14
607635,NEW.DEM.VP.BIDEN,Joe Biden to be Democratic VP Nominee in 2008,21,56.2,Aug/22/2008 15:23:12
607635,NEW.DEM.VP.BIDEN,Joe Biden to be Democratic VP Nominee in 2008,10,56.2,Aug/22/2008 15:31:31
607635,NEW.DEM.VP.BIDEN,Joe Biden to be Democratic VP Nominee in 2008,1,57.0,Aug/22/2008 15:38:08
607635,NEW.DEM.VP.BIDEN,Joe Biden to be Democratic VP Nominee in 2008,4,57.0,Aug/22/2008 15:38:50
607635,NEW.DEM.VP.BIDEN,Joe Biden to be Democratic VP Nominee in 2008,1,54.0,Aug/22/2008 15:40:12
607635,NEW.DEM.VP.BIDEN,Joe Biden to be Democratic VP Nominee in 2008,1,55.1,Aug/22/2008 15:42:35
607635,NEW.DEM.VP.BIDEN,Joe Biden to be Democratic VP Nominee in 2008,20,55.0,Aug/22/2008 15:42:49
607635,NEW.DEM.VP.BIDEN,Joe Biden to be Democratic VP Nominee in 2008,5,57.4,Aug/22/2008 15:42:56
607635,NEW.DEM.VP.BIDEN,Joe Biden to be Democratic VP Nominee in 2008,5,55.0,Aug/22/2008 15:42:56
607635,NEW.DEM.VP.BIDEN,Joe Biden to be Democratic VP Nominee in 2008,2,53.6,Aug/22/2008 15:46:23
607635,NEW.DEM.VP.BIDEN,Joe Biden to be Democratic VP Nominee in 2008,9,53.5,Aug/22/2008 15:46:40
607635,NEW.DEM.VP.BIDEN,Joe Biden to be Democratic VP Nominee in 2008,5,53.0,Aug/22/2008 15:46:54
607635,NEW.DEM.VP.BIDEN,Joe Biden to be Democratic VP Nominee in 2008,1,53.0,Aug/22/2008 15:46:54
607635,NEW.DEM.VP.BIDEN,Joe Biden to be Democratic VP Nominee in 2008,3,51.0,Aug/22/2008 15:48:33
607635,NEW.DEM.VP.BIDEN,Joe Biden to be Democratic VP Nominee in 2008,2,51.1,Aug/22/2008 15:48:33
607635,NEW.DEM.VP.BIDEN,Joe Biden to be Democratic VP Nominee in 2008,3,51.0,Aug/22/2008 15:48:54
607635,NEW.DEM.VP.BIDEN,Joe Biden to be Democratic VP Nominee in 2008,4,51.0,Aug/22/2008 15:48:55
607635,NEW.DEM.VP.BIDEN,Joe Biden to be Democratic VP Nominee in 2008,1,50.6,Aug/22/2008 15:49:09
607635,NEW.DEM.VP.BIDEN,Joe Biden to be Democratic VP Nominee in 2008,2,50.7,Aug/22/2008 15:49:09
607635,NEW.DEM.VP.BIDEN,Joe Biden to be Democratic VP Nominee in 2008,3,51.0,Aug/22/2008 15:49:12
607635,NEW.DEM.VP.BIDEN,Joe Biden to be Democratic VP Nominee in 2008,2,51.0,Aug/22/2008 15:49:23
607635,NEW.DEM.VP.BIDEN,Joe Biden to be Democratic VP Nominee in 2008,18,51.0,Aug/22/2008 15:49:38
607635,NEW.DEM.VP.BIDEN,Joe Biden to be Democratic VP Nominee in 2008,1,50.1,Aug/22/2008 15:49:56
607635,NEW.DEM.VP.BIDEN,Joe Biden to be Democratic VP Nominee in 2008,1,50.6,Aug/22/2008 15:49:56
607635,NEW.DEM.VP.BIDEN,Joe Biden to be Democratic VP Nominee in 2008,1,50.1,Aug/22/2008 15:50:13
607635,NEW.DEM.VP.BIDEN,Joe Biden to be Democratic VP Nominee in 2008,48,50.0,Aug/22/2008 15:50:29
607635,NEW.DEM.VP.BIDEN,Joe Biden to be Democratic VP Nominee in 2008,2,51.0,Aug/22/2008 15:52:11
607635,NEW.DEM.VP.BIDEN,Joe Biden to be Democratic VP Nominee in 2008,20,51.0,Aug/22/2008 15:53:02
607635,NEW.DEM.VP.BIDEN,Joe Biden to be Democratic VP Nominee in 2008,2,50.0,Aug/22/2008 15:54:29
607635,NEW.DEM.VP.BIDEN,Joe Biden to be Democratic VP Nominee in 2008,10,50.0,Aug/22/2008 15:54:29
607635,NEW.DEM.VP.BIDEN,Joe Biden to be Democratic VP Nominee in 2008,1,50.0,Aug/22/2008 15:56:53
607635,NEW.DEM.VP.BIDEN,Joe Biden to be Democratic VP Nominee in 2008,14,51.0,Aug/22/2008 16:06:17
607635,NEW.DEM.VP.BIDEN,Joe Biden to be Democratic VP Nominee in 2008,8,55.0,Aug/22/2008 16:06:17
607635,NEW.DEM.VP.BIDEN,Joe Biden to be Democratic VP Nominee in 2008,10,50.1,Aug/22/2008 16:25:17
607635,NEW.DEM.VP.BIDEN,Joe Biden to be Democratic VP Nominee in 2008,10,50.1,Aug/22/2008 16:25:17
607635,NEW.DEM.VP.BIDEN,Joe Biden to be Democratic VP Nominee in 2008,10,50.1,Aug/22/2008 16:26:01
607635,NEW.DEM.VP.BIDEN,Joe Biden to be Democratic VP Nominee in 2008,1,49.1,Aug/22/2008 16:32:25
607635,NEW.DEM.VP.BIDEN,Joe Biden to be Democratic VP Nominee in 2008,3,49.1,Aug/22/2008 16:36:08
607635,NEW.DEM.VP.BIDEN,Joe Biden to be Democratic VP Nominee in 2008,7,49.0,Aug/22/2008 16:36:08
607635,NEW.DEM.VP.BIDEN,Joe Biden to be Democratic VP Nominee in 2008,10,51.0,Aug/22/2008 16:41:48
607635,NEW.DEM.VP.BIDEN,Joe Biden to be Democratic VP Nominee in 2008,5,51.0,Aug/22/2008 16:44:02
607635,NEW.DEM.VP.BIDEN,Joe Biden to be Democratic VP Nominee in 2008,50,50.0,Aug/22/2008 16:57:05
607635,NEW.DEM.VP.BIDEN,Joe Biden to be Democratic VP Nominee in 2008,25,49.5,Aug/22/2008 17:03:34
607635,NEW.DEM.VP.BIDEN,Joe Biden to be Democratic VP Nominee in 2008,2,50.9,Aug/22/2008 17:12:08
607635,NEW.DEM.VP.BIDEN,Joe Biden to be Democratic VP Nominee in 2008,8,50.8,Aug/22/2008 17:12:08
607635,NEW.DEM.VP.BIDEN,Joe Biden to be Democratic VP Nominee in 2008,2,53.3,Aug/22/2008 17:13:16
607635,NEW.DEM.VP.BIDEN,Joe Biden to be Democratic VP Nominee in 2008,6,54.0,Aug/22/2008 17:16:17
607635,NEW.DEM.VP.BIDEN,Joe Biden to be Democratic VP Nominee in 2008,2,54.0,Aug/22/2008 17:20:28
607635,NEW.DEM.VP.BIDEN,Joe Biden to be Democratic VP Nominee in 2008,3,53.9,Aug/22/2008 17:20:28
607635,NEW.DEM.VP.BIDEN,Joe Biden to be Democratic VP Nominee in 2008,1,59.0,Aug/22/2008 17:23:48
607635,NEW.DEM.VP.BIDEN,Joe Biden to be Democratic VP Nominee in 2008,5,59.5,Aug/22/2008 17:23:48
607635,NEW.DEM.VP.BIDEN,Joe Biden to be Democratic VP Nominee in 2008,33,60.0,Aug/22/2008 17:23:48
607635,NEW.DEM.VP.BIDEN,Joe Biden to be Democratic VP Nominee in 2008,1,59.5,Aug/22/2008 17:23:48
607635,NEW.DEM.VP.BIDEN,Joe Biden to be Democratic VP Nominee in 2008,5,45.0,Aug/22/2008 17:41:58
607635,NEW.DEM.VP.BIDEN,Joe Biden to be Democratic VP Nominee in 2008,6,45.1,Aug/22/2008 17:41:58
607635,NEW.DEM.VP.BIDEN,Joe Biden to be Democratic VP Nominee in 2008,1,45.0,Aug/22/2008 17:41:58
607635,NEW.DEM.VP.BIDEN,Joe Biden to be Democratic VP Nominee in 2008,9,41.5,Aug/22/2008 17:41:58
607635,NEW.DEM.VP.BIDEN,Joe Biden to be Democratic VP Nominee in 2008,10,55.0,Aug/22/2008 17:48:02
607635,NEW.DEM.VP.BIDEN,Joe Biden to be Democratic VP Nominee in 2008,1,50.2,Aug/22/2008 17:48:02
607635,NEW.DEM.VP.BIDEN,Joe Biden to be Democratic VP Nominee in 2008,18,57.0,Aug/22/2008 17:56:58
607635,NEW.DEM.VP.BIDEN,Joe Biden to be Democratic VP Nominee in 2008,7,56.6,Aug/22/2008 17:56:58
607635,NEW.DEM.VP.BIDEN,Joe Biden to be Democratic VP Nominee in 2008,7,56.5,Aug/22/2008 17:56:58
607635,NEW.DEM.VP.BIDEN,Joe Biden to be Democratic VP Nominee in 2008,1,49.0,Aug/22/2008 18:03:44
607635,NEW.DEM.VP.BIDEN,Joe Biden to be Democratic VP Nominee in 2008,5,48.0,Aug/22/2008 18:09:46
607635,NEW.DEM.VP.BIDEN,Joe Biden to be Democratic VP Nominee in 2008,2,55.0,Aug/22/2008 18:15:20
607635,NEW.DEM.VP.BIDEN,Joe Biden to be Democratic VP Nominee in 2008,2,58.6,Aug/22/2008 18:15:44
607635,NEW.DEM.VP.BIDEN,Joe Biden to be Democratic VP Nominee in 2008,1,57.0,Aug/22/2008 18:18:34
607635,NEW.DEM.VP.BIDEN,Joe Biden to be Democratic VP Nominee in 2008,20,58.0,Aug/22/2008 18:21:28
607635,NEW.DEM.VP.BIDEN,Joe Biden to be Democratic VP Nominee in 2008,9,57.0,Aug/22/2008 18:21:28
607635,NEW.DEM.VP.BIDEN,Joe Biden to be Democratic VP Nominee in 2008,1,58.4,Aug/22/2008 18:31:14
607635,NEW.DEM.VP.BIDEN,Joe Biden to be Democratic VP Nominee in 2008,1,58.7,Aug/22/2008 18:31:14
607635,NEW.DEM.VP.BIDEN,Joe Biden to be Democratic VP Nominee in 2008,21,58.5,Aug/22/2008 18:31:14
607635,NEW.DEM.VP.BIDEN,Joe Biden to be Democratic VP Nominee in 2008,10,56.0,Aug/22/2008 19:11:00
607635,NEW.DEM.VP.BIDEN,Joe Biden to be Democratic VP Nominee in 2008,20,59.0,Aug/22/2008 19:19:18
607635,NEW.DEM.VP.BIDEN,Joe Biden to be Democratic VP Nominee in 2008,1,60.0,Aug/22/2008 19:20:05
607635,NEW.DEM.VP.BIDEN,Joe Biden to be Democratic VP Nominee in 2008,2,59.5,Aug/22/2008 19:20:05
607635,NEW.DEM.VP.BIDEN,Joe Biden to be Democratic VP Nominee in 2008,23,59.0,Aug/22/2008 19:20:05
607635,NEW.DEM.VP.BIDEN,Joe Biden to be Democratic VP Nominee in 2008,23,59.6,Aug/22/2008 19:20:05
607635,NEW.DEM.VP.BIDEN,Joe Biden to be Democratic VP Nominee in 2008,1,58.8,Aug/22/2008 19:20:05
607635,NEW.DEM.VP.BIDEN,Joe Biden to be Democratic VP Nominee in 2008,1,53.0,Aug/22/2008 19:28:19
607635,NEW.DEM.VP.BIDEN,Joe Biden to be Democratic VP Nominee in 2008,2,60.0,Aug/22/2008 19:28:54
607635,NEW.DEM.VP.BIDEN,Joe Biden to be Democratic VP Nominee in 2008,1,60.0,Aug/22/2008 19:28:54
607635,NEW.DEM.VP.BIDEN,Joe Biden to be Democratic VP Nominee in 2008,1,59.5,Aug/22/2008 19:28:54
607635,NEW.DEM.VP.BIDEN,Joe Biden to be Democratic VP Nominee in 2008,1,53.0,Aug/22/2008 19:35:54
607635,NEW.DEM.VP.BIDEN,Joe Biden to be Democratic VP Nominee in 2008,3,53.0,Aug/22/2008 19:38:01
607635,NEW.DEM.VP.BIDEN,Joe Biden to be Democratic VP Nominee in 2008,1,55.0,Aug/22/2008 19:48:29
607635,NEW.DEM.VP.BIDEN,Joe Biden to be Democratic VP Nominee in 2008,6,56.0,Aug/22/2008 19:55:11
607635,NEW.DEM.VP.BIDEN,Joe Biden to be Democratic VP Nominee in 2008,10,45.4,Aug/22/2008 19:56:28
607635,NEW.DEM.VP.BIDEN,Joe Biden to be Democratic VP Nominee in 2008,10,45.4,Aug/22/2008 20:09:52
607635,NEW.DEM.VP.BIDEN,Joe Biden to be Democratic VP Nominee in 2008,10,45.4,Aug/22/2008 20:09:52
607635,NEW.DEM.VP.BIDEN,Joe Biden to be Democratic VP Nominee in 2008,8,45.3,Aug/22/2008 20:10:26
607635,NEW.DEM.VP.BIDEN,Joe Biden to be Democratic VP Nominee in 2008,10,55.0,Aug/22/2008 20:41:08
607635,NEW.DEM.VP.BIDEN,Joe Biden to be Democratic VP Nominee in 2008,1,55.0,Aug/22/2008 20:53:23
607635,NEW.DEM.VP.BIDEN,Joe Biden to be Democratic VP Nominee in 2008,4,57.1,Aug/22/2008 21:05:10
607635,NEW.DEM.VP.BIDEN,Joe Biden to be Democratic VP Nominee in 2008,1,55.0,Aug/22/2008 21:09:58
607635,NEW.DEM.VP.BIDEN,Joe Biden to be Democratic VP Nominee in 2008,18,52.0,Aug/22/2008 21:10:36
607635,NEW.DEM.VP.BIDEN,Joe Biden to be Democratic VP Nominee in 2008,1,55.0,Aug/22/2008 21:16:05
607635,NEW.DEM.VP.BIDEN,Joe Biden to be Democratic VP Nominee in 2008,1,54.4,Aug/22/2008 21:34:14
607635,NEW.DEM.VP.BIDEN,Joe Biden to be Democratic VP Nominee in 2008,1,54.0,Aug/22/2008 21:37:04
607635,NEW.DEM.VP.BIDEN,Joe Biden to be Democratic VP Nominee in 2008,8,54.0,Aug/22/2008 21:37:31
607635,NEW.DEM.VP.BIDEN,Joe Biden to be Democratic VP Nominee in 2008,1,54.0,Aug/22/2008 21:37:49
607635,NEW.DEM.VP.BIDEN,Joe Biden to be Democratic VP Nominee in 2008,3,54.0,Aug/22/2008 21:45:33
607635,NEW.DEM.VP.BIDEN,Joe Biden to be Democratic VP Nominee in 2008,16,54.0,Aug/22/2008 21:57:09
607635,NEW.DEM.VP.BIDEN,Joe Biden to be Democratic VP Nominee in 2008,1,52.0,Aug/22/2008 22:00:50
607635,NEW.DEM.VP.BIDEN,Joe Biden to be Democratic VP Nominee in 2008,1,53.6,Aug/22/2008 22:18:54
607635,NEW.DEM.VP.BIDEN,Joe Biden to be Democratic VP Nominee in 2008,1,52.0,Aug/22/2008 22:19:07
607635,NEW.DEM.VP.BIDEN,Joe Biden to be Democratic VP Nominee in 2008,8,52.0,Aug/22/2008 22:19:18
607635,NEW.DEM.VP.BIDEN,Joe Biden to be Democratic VP Nominee in 2008,7,50.0,Aug/22/2008 22:19:48
607635,NEW.DEM.VP.BIDEN,Joe Biden to be Democratic VP Nominee in 2008,8,49.5,Aug/22/2008 22:20:00
607635,NEW.DEM.VP.BIDEN,Joe Biden to be Democratic VP Nominee in 2008,5,49.0,Aug/22/2008 22:20:23
607635,NEW.DEM.VP.BIDEN,Joe Biden to be Democratic VP Nominee in 2008,2,49.5,Aug/22/2008 22:20:23
607635,NEW.DEM.VP.BIDEN,Joe Biden to be Democratic VP Nominee in 2008,10,45.0,Aug/22/2008 22:20:23
607635,NEW.DEM.VP.BIDEN,Joe Biden to be Democratic VP Nominee in 2008,5,47.2,Aug/22/2008 22:20:23
607635,NEW.DEM.VP.BIDEN,Joe Biden to be Democratic VP Nominee in 2008,2,48.0,Aug/22/2008 22:20:23
607635,NEW.DEM.VP.BIDEN,Joe Biden to be Democratic VP Nominee in 2008,1,45.0,Aug/22/2008 22:20:25
607635,NEW.DEM.VP.BIDEN,Joe Biden to be Democratic VP Nominee in 2008,2,45.0,Aug/22/2008 22:20:30
607635,NEW.DEM.VP.BIDEN,Joe Biden to be Democratic VP Nominee in 2008,2,45.0,Aug/22/2008 22:20:30
607635,NEW.DEM.VP.BIDEN,Joe Biden to be Democratic VP Nominee in 2008,3,45.0,Aug/22/2008 22:21:07
607635,NEW.DEM.VP.BIDEN,Joe Biden to be Democratic VP Nominee in 2008,4,39.3,Aug/22/2008 22:21:18
607635,NEW.DEM.VP.BIDEN,Joe Biden to be Democratic VP Nominee in 2008,1,39.3,Aug/22/2008 22:21:18
607635,NEW.DEM.VP.BIDEN,Joe Biden to be Democratic VP Nominee in 2008,64,40.0,Aug/22/2008 22:21:35
607635,NEW.DEM.VP.BIDEN,Joe Biden to be Democratic VP Nominee in 2008,4,57.1,Aug/22/2008 22:21:58
607635,NEW.DEM.VP.BIDEN,Joe Biden to be Democratic VP Nominee in 2008,5,57.0,Aug/22/2008 22:21:58
607635,NEW.DEM.VP.BIDEN,Joe Biden to be Democratic VP Nominee in 2008,5,56.5,Aug/22/2008 22:21:58
607635,NEW.DEM.VP.BIDEN,Joe Biden to be Democratic VP Nominee in 2008,1,53.6,Aug/22/2008 22:21:58
607635,NEW.DEM.VP.BIDEN,Joe Biden to be Democratic VP Nominee in 2008,1,40.5,Aug/22/2008 22:23:45
607635,NEW.DEM.VP.BIDEN,Joe Biden to be Democratic VP Nominee in 2008,2,57.0,Aug/22/2008 22:23:58
607635,NEW.DEM.VP.BIDEN,Joe Biden to be Democratic VP Nominee in 2008,8,40.7,Aug/22/2008 22:26:09
607635,NEW.DEM.VP.BIDEN,Joe Biden to be Democratic VP Nominee in 2008,2,39.0,Aug/22/2008 22:26:19
607635,NEW.DEM.VP.BIDEN,Joe Biden to be Democratic VP Nominee in 2008,8,40.4,Aug/22/2008 22:26:19
607635,NEW.DEM.VP.BIDEN,Joe Biden to be Democratic VP Nominee in 2008,8,39.0,Aug/22/2008 22:26:29
607635,NEW.DEM.VP.BIDEN,Joe Biden to be Democratic VP Nominee in 2008,5,39.0,Aug/22/2008 22:26:29
607635,NEW.DEM.VP.BIDEN,Joe Biden to be Democratic VP Nominee in 2008,5,39.0,Aug/22/2008 22:26:38
607635,NEW.DEM.VP.BIDEN,Joe Biden to be Democratic VP Nominee in 2008,2,39.0,Aug/22/2008 22:26:48
607635,NEW.DEM.VP.BIDEN,Joe Biden to be Democratic VP Nominee in 2008,1,39.0,Aug/22/2008 22:27:27
607635,NEW.DEM.VP.BIDEN,Joe Biden to be Democratic VP Nominee in 2008,4,45.0,Aug/22/2008 22:32:48
607635,NEW.DEM.VP.BIDEN,Joe Biden to be Democratic VP Nominee in 2008,2,38.1,Aug/22/2008 22:33:17
607635,NEW.DEM.VP.BIDEN,Joe Biden to be Democratic VP Nominee in 2008,3,40.0,Aug/22/2008 22:33:17
607635,NEW.DEM.VP.BIDEN,Joe Biden to be Democratic VP Nominee in 2008,5,38.1,Aug/22/2008 22:33:28
607635,NEW.DEM.VP.BIDEN,Joe Biden to be Democratic VP Nominee in 2008,6,45.0,Aug/22/2008 22:34:10
607635,NEW.DEM.VP.BIDEN,Joe Biden to be Democratic VP Nominee in 2008,40,33.0,Aug/22/2008 22:34:21
607635,NEW.DEM.VP.BIDEN,Joe Biden to be Democratic VP Nominee in 2008,3,34.0,Aug/22/2008 22:34:21
607635,NEW.DEM.VP.BIDEN,Joe Biden to be Democratic VP Nominee in 2008,2,35.0,Aug/22/2008 22:34:21
607635,NEW.DEM.VP.BIDEN,Joe Biden to be Democratic VP Nominee in 2008,5,33.0,Aug/22/2008 22:34:30
607635,NEW.DEM.VP.BIDEN,Joe Biden to be Democratic VP Nominee in 2008,1,48.5,Aug/22/2008 22:34:48
607635,NEW.DEM.VP.BIDEN,Joe Biden to be Democratic VP Nominee in 2008,2,50.0,Aug/22/2008 22:35:43
607635,NEW.DEM.VP.BIDEN,Joe Biden to be Democratic VP Nominee in 2008,3,48.5,Aug/22/2008 22:35:43
607635,NEW.DEM.VP.BIDEN,Joe Biden to be Democratic VP Nominee in 2008,1,49.9,Aug/22/2008 22:36:18
607635,NEW.DEM.VP.BIDEN,Joe Biden to be Democratic VP Nominee in 2008,8,50.0,Aug/22/2008 22:38:00
607635,NEW.DEM.VP.BIDEN,Joe Biden to be Democratic VP Nominee in 2008,4,50.0,Aug/22/2008 22:38:24
607635,NEW.DEM.VP.BIDEN,Joe Biden to be Democratic VP Nominee in 2008,4,56.9,Aug/22/2008 22:39:07
607635,NEW.DEM.VP.BIDEN,Joe Biden to be Democratic VP Nominee in 2008,5,38.0,Aug/22/2008 22:41:57
607635,NEW.DEM.VP.BIDEN,Joe Biden to be Democratic VP Nominee in 2008,1,38.1,Aug/22/2008 22:41:57
607635,NEW.DEM.VP.BIDEN,Joe Biden to be Democratic VP Nominee in 2008,1,38.2,Aug/22/2008 22:41:57
607635,NEW.DEM.VP.BIDEN,Joe Biden to be Democratic VP Nominee in 2008,68,38.0,Aug/22/2008 22:42:12
607635,NEW.DEM.VP.BIDEN,Joe Biden to be Democratic VP Nominee in 2008,1,49.7,Aug/22/2008 22:42:56
607635,NEW.DEM.VP.BIDEN,Joe Biden to be Democratic VP Nominee in 2008,36,49.8,Aug/22/2008 22:46:56
607635,NEW.DEM.VP.BIDEN,Joe Biden to be Democratic VP Nominee in 2008,3,49.0,Aug/22/2008 22:46:56
607635,NEW.DEM.VP.BIDEN,Joe Biden to be Democratic VP Nominee in 2008,1,48.9,Aug/22/2008 22:46:56
607635,NEW.DEM.VP.BIDEN,Joe Biden to be Democratic VP Nominee in 2008,2,42.6,Aug/22/2008 22:47:28
607635,NEW.DEM.VP.BIDEN,Joe Biden to be Democratic VP Nominee in 2008,1,37.1,Aug/22/2008 22:47:45
607635,NEW.DEM.VP.BIDEN,Joe Biden to be Democratic VP Nominee in 2008,2,40.4,Aug/22/2008 22:47:45
607635,NEW.DEM.VP.BIDEN,Joe Biden to be Democratic VP Nominee in 2008,3,42.6,Aug/22/2008 22:47:53
607635,NEW.DEM.VP.BIDEN,Joe Biden to be Democratic VP Nominee in 2008,3,42.6,Aug/22/2008 22:48:00
607635,NEW.DEM.VP.BIDEN,Joe Biden to be Democratic VP Nominee in 2008,3,44.0,Aug/22/2008 22:50:30
607635,NEW.DEM.VP.BIDEN,Joe Biden to be Democratic VP Nominee in 2008,8,43.9,Aug/22/2008 22:50:30
607635,NEW.DEM.VP.BIDEN,Joe Biden to be Democratic VP Nominee in 2008,1,56.8,Aug/22/2008 22:51:15
607635,NEW.DEM.VP.BIDEN,Joe Biden to be Democratic VP Nominee in 2008,18,50.0,Aug/22/2008 22:55:46
607635,NEW.DEM.VP.BIDEN,Joe Biden to be Democratic VP Nominee in 2008,18,50.0,Aug/22/2008 22:56:07
607635,NEW.DEM.VP.BIDEN,Joe Biden to be Democratic VP Nominee in 2008,9,50.0,Aug/22/2008 22:56:25
607635,NEW.DEM.VP.BIDEN,Joe Biden to be Democratic VP Nominee in 2008,1,50.0,Aug/22/2008 22:57:07
607635,NEW.DEM.VP.BIDEN,Joe Biden to be Democratic VP Nominee in 2008,1,45.0,Aug/22/2008 23:02:24
607635,NEW.DEM.VP.BIDEN,Joe Biden to be Democratic VP Nominee in 2008,4,45.0,Aug/22/2008 23:02:47
607635,NEW.DEM.VP.BIDEN,Joe Biden to be Democratic VP Nominee in 2008,4,45.0,Aug/22/2008 23:02:47
607635,NEW.DEM.VP.BIDEN,Joe Biden to be Democratic VP Nominee in 2008,10,45.0,Aug/22/2008 23:03:29
607635,NEW.DEM.VP.BIDEN,Joe Biden to be Democratic VP Nominee in 2008,7,47.5,Aug/22/2008 23:04:32
607635,NEW.DEM.VP.BIDEN,Joe Biden to be Democratic VP Nominee in 2008,1,50.4,Aug/22/2008 23:05:12
607635,NEW.DEM.VP.BIDEN,Joe Biden to be Democratic VP Nominee in 2008,5,50.4,Aug/22/2008 23:05:30
607635,NEW.DEM.VP.BIDEN,Joe Biden to be Democratic VP Nominee in 2008,1,50.0,Aug/22/2008 23:05:30
607635,NEW.DEM.VP.BIDEN,Joe Biden to be Democratic VP Nominee in 2008,1,49.9,Aug/22/2008 23:05:42
607635,NEW.DEM.VP.BIDEN,Joe Biden to be Democratic VP Nominee in 2008,2,47.5,Aug/22/2008 23:05:54
607635,NEW.DEM.VP.BIDEN,Joe Biden to be Democratic VP Nominee in 2008,5,51.0,Aug/22/2008 23:08:16
607635,NEW.DEM.VP.BIDEN,Joe Biden to be Democratic VP Nominee in 2008,1,50.9,Aug/22/2008 23:08:16
607635,NEW.DEM.VP.BIDEN,Joe Biden to be Democratic VP Nominee in 2008,2,53.9,Aug/22/2008 23:08:16
607635,NEW.DEM.VP.BIDEN,Joe Biden to be Democratic VP Nominee in 2008,7,51.0,Aug/22/2008 23:08:16
607635,NEW.DEM.VP.BIDEN,Joe Biden to be Democratic VP Nominee in 2008,36,47.5,Aug/22/2008 23:08:27
607635,NEW.DEM.VP.BIDEN,Joe Biden to be Democratic VP Nominee in 2008,7,49.9,Aug/22/2008 23:08:27
607635,NEW.DEM.VP.BIDEN,Joe Biden to be Democratic VP Nominee in 2008,19,48.0,Aug/22/2008 23:08:27
607635,NEW.DEM.VP.BIDEN,Joe Biden to be Democratic VP Nominee in 2008,10,47.5,Aug/22/2008 23:08:56
607635,NEW.DEM.VP.BIDEN,Joe Biden to be Democratic VP Nominee in 2008,3,47.5,Aug/22/2008 23:09:04
607635,NEW.DEM.VP.BIDEN,Joe Biden to be Democratic VP Nominee in 2008,25,47.5,Aug/22/2008 23:09:08
607635,NEW.DEM.VP.BIDEN,Joe Biden to be Democratic VP Nominee in 2008,50,48.0,Aug/22/2008 23:09:43
607635,NEW.DEM.VP.BIDEN,Joe Biden to be Democratic VP Nominee in 2008,13,54.0,Aug/22/2008 23:09:54
607635,NEW.DEM.VP.BIDEN,Joe Biden to be Democratic VP Nominee in 2008,7,53.9,Aug/22/2008 23:09:54
607635,NEW.DEM.VP.BIDEN,Joe Biden to be Democratic VP Nominee in 2008,3,53.0,Aug/22/2008 23:10:46
607635,NEW.DEM.VP.BIDEN,Joe Biden to be Democratic VP Nominee in 2008,1,52.9,Aug/22/2008 23:10:46
607635,NEW.DEM.VP.BIDEN,Joe Biden to be Democratic VP Nominee in 2008,1,53.0,Aug/22/2008 23:11:34
607635,NEW.DEM.VP.BIDEN,Joe Biden to be Democratic VP Nominee in 2008,6,53.0,Aug/22/2008 23:13:04
607635,NEW.DEM.VP.BIDEN,Joe Biden to be Democratic VP Nominee in 2008,9,52.9,Aug/22/2008 23:13:04
607635,NEW.DEM.VP.BIDEN,Joe Biden to be Democratic VP Nominee in 2008,5,50.0,Aug/22/2008 23:13:34
607635,NEW.DEM.VP.BIDEN,Joe Biden to be Democratic VP Nominee in 2008,2,53.9,Aug/22/2008 23:14:57
607635,NEW.DEM.VP.BIDEN,Joe Biden to be Democratic VP Nominee in 2008,6,54.0,Aug/22/2008 23:15:49
607635,NEW.DEM.VP.BIDEN,Joe Biden to be Democratic VP Nominee in 2008,2,54.0,Aug/22/2008 23:19:18
607635,NEW.DEM.VP.BIDEN,Joe Biden to be Democratic VP Nominee in 2008,73,54.0,Aug/22/2008 23:19:18
607635,NEW.DEM.VP.BIDEN,Joe Biden to be Democratic VP Nominee in 2008,23,54.0,Aug/22/2008 23:20:04
607635,NEW.DEM.VP.BIDEN,Joe Biden to be Democratic VP Nominee in 2008,2,50.0,Aug/22/2008 23:26:15
607635,NEW.DEM.VP.BIDEN,Joe Biden to be Democratic VP Nominee in 2008,49,50.0,Aug/22/2008 23:26:15
607635,NEW.DEM.VP.BIDEN,Joe Biden to be Democratic VP Nominee in 2008,1,50.1,Aug/22/2008 23:26:15
607635,NEW.DEM.VP.BIDEN,Joe Biden to be Democratic VP Nominee in 2008,10,52.5,Aug/22/2008 23:28:02
607635,NEW.DEM.VP.BIDEN,Joe Biden to be Democratic VP Nominee in 2008,9,55.3,Aug/22/2008 23:52:06
607635,NEW.DEM.VP.BIDEN,Joe Biden to be Democratic VP Nominee in 2008,16,55.0,Aug/22/2008 23:57:32
607635,NEW.DEM.VP.BIDEN,Joe Biden to be Democratic VP Nominee in 2008,27,55.0,Aug/22/2008 23:57:38
607635,NEW.DEM.VP.BIDEN,Joe Biden to be Democratic VP Nominee in 2008,4,55.3,Aug/22/2008 23:59:35
607635,NEW.DEM.VP.BIDEN,Joe Biden to be Democratic VP Nominee in 2008,9,55.2,Aug/22/2008 23:59:35
607635,NEW.DEM.VP.BIDEN,Joe Biden to be Democratic VP Nominee in 2008,36,55.3,Aug/23/2008 00:00:50
607635,NEW.DEM.VP.BIDEN,Joe Biden to be Democratic VP Nominee in 2008,2,52.5,Aug/23/2008 00:01:30
607635,NEW.DEM.VP.BIDEN,Joe Biden to be Democratic VP Nominee in 2008,1,55.1,Aug/23/2008 00:03:24
607635,NEW.DEM.VP.BIDEN,Joe Biden to be Democratic VP Nominee in 2008,5,55.1,Aug/23/2008 00:03:38
607635,NEW.DEM.VP.BIDEN,Joe Biden to be Democratic VP Nominee in 2008,1,55.2,Aug/23/2008 00:06:51
607635,NEW.DEM.VP.BIDEN,Joe Biden to be Democratic VP Nominee in 2008,49,56.1,Aug/23/2008 00:07:57
607635,NEW.DEM.VP.BIDEN,Joe Biden to be Democratic VP Nominee in 2008,1,56.9,Aug/23/2008 00:08:08
607635,NEW.DEM.VP.BIDEN,Joe Biden to be Democratic VP Nominee in 2008,6,55.0,Aug/23/2008 00:08:08
607635,NEW.DEM.VP.BIDEN,Joe Biden to be Democratic VP Nominee in 2008,17,55.0,Aug/23/2008 00:08:11
607635,NEW.DEM.VP.BIDEN,Joe Biden to be Democratic VP Nominee in 2008,7,55.0,Aug/23/2008 00:08:15
607635,NEW.DEM.VP.BIDEN,Joe Biden to be Democratic VP Nominee in 2008,7,55.1,Aug/23/2008 00:08:15
607635,NEW.DEM.VP.BIDEN,Joe Biden to be Democratic VP Nominee in 2008,5,56.9,Aug/23/2008 00:08:21
607635,NEW.DEM.VP.BIDEN,Joe Biden to be Democratic VP Nominee in 2008,6,55.0,Aug/23/2008 00:08:21
607635,NEW.DEM.VP.BIDEN,Joe Biden to be Democratic VP Nominee in 2008,50,57.0,Aug/23/2008 00:08:38
607635,NEW.DEM.VP.BIDEN,Joe Biden to be Democratic VP Nominee in 2008,1,57.4,Aug/23/2008 00:08:51
607635,NEW.DEM.VP.BIDEN,Joe Biden to be Democratic VP Nominee in 2008,1,57.1,Aug/23/2008 00:08:51
607635,NEW.DEM.VP.BIDEN,Joe Biden to be Democratic VP Nominee in 2008,12,57.2,Aug/23/2008 00:08:51
607635,NEW.DEM.VP.BIDEN,Joe Biden to be Democratic VP Nominee in 2008,3,57.0,Aug/23/2008 00:11:24
607635,NEW.DEM.VP.BIDEN,Joe Biden to be Democratic VP Nominee in 2008,28,55.0,Aug/23/2008 00:11:32
607635,NEW.DEM.VP.BIDEN,Joe Biden to be Democratic VP Nominee in 2008,1,58.2,Aug/23/2008 00:12:06
607635,NEW.DEM.VP.BIDEN,Joe Biden to be Democratic VP Nominee in 2008,4,58.4,Aug/23/2008 00:12:19
607635,NEW.DEM.VP.BIDEN,Joe Biden to be Democratic VP Nominee in 2008,5,57.0,Aug/23/2008 00:12:32
607635,NEW.DEM.VP.BIDEN,Joe Biden to be Democratic VP Nominee in 2008,3,57.0,Aug/23/2008 00:13:42
607635,NEW.DEM.VP.BIDEN,Joe Biden to be Democratic VP Nominee in 2008,8,57.9,Aug/23/2008 00:13:47
607635,NEW.DEM.VP.BIDEN,Joe Biden to be Democratic VP Nominee in 2008,1,59.0,Aug/23/2008 00:13:47
607635,NEW.DEM.VP.BIDEN,Joe Biden to be Democratic VP Nominee in 2008,1,62.9,Aug/23/2008 00:14:50
607635,NEW.DEM.VP.BIDEN,Joe Biden to be Democratic VP Nominee in 2008,1,70.0,Aug/23/2008 00:14:50
607635,NEW.DEM.VP.BIDEN,Joe Biden to be Democratic VP Nominee in 2008,15,71.4,Aug/23/2008 00:14:50
607635,NEW.DEM.VP.BIDEN,Joe Biden to be Democratic VP Nominee in 2008,1,64.0,Aug/23/2008 00:14:50
607635,NEW.DEM.VP.BIDEN,Joe Biden to be Democratic VP Nominee in 2008,9,71.4,Aug/23/2008 00:15:11
607635,NEW.DEM.VP.BIDEN,Joe Biden to be Democratic VP Nominee in 2008,10,58.0,Aug/23/2008 00:15:33
607635,NEW.DEM.VP.BIDEN,Joe Biden to be Democratic VP Nominee in 2008,1,60.0,Aug/23/2008 00:16:22
607635,NEW.DEM.VP.BIDEN,Joe Biden to be Democratic VP Nominee in 2008,17,60.0,Aug/23/2008 00:16:33
607635,NEW.DEM.VP.BIDEN,Joe Biden to be Democratic VP Nominee in 2008,3,60.0,Aug/23/2008 00:16:53
607635,NEW.DEM.VP.BIDEN,Joe Biden to be Democratic VP Nominee in 2008,1,68.0,Aug/23/2008 00:19:59
607635,NEW.DEM.VP.BIDEN,Joe Biden to be Democratic VP Nominee in 2008,1,69.0,Aug/23/2008 00:20:17
607635,NEW.DEM.VP.BIDEN,Joe Biden to be Democratic VP Nominee in 2008,5,68.9,Aug/23/2008 00:20:17
607635,NEW.DEM.VP.BIDEN,Joe Biden to be Democratic VP Nominee in 2008,2,68.0,Aug/23/2008 00:20:18
607635,NEW.DEM.VP.BIDEN,Joe Biden to be Democratic VP Nominee in 2008,2,68.0,Aug/23/2008 00:20:34
607635,NEW.DEM.VP.BIDEN,Joe Biden to be Democratic VP Nominee in 2008,3,68.7,Aug/23/2008 00:20:34
607635,NEW.DEM.VP.BIDEN,Joe Biden to be Democratic VP Nominee in 2008,1,69.9,Aug/23/2008 00:21:16
607635,NEW.DEM.VP.BIDEN,Joe Biden to be Democratic VP Nominee in 2008,4,69.6,Aug/23/2008 00:21:16
607635,NEW.DEM.VP.BIDEN,Joe Biden to be Democratic VP Nominee in 2008,2,70.0,Aug/23/2008 00:21:24
607635,NEW.DEM.VP.BIDEN,Joe Biden to be Democratic VP Nominee in 2008,2,70.0,Aug/23/2008 00:21:25
607635,NEW.DEM.VP.BIDEN,Joe Biden to be Democratic VP Nominee in 2008,6,69.6,Aug/23/2008 00:23:07
607635,NEW.DEM.VP.BIDEN,Joe Biden to be Democratic VP Nominee in 2008,2,72.4,Aug/23/2008 00:23:20
607635,NEW.DEM.VP.BIDEN,Joe Biden to be Democratic VP Nominee in 2008,6,74.9,Aug/23/2008 00:23:20
607635,NEW.DEM.VP.BIDEN,Joe Biden to be Democratic VP Nominee in 2008,5,74.4,Aug/23/2008 00:24:12
607635,NEW.DEM.VP.BIDEN,Joe Biden to be Democratic VP Nominee in 2008,2,73.0,Aug/23/2008 00:24:49
607635,NEW.DEM.VP.BIDEN,Joe Biden to be Democratic VP Nominee in 2008,2,75.0,Aug/23/2008 00:24:59
607635,NEW.DEM.VP.BIDEN,Joe Biden to be Democratic VP Nominee in 2008,6,74.9,Aug/23/2008 00:24:59
607635,NEW.DEM.VP.BIDEN,Joe Biden to be Democratic VP Nominee in 2008,6,75.0,Aug/23/2008 00:25:21
607635,NEW.DEM.VP.BIDEN,Joe Biden to be Democratic VP Nominee in 2008,3,75.0,Aug/23/2008 00:25:33
607635,NEW.DEM.VP.BIDEN,Joe Biden to be Democratic VP Nominee in 2008,3,75.0,Aug/23/2008 00:25:34
607635,NEW.DEM.VP.BIDEN,Joe Biden to be Democratic VP Nominee in 2008,3,80.0,Aug/23/2008 00:25:37
607635,NEW.DEM.VP.BIDEN,Joe Biden to be Democratic VP Nominee in 2008,1,80.0,Aug/23/2008 00:25:50
607635,NEW.DEM.VP.BIDEN,Joe Biden to be Democratic VP Nominee in 2008,10,75.0,Aug/23/2008 00:26:12
607635,NEW.DEM.VP.BIDEN,Joe Biden to be Democratic VP Nominee in 2008,6,72.5,Aug/23/2008 00:26:30
607635,NEW.DEM.VP.BIDEN,Joe Biden to be Democratic VP Nominee in 2008,7,75.0,Aug/23/2008 00:27:54
607635,NEW.DEM.VP.BIDEN,Joe Biden to be Democratic VP Nominee in 2008,3,76.0,Aug/23/2008 00:27:54
607635,NEW.DEM.VP.BIDEN,Joe Biden to be Democratic VP Nominee in 2008,2,85.3,Aug/23/2008 00:27:56
607635,NEW.DEM.VP.BIDEN,Joe Biden to be Democratic VP Nominee in 2008,2,83.5,Aug/23/2008 00:27:56
607635,NEW.DEM.VP.BIDEN,Joe Biden to be Democratic VP Nominee in 2008,2,83.5,Aug/23/2008 00:27:56
607635,NEW.DEM.VP.BIDEN,Joe Biden to be Democratic VP Nominee in 2008,2,81.8,Aug/23/2008 00:28:20
607635,NEW.DEM.VP.BIDEN,Joe Biden to be Democratic VP Nominee in 2008,2,81.8,Aug/23/2008 00:28:32
607635,NEW.DEM.VP.BIDEN,Joe Biden to be Democratic VP Nominee in 2008,4,84.5,Aug/23/2008 00:28:54
607635,NEW.DEM.VP.BIDEN,Joe Biden to be Democratic VP Nominee in 2008,1,84.5,Aug/23/2008 00:28:55
607635,NEW.DEM.VP.BIDEN,Joe Biden to be Democratic VP Nominee in 2008,1,84.5,Aug/23/2008 00:29:00
607635,NEW.DEM.VP.BIDEN,Joe Biden to be Democratic VP Nominee in 2008,8,84.5,Aug/23/2008 00:29:09
607635,NEW.DEM.VP.BIDEN,Joe Biden to be Democratic VP Nominee in 2008,10,92.0,Aug/23/2008 00:29:33
607635,NEW.DEM.VP.BIDEN,Joe Biden to be Democratic VP Nominee in 2008,1,91.5,Aug/23/2008 00:29:33
607635,NEW.DEM.VP.BIDEN,Joe Biden to be Democratic VP Nominee in 2008,7,84.6,Aug/23/2008 00:29:33
607635,NEW.DEM.VP.BIDEN,Joe Biden to be Democratic VP Nominee in 2008,8,91.9,Aug/23/2008 00:29:33
607635,NEW.DEM.VP.BIDEN,Joe Biden to be Democratic VP Nominee in 2008,1,84.5,Aug/23/2008 00:29:33
607635,NEW.DEM.VP.BIDEN,Joe Biden to be Democratic VP Nominee in 2008,1,84.5,Aug/23/2008 00:29:33
607635,NEW.DEM.VP.BIDEN,Joe Biden to be Democratic VP Nominee in 2008,7,92.0,Aug/23/2008 00:29:33
607635,NEW.DEM.VP.BIDEN,Joe Biden to be Democratic VP Nominee in 2008,70,80.0,Aug/23/2008 00:31:04
607635,NEW.DEM.VP.BIDEN,Joe Biden to be Democratic VP Nominee in 2008,10,80.1,Aug/23/2008 00:31:04
607635,NEW.DEM.VP.BIDEN,Joe Biden to be Democratic VP Nominee in 2008,1,80.0,Aug/23/2008 00:31:14
607635,NEW.DEM.VP.BIDEN,Joe Biden to be Democratic VP Nominee in 2008,1,89.8,Aug/23/2008 00:31:21
607635,NEW.DEM.VP.BIDEN,Joe Biden to be Democratic VP Nominee in 2008,33,89.0,Aug/23/2008 00:31:21
607635,NEW.DEM.VP.BIDEN,Joe Biden to be Democratic VP Nominee in 2008,1,88.8,Aug/23/2008 00:31:21
607635,NEW.DEM.VP.BIDEN,Joe Biden to be Democratic VP Nominee in 2008,5,88.7,Aug/23/2008 00:31:21
607635,NEW.DEM.VP.BIDEN,Joe Biden to be Democratic VP Nominee in 2008,10,88.0,Aug/23/2008 00:31:21
607635,NEW.DEM.VP.BIDEN,Joe Biden to be Democratic VP Nominee in 2008,1,80.0,Aug/23/2008 00:31:36
607635,NEW.DEM.VP.BIDEN,Joe Biden to be Democratic VP Nominee in 2008,1,80.0,Aug/23/2008 00:31:55
607635,NEW.DEM.VP.BIDEN,Joe Biden to be Democratic VP Nominee in 2008,7,80.0,Aug/23/2008 00:32:07
607635,NEW.DEM.VP.BIDEN,Joe Biden to be Democratic VP Nominee in 2008,1,84.9,Aug/23/2008 00:32:45
607635,NEW.DEM.VP.BIDEN,Joe Biden to be Democratic VP Nominee in 2008,3,85.0,Aug/23/2008 00:32:45
607635,NEW.DEM.VP.BIDEN,Joe Biden to be Democratic VP Nominee in 2008,1,83.9,Aug/23/2008 00:32:45
607635,NEW.DEM.VP.BIDEN,Joe Biden to be Democratic VP Nominee in 2008,6,83.9,Aug/23/2008 00:32:45
607635,NEW.DEM.VP.BIDEN,Joe Biden to be Democratic VP Nominee in 2008,2,80.1,Aug/23/2008 00:33:37
607635,NEW.DEM.VP.BIDEN,Joe Biden to be Democratic VP Nominee in 2008,1,80.0,Aug/23/2008 00:35:36
607635,NEW.DEM.VP.BIDEN,Joe Biden to be Democratic VP Nominee in 2008,99,80.0,Aug/23/2008 00:36:17
607635,NEW.DEM.VP.BIDEN,Joe Biden to be Democratic VP Nominee in 2008,1,80.0,Aug/23/2008 00:36:17
607635,NEW.DEM.VP.BIDEN,Joe Biden to be Democratic VP Nominee in 2008,1,80.0,Aug/23/2008 00:36:25
607635,NEW.DEM.VP.BIDEN,Joe Biden to be Democratic VP Nominee in 2008,4,80.0,Aug/23/2008 00:36:42
607635,NEW.DEM.VP.BIDEN,Joe Biden to be Democratic VP Nominee in 2008,1,80.0,Aug/23/2008 00:37:49
607635,NEW.DEM.VP.BIDEN,Joe Biden to be Democratic VP Nominee in 2008,10,75.6,Aug/23/2008 00:39:00
607635,NEW.DEM.VP.BIDEN,Joe Biden to be Democratic VP Nominee in 2008,1,79.9,Aug/23/2008 00:40:50
607635,NEW.DEM.VP.BIDEN,Joe Biden to be Democratic VP Nominee in 2008,5,79.9,Aug/23/2008 00:40:50
607635,NEW.DEM.VP.BIDEN,Joe Biden to be Democratic VP Nominee in 2008,5,79.9,Aug/23/2008 00:41:04
607635,NEW.DEM.VP.BIDEN,Joe Biden to be Democratic VP Nominee in 2008,9,79.9,Aug/23/2008 00:41:15
607635,NEW.DEM.VP.BIDEN,Joe Biden to be Democratic VP Nominee in 2008,1,70.0,Aug/23/2008 00:43:32
607635,NEW.DEM.VP.BIDEN,Joe Biden to be Democratic VP Nominee in 2008,6,70.0,Aug/23/2008 00:43:37
607635,NEW.DEM.VP.BIDEN,Joe Biden to be Democratic VP Nominee in 2008,1,70.0,Aug/23/2008 00:44:43
607635,NEW.DEM.VP.BIDEN,Joe Biden to be Democratic VP Nominee in 2008,8,70.0,Aug/23/2008 00:44:53
607635,NEW.DEM.VP.BIDEN,Joe Biden to be Democratic VP Nominee in 2008,3,70.0,Aug/23/2008 00:45:09
607635,NEW.DEM.VP.BIDEN,Joe Biden to be Democratic VP Nominee in 2008,1,71.0,Aug/23/2008 00:45:45
607635,NEW.DEM.VP.BIDEN,Joe Biden to be Democratic VP Nominee in 2008,4,71.0,Aug/23/2008 00:47:19
607635,NEW.DEM.VP.BIDEN,Joe Biden to be Democratic VP Nominee in 2008,1,70.0,Aug/23/2008 00:47:28
607635,NEW.DEM.VP.BIDEN,Joe Biden to be Democratic VP Nominee in 2008,1,73.0,Aug/23/2008 00:51:03
607635,NEW.DEM.VP.BIDEN,Joe Biden to be Democratic VP Nominee in 2008,5,71.0,Aug/23/2008 00:52:00
607635,NEW.DEM.VP.BIDEN,Joe Biden to be Democratic VP Nominee in 2008,1,70.0,Aug/23/2008 00:52:00
607635,NEW.DEM.VP.BIDEN,Joe Biden to be Democratic VP Nominee in 2008,6,70.1,Aug/23/2008 00:52:00
