market id,market symbol,market name,trade quantity,trade price,date/time [utc]
768605,DIRECTOR:ZEITLIN,Benh Zeitlin (Beats of Southern Wild) to win the Academy Award for Best Director,10,0.2,Jan/09/2013 07:58:35
768605,DIRECTOR:ZEITLIN,Benh Zeitlin (Beats of Southern Wild) to win the Academy Award for Best Director,10,1.0,Jan/09/2013 07:58:44
768605,DIRECTOR:ZEITLIN,Benh Zeitlin (Beats of Southern Wild) to win the Academy Award for Best Director,10,2.5,Jan/09/2013 08:08:36
768605,DIRECTOR:ZEITLIN,Benh Zeitlin (Beats of Southern Wild) to win the Academy Award for Best Director,10,2.5,Jan/10/2013 13:52:45
768605,DIRECTOR:ZEITLIN,Benh Zeitlin (Beats of Southern Wild) to win the Academy Award for Best Director,2,2.5,Jan/10/2013 17:34:19
768605,DIRECTOR:ZEITLIN,Benh Zeitlin (Beats of Southern Wild) to win the Academy Award for Best Director,8,2.5,Jan/10/2013 21:37:05
768605,DIRECTOR:ZEITLIN,Benh Zeitlin (Beats of Southern Wild) to win the Academy Award for Best Director,16,1.5,Jan/14/2013 23:47:35
768605,DIRECTOR:ZEITLIN,Benh Zeitlin (Beats of Southern Wild) to win the Academy Award for Best Director,2,1.5,Jan/14/2013 23:47:35
768605,DIRECTOR:ZEITLIN,Benh Zeitlin (Beats of Southern Wild) to win the Academy Award for Best Director,1,1.5,Jan/20/2013 04:14:41
768605,DIRECTOR:ZEITLIN,Benh Zeitlin (Beats of Southern Wild) to win the Academy Award for Best Director,1,1.2,Jan/20/2013 05:22:02
768605,DIRECTOR:ZEITLIN,Benh Zeitlin (Beats of Southern Wild) to win the Academy Award for Best Director,1,1.2,Jan/20/2013 05:22:03
768605,DIRECTOR:ZEITLIN,Benh Zeitlin (Beats of Southern Wild) to win the Academy Award for Best Director,1,1.2,Jan/20/2013 05:22:04
768605,DIRECTOR:ZEITLIN,Benh Zeitlin (Beats of Southern Wild) to win the Academy Award for Best Director,1,1.2,Jan/20/2013 16:38:47
768605,DIRECTOR:ZEITLIN,Benh Zeitlin (Beats of Southern Wild) to win the Academy Award for Best Director,1,1.2,Jan/20/2013 16:39:06
768605,DIRECTOR:ZEITLIN,Benh Zeitlin (Beats of Southern Wild) to win the Academy Award for Best Director,1,1.2,Jan/20/2013 16:39:07
768605,DIRECTOR:ZEITLIN,Benh Zeitlin (Beats of Southern Wild) to win the Academy Award for Best Director,1,1.6,Jan/20/2013 16:39:22
768605,DIRECTOR:ZEITLIN,Benh Zeitlin (Beats of Southern Wild) to win the Academy Award for Best Director,1,1.6,Jan/20/2013 16:39:23
768605,DIRECTOR:ZEITLIN,Benh Zeitlin (Beats of Southern Wild) to win the Academy Award for Best Director,1,1.6,Jan/20/2013 16:39:24
768605,DIRECTOR:ZEITLIN,Benh Zeitlin (Beats of Southern Wild) to win the Academy Award for Best Director,1,1.6,Jan/20/2013 16:39:26
768605,DIRECTOR:ZEITLIN,Benh Zeitlin (Beats of Southern Wild) to win the Academy Award for Best Director,1,1.6,Jan/20/2013 16:39:27
768605,DIRECTOR:ZEITLIN,Benh Zeitlin (Beats of Southern Wild) to win the Academy Award for Best Director,1,1.6,Jan/20/2013 16:39:28
768605,DIRECTOR:ZEITLIN,Benh Zeitlin (Beats of Southern Wild) to win the Academy Award for Best Director,1,1.6,Jan/20/2013 16:39:29
768605,DIRECTOR:ZEITLIN,Benh Zeitlin (Beats of Southern Wild) to win the Academy Award for Best Director,1,1.6,Jan/20/2013 16:39:30
768605,DIRECTOR:ZEITLIN,Benh Zeitlin (Beats of Southern Wild) to win the Academy Award for Best Director,1,1.1,Jan/20/2013 16:39:32
768605,DIRECTOR:ZEITLIN,Benh Zeitlin (Beats of Southern Wild) to win the Academy Award for Best Director,1,1.1,Jan/20/2013 16:39:33
768605,DIRECTOR:ZEITLIN,Benh Zeitlin (Beats of Southern Wild) to win the Academy Award for Best Director,1,1.1,Jan/20/2013 17:49:56
768605,DIRECTOR:ZEITLIN,Benh Zeitlin (Beats of Southern Wild) to win the Academy Award for Best Director,2,1.1,Jan/20/2013 21:32:24
768605,DIRECTOR:ZEITLIN,Benh Zeitlin (Beats of Southern Wild) to win the Academy Award for Best Director,25,1.1,Jan/22/2013 21:52:04
768605,DIRECTOR:ZEITLIN,Benh Zeitlin (Beats of Southern Wild) to win the Academy Award for Best Director,4,1.1,Jan/28/2013 09:25:31
768605,DIRECTOR:ZEITLIN,Benh Zeitlin (Beats of Southern Wild) to win the Academy Award for Best Director,4,0.8,Feb/01/2013 19:11:07
768605,DIRECTOR:ZEITLIN,Benh Zeitlin (Beats of Southern Wild) to win the Academy Award for Best Director,1,7.2,Feb/01/2013 19:11:16
768605,DIRECTOR:ZEITLIN,Benh Zeitlin (Beats of Southern Wild) to win the Academy Award for Best Director,1,7.2,Feb/01/2013 19:11:19
768605,DIRECTOR:ZEITLIN,Benh Zeitlin (Beats of Southern Wild) to win the Academy Award for Best Director,1,2.4,Feb/03/2013 01:41:45
768605,DIRECTOR:ZEITLIN,Benh Zeitlin (Beats of Southern Wild) to win the Academy Award for Best Director,1,2.4,Feb/03/2013 01:41:46
768605,DIRECTOR:ZEITLIN,Benh Zeitlin (Beats of Southern Wild) to win the Academy Award for Best Director,4,0.8,Feb/06/2013 00:21:20
768605,DIRECTOR:ZEITLIN,Benh Zeitlin (Beats of Southern Wild) to win the Academy Award for Best Director,1,0.8,Feb/07/2013 10:50:31
768605,DIRECTOR:ZEITLIN,Benh Zeitlin (Beats of Southern Wild) to win the Academy Award for Best Director,1,0.2,Feb/09/2013 00:18:51
768605,DIRECTOR:ZEITLIN,Benh Zeitlin (Beats of Southern Wild) to win the Academy Award for Best Director,1,0.3,Feb/09/2013 11:07:07
768605,DIRECTOR:ZEITLIN,Benh Zeitlin (Beats of Southern Wild) to win the Academy Award for Best Director,1,0.3,Feb/09/2013 13:40:40
768605,DIRECTOR:ZEITLIN,Benh Zeitlin (Beats of Southern Wild) to win the Academy Award for Best Director,34,0.2,Feb/10/2013 13:09:20
768605,DIRECTOR:ZEITLIN,Benh Zeitlin (Beats of Southern Wild) to win the Academy Award for Best Director,1,0.2,Feb/10/2013 23:09:53
768605,DIRECTOR:ZEITLIN,Benh Zeitlin (Beats of Southern Wild) to win the Academy Award for Best Director,1,0.2,Feb/11/2013 00:54:10
768605,DIRECTOR:ZEITLIN,Benh Zeitlin (Beats of Southern Wild) to win the Academy Award for Best Director,15,0.2,Feb/11/2013 02:28:04
768605,DIRECTOR:ZEITLIN,Benh Zeitlin (Beats of Southern Wild) to win the Academy Award for Best Director,1,0.3,Feb/11/2013 16:26:39
768605,DIRECTOR:ZEITLIN,Benh Zeitlin (Beats of Southern Wild) to win the Academy Award for Best Director,1,0.3,Feb/12/2013 00:04:12
768605,DIRECTOR:ZEITLIN,Benh Zeitlin (Beats of Southern Wild) to win the Academy Award for Best Director,35,0.3,Feb/12/2013 05:06:13
768605,DIRECTOR:ZEITLIN,Benh Zeitlin (Beats of Southern Wild) to win the Academy Award for Best Director,3,0.3,Feb/12/2013 05:06:13
768605,DIRECTOR:ZEITLIN,Benh Zeitlin (Beats of Southern Wild) to win the Academy Award for Best Director,1,0.4,Feb/13/2013 23:33:38
768605,DIRECTOR:ZEITLIN,Benh Zeitlin (Beats of Southern Wild) to win the Academy Award for Best Director,1,0.2,Feb/15/2013 02:50:10
768605,DIRECTOR:ZEITLIN,Benh Zeitlin (Beats of Southern Wild) to win the Academy Award for Best Director,1,0.2,Feb/15/2013 20:38:44
768605,DIRECTOR:ZEITLIN,Benh Zeitlin (Beats of Southern Wild) to win the Academy Award for Best Director,1,0.2,Feb/15/2013 20:38:51
768605,DIRECTOR:ZEITLIN,Benh Zeitlin (Beats of Southern Wild) to win the Academy Award for Best Director,1,0.2,Feb/15/2013 20:38:56
768605,DIRECTOR:ZEITLIN,Benh Zeitlin (Beats of Southern Wild) to win the Academy Award for Best Director,1,0.3,Feb/17/2013 06:58:42
768605,DIRECTOR:ZEITLIN,Benh Zeitlin (Beats of Southern Wild) to win the Academy Award for Best Director,1,0.5,Feb/18/2013 22:13:05
768605,DIRECTOR:ZEITLIN,Benh Zeitlin (Beats of Southern Wild) to win the Academy Award for Best Director,9,5.2,Feb/18/2013 22:13:19
768605,DIRECTOR:ZEITLIN,Benh Zeitlin (Beats of Southern Wild) to win the Academy Award for Best Director,1,0.3,Feb/19/2013 04:30:02
768605,DIRECTOR:ZEITLIN,Benh Zeitlin (Beats of Southern Wild) to win the Academy Award for Best Director,1,0.3,Feb/19/2013 04:30:03
768605,DIRECTOR:ZEITLIN,Benh Zeitlin (Beats of Southern Wild) to win the Academy Award for Best Director,1,0.3,Feb/19/2013 04:30:04
768605,DIRECTOR:ZEITLIN,Benh Zeitlin (Beats of Southern Wild) to win the Academy Award for Best Director,1,0.3,Feb/19/2013 04:30:05
768605,DIRECTOR:ZEITLIN,Benh Zeitlin (Beats of Southern Wild) to win the Academy Award for Best Director,1,0.3,Feb/19/2013 04:30:07
768605,DIRECTOR:ZEITLIN,Benh Zeitlin (Beats of Southern Wild) to win the Academy Award for Best Director,1,0.3,Feb/19/2013 04:30:08
768605,DIRECTOR:ZEITLIN,Benh Zeitlin (Beats of Southern Wild) to win the Academy Award for Best Director,1,0.3,Feb/19/2013 04:30:09
768605,DIRECTOR:ZEITLIN,Benh Zeitlin (Beats of Southern Wild) to win the Academy Award for Best Director,1,0.3,Feb/19/2013 04:30:10
768605,DIRECTOR:ZEITLIN,Benh Zeitlin (Beats of Southern Wild) to win the Academy Award for Best Director,1,0.3,Feb/19/2013 04:30:11
768605,DIRECTOR:ZEITLIN,Benh Zeitlin (Beats of Southern Wild) to win the Academy Award for Best Director,1,0.3,Feb/19/2013 04:30:12
768605,DIRECTOR:ZEITLIN,Benh Zeitlin (Beats of Southern Wild) to win the Academy Award for Best Director,1,0.3,Feb/19/2013 04:30:13
768605,DIRECTOR:ZEITLIN,Benh Zeitlin (Beats of Southern Wild) to win the Academy Award for Best Director,1,0.3,Feb/19/2013 04:30:14
768605,DIRECTOR:ZEITLIN,Benh Zeitlin (Beats of Southern Wild) to win the Academy Award for Best Director,1,0.3,Feb/19/2013 04:30:15
768605,DIRECTOR:ZEITLIN,Benh Zeitlin (Beats of Southern Wild) to win the Academy Award for Best Director,1,0.3,Feb/19/2013 04:30:17
768605,DIRECTOR:ZEITLIN,Benh Zeitlin (Beats of Southern Wild) to win the Academy Award for Best Director,1,0.3,Feb/19/2013 04:30:17
768605,DIRECTOR:ZEITLIN,Benh Zeitlin (Beats of Southern Wild) to win the Academy Award for Best Director,1,0.3,Feb/19/2013 04:30:19
768605,DIRECTOR:ZEITLIN,Benh Zeitlin (Beats of Southern Wild) to win the Academy Award for Best Director,1,0.3,Feb/19/2013 04:30:20
768605,DIRECTOR:ZEITLIN,Benh Zeitlin (Beats of Southern Wild) to win the Academy Award for Best Director,1,0.3,Feb/19/2013 04:30:21
768605,DIRECTOR:ZEITLIN,Benh Zeitlin (Beats of Southern Wild) to win the Academy Award for Best Director,1,0.3,Feb/19/2013 04:30:22
768605,DIRECTOR:ZEITLIN,Benh Zeitlin (Beats of Southern Wild) to win the Academy Award for Best Director,1,0.3,Feb/19/2013 04:30:23
768605,DIRECTOR:ZEITLIN,Benh Zeitlin (Beats of Southern Wild) to win the Academy Award for Best Director,1,0.3,Feb/19/2013 04:30:24
768605,DIRECTOR:ZEITLIN,Benh Zeitlin (Beats of Southern Wild) to win the Academy Award for Best Director,1,0.3,Feb/19/2013 04:30:26
768605,DIRECTOR:ZEITLIN,Benh Zeitlin (Beats of Southern Wild) to win the Academy Award for Best Director,2,0.3,Feb/19/2013 14:34:52
768605,DIRECTOR:ZEITLIN,Benh Zeitlin (Beats of Southern Wild) to win the Academy Award for Best Director,9,0.3,Feb/19/2013 14:35:53
768605,DIRECTOR:ZEITLIN,Benh Zeitlin (Beats of Southern Wild) to win the Academy Award for Best Director,1,0.3,Feb/19/2013 15:10:28
768605,DIRECTOR:ZEITLIN,Benh Zeitlin (Beats of Southern Wild) to win the Academy Award for Best Director,1,0.3,Feb/19/2013 15:10:35
768605,DIRECTOR:ZEITLIN,Benh Zeitlin (Beats of Southern Wild) to win the Academy Award for Best Director,1,0.3,Feb/19/2013 15:10:40
768605,DIRECTOR:ZEITLIN,Benh Zeitlin (Beats of Southern Wild) to win the Academy Award for Best Director,1,0.3,Feb/19/2013 15:10:45
768605,DIRECTOR:ZEITLIN,Benh Zeitlin (Beats of Southern Wild) to win the Academy Award for Best Director,1,0.3,Feb/19/2013 15:10:52
768605,DIRECTOR:ZEITLIN,Benh Zeitlin (Beats of Southern Wild) to win the Academy Award for Best Director,5,0.5,Feb/19/2013 22:56:59
768605,DIRECTOR:ZEITLIN,Benh Zeitlin (Beats of Southern Wild) to win the Academy Award for Best Director,1,0.5,Feb/20/2013 15:33:04
768605,DIRECTOR:ZEITLIN,Benh Zeitlin (Beats of Southern Wild) to win the Academy Award for Best Director,4,0.5,Feb/20/2013 19:45:07
768605,DIRECTOR:ZEITLIN,Benh Zeitlin (Beats of Southern Wild) to win the Academy Award for Best Director,1,1.2,Feb/20/2013 22:05:44
768605,DIRECTOR:ZEITLIN,Benh Zeitlin (Beats of Southern Wild) to win the Academy Award for Best Director,1,1.2,Feb/20/2013 22:05:45
768605,DIRECTOR:ZEITLIN,Benh Zeitlin (Beats of Southern Wild) to win the Academy Award for Best Director,1,1.5,Feb/20/2013 22:05:47
768605,DIRECTOR:ZEITLIN,Benh Zeitlin (Beats of Southern Wild) to win the Academy Award for Best Director,1,1.5,Feb/20/2013 22:05:49
768605,DIRECTOR:ZEITLIN,Benh Zeitlin (Beats of Southern Wild) to win the Academy Award for Best Director,1,0.5,Feb/21/2013 16:26:04
768605,DIRECTOR:ZEITLIN,Benh Zeitlin (Beats of Southern Wild) to win the Academy Award for Best Director,1,0.5,Feb/21/2013 16:42:35
768605,DIRECTOR:ZEITLIN,Benh Zeitlin (Beats of Southern Wild) to win the Academy Award for Best Director,1,0.5,Feb/21/2013 16:42:45
768605,DIRECTOR:ZEITLIN,Benh Zeitlin (Beats of Southern Wild) to win the Academy Award for Best Director,1,0.5,Feb/21/2013 16:42:56
768605,DIRECTOR:ZEITLIN,Benh Zeitlin (Beats of Southern Wild) to win the Academy Award for Best Director,1,0.5,Feb/21/2013 16:43:01
768605,DIRECTOR:ZEITLIN,Benh Zeitlin (Beats of Southern Wild) to win the Academy Award for Best Director,1,0.5,Feb/21/2013 16:43:12
768605,DIRECTOR:ZEITLIN,Benh Zeitlin (Beats of Southern Wild) to win the Academy Award for Best Director,1,0.5,Feb/21/2013 16:43:19
768605,DIRECTOR:ZEITLIN,Benh Zeitlin (Beats of Southern Wild) to win the Academy Award for Best Director,2,0.5,Feb/21/2013 16:43:26
768605,DIRECTOR:ZEITLIN,Benh Zeitlin (Beats of Southern Wild) to win the Academy Award for Best Director,1,0.5,Feb/21/2013 16:43:31
768605,DIRECTOR:ZEITLIN,Benh Zeitlin (Beats of Southern Wild) to win the Academy Award for Best Director,1,0.5,Feb/21/2013 16:43:35
768605,DIRECTOR:ZEITLIN,Benh Zeitlin (Beats of Southern Wild) to win the Academy Award for Best Director,1,0.5,Feb/21/2013 16:43:42
768605,DIRECTOR:ZEITLIN,Benh Zeitlin (Beats of Southern Wild) to win the Academy Award for Best Director,1,0.5,Feb/21/2013 16:43:46
768605,DIRECTOR:ZEITLIN,Benh Zeitlin (Beats of Southern Wild) to win the Academy Award for Best Director,1,0.5,Feb/21/2013 16:43:51
768605,DIRECTOR:ZEITLIN,Benh Zeitlin (Beats of Southern Wild) to win the Academy Award for Best Director,1,0.5,Feb/21/2013 16:43:59
768605,DIRECTOR:ZEITLIN,Benh Zeitlin (Beats of Southern Wild) to win the Academy Award for Best Director,1,0.4,Feb/21/2013 16:45:53
768605,DIRECTOR:ZEITLIN,Benh Zeitlin (Beats of Southern Wild) to win the Academy Award for Best Director,1,0.4,Feb/21/2013 19:06:01
768605,DIRECTOR:ZEITLIN,Benh Zeitlin (Beats of Southern Wild) to win the Academy Award for Best Director,1,0.4,Feb/21/2013 19:06:05
768605,DIRECTOR:ZEITLIN,Benh Zeitlin (Beats of Southern Wild) to win the Academy Award for Best Director,1,0.4,Feb/21/2013 19:06:09
768605,DIRECTOR:ZEITLIN,Benh Zeitlin (Beats of Southern Wild) to win the Academy Award for Best Director,1,0.4,Feb/21/2013 19:06:15
768605,DIRECTOR:ZEITLIN,Benh Zeitlin (Beats of Southern Wild) to win the Academy Award for Best Director,6,0.4,Feb/21/2013 19:06:39
768605,DIRECTOR:ZEITLIN,Benh Zeitlin (Beats of Southern Wild) to win the Academy Award for Best Director,5,0.4,Feb/21/2013 19:15:58
768605,DIRECTOR:ZEITLIN,Benh Zeitlin (Beats of Southern Wild) to win the Academy Award for Best Director,4,0.4,Feb/21/2013 21:45:14
768605,DIRECTOR:ZEITLIN,Benh Zeitlin (Beats of Southern Wild) to win the Academy Award for Best Director,3,0.4,Feb/21/2013 21:45:20
768605,DIRECTOR:ZEITLIN,Benh Zeitlin (Beats of Southern Wild) to win the Academy Award for Best Director,3,0.4,Feb/21/2013 21:45:28
768605,DIRECTOR:ZEITLIN,Benh Zeitlin (Beats of Southern Wild) to win the Academy Award for Best Director,2,0.4,Feb/21/2013 21:47:35
768605,DIRECTOR:ZEITLIN,Benh Zeitlin (Beats of Southern Wild) to win the Academy Award for Best Director,2,0.4,Feb/21/2013 21:47:44
768605,DIRECTOR:ZEITLIN,Benh Zeitlin (Beats of Southern Wild) to win the Academy Award for Best Director,1,0.4,Feb/21/2013 21:47:48
768605,DIRECTOR:ZEITLIN,Benh Zeitlin (Beats of Southern Wild) to win the Academy Award for Best Director,1,0.4,Feb/21/2013 21:48:22
768605,DIRECTOR:ZEITLIN,Benh Zeitlin (Beats of Southern Wild) to win the Academy Award for Best Director,1,0.4,Feb/21/2013 21:48:23
768605,DIRECTOR:ZEITLIN,Benh Zeitlin (Beats of Southern Wild) to win the Academy Award for Best Director,1,0.4,Feb/21/2013 21:48:24
768605,DIRECTOR:ZEITLIN,Benh Zeitlin (Beats of Southern Wild) to win the Academy Award for Best Director,1,0.4,Feb/21/2013 21:48:25
768605,DIRECTOR:ZEITLIN,Benh Zeitlin (Beats of Southern Wild) to win the Academy Award for Best Director,1,0.4,Feb/21/2013 21:48:26
768605,DIRECTOR:ZEITLIN,Benh Zeitlin (Beats of Southern Wild) to win the Academy Award for Best Director,1,0.4,Feb/21/2013 21:48:27
768605,DIRECTOR:ZEITLIN,Benh Zeitlin (Beats of Southern Wild) to win the Academy Award for Best Director,1,0.4,Feb/21/2013 21:48:28
768605,DIRECTOR:ZEITLIN,Benh Zeitlin (Beats of Southern Wild) to win the Academy Award for Best Director,1,0.4,Feb/21/2013 21:48:29
768605,DIRECTOR:ZEITLIN,Benh Zeitlin (Beats of Southern Wild) to win the Academy Award for Best Director,6,0.3,Feb/22/2013 02:07:39
768605,DIRECTOR:ZEITLIN,Benh Zeitlin (Beats of Southern Wild) to win the Academy Award for Best Director,1,0.3,Feb/22/2013 16:06:56
768605,DIRECTOR:ZEITLIN,Benh Zeitlin (Beats of Southern Wild) to win the Academy Award for Best Director,7,0.4,Feb/22/2013 19:04:09
768605,DIRECTOR:ZEITLIN,Benh Zeitlin (Beats of Southern Wild) to win the Academy Award for Best Director,1,0.3,Feb/22/2013 21:10:48
768605,DIRECTOR:ZEITLIN,Benh Zeitlin (Beats of Southern Wild) to win the Academy Award for Best Director,7,0.3,Feb/22/2013 21:12:31
768605,DIRECTOR:ZEITLIN,Benh Zeitlin (Beats of Southern Wild) to win the Academy Award for Best Director,3,0.3,Feb/22/2013 21:13:28
768605,DIRECTOR:ZEITLIN,Benh Zeitlin (Beats of Southern Wild) to win the Academy Award for Best Director,4,0.1,Feb/23/2013 00:45:54
768605,DIRECTOR:ZEITLIN,Benh Zeitlin (Beats of Southern Wild) to win the Academy Award for Best Director,4,0.1,Feb/23/2013 00:48:07
768605,DIRECTOR:ZEITLIN,Benh Zeitlin (Beats of Southern Wild) to win the Academy Award for Best Director,3,0.1,Feb/23/2013 01:49:21
768605,DIRECTOR:ZEITLIN,Benh Zeitlin (Beats of Southern Wild) to win the Academy Award for Best Director,3,0.1,Feb/23/2013 01:50:01
768605,DIRECTOR:ZEITLIN,Benh Zeitlin (Beats of Southern Wild) to win the Academy Award for Best Director,2,0.1,Feb/23/2013 01:50:07
768605,DIRECTOR:ZEITLIN,Benh Zeitlin (Beats of Southern Wild) to win the Academy Award for Best Director,2,0.1,Feb/23/2013 01:50:13
768605,DIRECTOR:ZEITLIN,Benh Zeitlin (Beats of Southern Wild) to win the Academy Award for Best Director,1,0.1,Feb/23/2013 01:50:42
768605,DIRECTOR:ZEITLIN,Benh Zeitlin (Beats of Southern Wild) to win the Academy Award for Best Director,1,0.1,Feb/23/2013 01:51:31
768605,DIRECTOR:ZEITLIN,Benh Zeitlin (Beats of Southern Wild) to win the Academy Award for Best Director,1,0.1,Feb/23/2013 01:51:32
768605,DIRECTOR:ZEITLIN,Benh Zeitlin (Beats of Southern Wild) to win the Academy Award for Best Director,1,0.1,Feb/23/2013 01:51:33
768605,DIRECTOR:ZEITLIN,Benh Zeitlin (Beats of Southern Wild) to win the Academy Award for Best Director,1,0.1,Feb/23/2013 01:51:34
768605,DIRECTOR:ZEITLIN,Benh Zeitlin (Beats of Southern Wild) to win the Academy Award for Best Director,1,0.1,Feb/23/2013 01:51:36
768605,DIRECTOR:ZEITLIN,Benh Zeitlin (Beats of Southern Wild) to win the Academy Award for Best Director,4,0.1,Feb/23/2013 01:51:37
768605,DIRECTOR:ZEITLIN,Benh Zeitlin (Beats of Southern Wild) to win the Academy Award for Best Director,5,0.1,Feb/23/2013 01:51:38
768605,DIRECTOR:ZEITLIN,Benh Zeitlin (Beats of Southern Wild) to win the Academy Award for Best Director,5,0.1,Feb/23/2013 01:51:39
768605,DIRECTOR:ZEITLIN,Benh Zeitlin (Beats of Southern Wild) to win the Academy Award for Best Director,4,0.1,Feb/23/2013 01:51:40
768605,DIRECTOR:ZEITLIN,Benh Zeitlin (Beats of Southern Wild) to win the Academy Award for Best Director,4,0.1,Feb/23/2013 01:51:41
768605,DIRECTOR:ZEITLIN,Benh Zeitlin (Beats of Southern Wild) to win the Academy Award for Best Director,2,0.1,Feb/23/2013 01:51:45
768605,DIRECTOR:ZEITLIN,Benh Zeitlin (Beats of Southern Wild) to win the Academy Award for Best Director,3,0.1,Feb/23/2013 01:51:46
768605,DIRECTOR:ZEITLIN,Benh Zeitlin (Beats of Southern Wild) to win the Academy Award for Best Director,2,0.1,Feb/23/2013 01:51:47
768605,DIRECTOR:ZEITLIN,Benh Zeitlin (Beats of Southern Wild) to win the Academy Award for Best Director,1,0.1,Feb/23/2013 01:51:48
768605,DIRECTOR:ZEITLIN,Benh Zeitlin (Beats of Southern Wild) to win the Academy Award for Best Director,1,0.1,Feb/23/2013 01:51:49
768605,DIRECTOR:ZEITLIN,Benh Zeitlin (Beats of Southern Wild) to win the Academy Award for Best Director,1,0.1,Feb/23/2013 01:51:50
768605,DIRECTOR:ZEITLIN,Benh Zeitlin (Beats of Southern Wild) to win the Academy Award for Best Director,1,0.1,Feb/23/2013 01:51:51
768605,DIRECTOR:ZEITLIN,Benh Zeitlin (Beats of Southern Wild) to win the Academy Award for Best Director,1,0.1,Feb/23/2013 01:51:52
768605,DIRECTOR:ZEITLIN,Benh Zeitlin (Beats of Southern Wild) to win the Academy Award for Best Director,1,0.1,Feb/23/2013 01:51:54
768605,DIRECTOR:ZEITLIN,Benh Zeitlin (Beats of Southern Wild) to win the Academy Award for Best Director,1,0.1,Feb/23/2013 01:51:55
768605,DIRECTOR:ZEITLIN,Benh Zeitlin (Beats of Southern Wild) to win the Academy Award for Best Director,2,0.1,Feb/23/2013 01:51:56
768605,DIRECTOR:ZEITLIN,Benh Zeitlin (Beats of Southern Wild) to win the Academy Award for Best Director,2,0.1,Feb/23/2013 01:51:57
768605,DIRECTOR:ZEITLIN,Benh Zeitlin (Beats of Southern Wild) to win the Academy Award for Best Director,1,0.1,Feb/23/2013 01:51:58
768605,DIRECTOR:ZEITLIN,Benh Zeitlin (Beats of Southern Wild) to win the Academy Award for Best Director,1,0.1,Feb/23/2013 01:51:59
768605,DIRECTOR:ZEITLIN,Benh Zeitlin (Beats of Southern Wild) to win the Academy Award for Best Director,2,0.1,Feb/23/2013 01:52:00
768605,DIRECTOR:ZEITLIN,Benh Zeitlin (Beats of Southern Wild) to win the Academy Award for Best Director,1,0.1,Feb/23/2013 01:52:01
768605,DIRECTOR:ZEITLIN,Benh Zeitlin (Beats of Southern Wild) to win the Academy Award for Best Director,1,0.1,Feb/23/2013 01:52:02
768605,DIRECTOR:ZEITLIN,Benh Zeitlin (Beats of Southern Wild) to win the Academy Award for Best Director,1,0.1,Feb/23/2013 01:52:03
768605,DIRECTOR:ZEITLIN,Benh Zeitlin (Beats of Southern Wild) to win the Academy Award for Best Director,1,0.1,Feb/23/2013 01:52:05
768605,DIRECTOR:ZEITLIN,Benh Zeitlin (Beats of Southern Wild) to win the Academy Award for Best Director,1,0.1,Feb/23/2013 01:52:06
768605,DIRECTOR:ZEITLIN,Benh Zeitlin (Beats of Southern Wild) to win the Academy Award for Best Director,1,0.1,Feb/23/2013 03:58:56
768605,DIRECTOR:ZEITLIN,Benh Zeitlin (Beats of Southern Wild) to win the Academy Award for Best Director,1,0.1,Feb/23/2013 03:58:57
768605,DIRECTOR:ZEITLIN,Benh Zeitlin (Beats of Southern Wild) to win the Academy Award for Best Director,1,0.1,Feb/23/2013 03:58:58
768605,DIRECTOR:ZEITLIN,Benh Zeitlin (Beats of Southern Wild) to win the Academy Award for Best Director,1,0.1,Feb/23/2013 03:58:59
768605,DIRECTOR:ZEITLIN,Benh Zeitlin (Beats of Southern Wild) to win the Academy Award for Best Director,1,0.1,Feb/23/2013 03:59:01
768605,DIRECTOR:ZEITLIN,Benh Zeitlin (Beats of Southern Wild) to win the Academy Award for Best Director,4,0.1,Feb/23/2013 03:59:01
768605,DIRECTOR:ZEITLIN,Benh Zeitlin (Beats of Southern Wild) to win the Academy Award for Best Director,5,0.1,Feb/23/2013 03:59:03
768605,DIRECTOR:ZEITLIN,Benh Zeitlin (Beats of Southern Wild) to win the Academy Award for Best Director,5,0.1,Feb/23/2013 03:59:04
768605,DIRECTOR:ZEITLIN,Benh Zeitlin (Beats of Southern Wild) to win the Academy Award for Best Director,5,0.1,Feb/23/2013 03:59:05
768605,DIRECTOR:ZEITLIN,Benh Zeitlin (Beats of Southern Wild) to win the Academy Award for Best Director,5,0.1,Feb/23/2013 03:59:06
768605,DIRECTOR:ZEITLIN,Benh Zeitlin (Beats of Southern Wild) to win the Academy Award for Best Director,5,0.1,Feb/23/2013 03:59:07
768605,DIRECTOR:ZEITLIN,Benh Zeitlin (Beats of Southern Wild) to win the Academy Award for Best Director,5,0.1,Feb/23/2013 03:59:08
768605,DIRECTOR:ZEITLIN,Benh Zeitlin (Beats of Southern Wild) to win the Academy Award for Best Director,3,0.1,Feb/23/2013 03:59:09
768605,DIRECTOR:ZEITLIN,Benh Zeitlin (Beats of Southern Wild) to win the Academy Award for Best Director,2,0.1,Feb/23/2013 03:59:11
768605,DIRECTOR:ZEITLIN,Benh Zeitlin (Beats of Southern Wild) to win the Academy Award for Best Director,2,0.1,Feb/23/2013 03:59:12
768605,DIRECTOR:ZEITLIN,Benh Zeitlin (Beats of Southern Wild) to win the Academy Award for Best Director,1,0.1,Feb/23/2013 03:59:13
768605,DIRECTOR:ZEITLIN,Benh Zeitlin (Beats of Southern Wild) to win the Academy Award for Best Director,1,0.1,Feb/23/2013 03:59:14
768605,DIRECTOR:ZEITLIN,Benh Zeitlin (Beats of Southern Wild) to win the Academy Award for Best Director,1,0.1,Feb/23/2013 03:59:15
768605,DIRECTOR:ZEITLIN,Benh Zeitlin (Beats of Southern Wild) to win the Academy Award for Best Director,1,0.1,Feb/23/2013 03:59:16
768605,DIRECTOR:ZEITLIN,Benh Zeitlin (Beats of Southern Wild) to win the Academy Award for Best Director,1,0.2,Feb/23/2013 16:15:22
768605,DIRECTOR:ZEITLIN,Benh Zeitlin (Beats of Southern Wild) to win the Academy Award for Best Director,1,0.2,Feb/23/2013 16:17:06
768605,DIRECTOR:ZEITLIN,Benh Zeitlin (Beats of Southern Wild) to win the Academy Award for Best Director,1,0.2,Feb/23/2013 16:17:58
768605,DIRECTOR:ZEITLIN,Benh Zeitlin (Beats of Southern Wild) to win the Academy Award for Best Director,2,0.2,Feb/23/2013 16:19:35
768605,DIRECTOR:ZEITLIN,Benh Zeitlin (Beats of Southern Wild) to win the Academy Award for Best Director,2,0.2,Feb/23/2013 16:20:54
768605,DIRECTOR:ZEITLIN,Benh Zeitlin (Beats of Southern Wild) to win the Academy Award for Best Director,1,0.2,Feb/23/2013 16:23:04
768605,DIRECTOR:ZEITLIN,Benh Zeitlin (Beats of Southern Wild) to win the Academy Award for Best Director,92,0.2,Feb/23/2013 16:32:03
768605,DIRECTOR:ZEITLIN,Benh Zeitlin (Beats of Southern Wild) to win the Academy Award for Best Director,13,0.1,Feb/24/2013 12:16:47
768605,DIRECTOR:ZEITLIN,Benh Zeitlin (Beats of Southern Wild) to win the Academy Award for Best Director,1,0.1,Feb/24/2013 20:04:27
768605,DIRECTOR:ZEITLIN,Benh Zeitlin (Beats of Southern Wild) to win the Academy Award for Best Director,2,0.1,Feb/24/2013 20:13:34
768605,DIRECTOR:ZEITLIN,Benh Zeitlin (Beats of Southern Wild) to win the Academy Award for Best Director,1,0.1,Feb/24/2013 21:01:43
768605,DIRECTOR:ZEITLIN,Benh Zeitlin (Beats of Southern Wild) to win the Academy Award for Best Director,1,0.1,Feb/24/2013 21:16:49
768605,DIRECTOR:ZEITLIN,Benh Zeitlin (Beats of Southern Wild) to win the Academy Award for Best Director,6,0.2,Feb/24/2013 22:15:00
768605,DIRECTOR:ZEITLIN,Benh Zeitlin (Beats of Southern Wild) to win the Academy Award for Best Director,10,0.2,Feb/24/2013 22:15:00
768605,DIRECTOR:ZEITLIN,Benh Zeitlin (Beats of Southern Wild) to win the Academy Award for Best Director,1,0.4,Feb/24/2013 22:16:30
768605,DIRECTOR:ZEITLIN,Benh Zeitlin (Beats of Southern Wild) to win the Academy Award for Best Director,10,0.2,Feb/24/2013 22:21:51
768605,DIRECTOR:ZEITLIN,Benh Zeitlin (Beats of Southern Wild) to win the Academy Award for Best Director,1,0.1,Feb/24/2013 22:33:22
768605,DIRECTOR:ZEITLIN,Benh Zeitlin (Beats of Southern Wild) to win the Academy Award for Best Director,1,0.1,Feb/24/2013 22:34:19
768605,DIRECTOR:ZEITLIN,Benh Zeitlin (Beats of Southern Wild) to win the Academy Award for Best Director,1,0.1,Feb/24/2013 22:35:10
768605,DIRECTOR:ZEITLIN,Benh Zeitlin (Beats of Southern Wild) to win the Academy Award for Best Director,4,0.1,Feb/24/2013 22:42:04
768605,DIRECTOR:ZEITLIN,Benh Zeitlin (Beats of Southern Wild) to win the Academy Award for Best Director,3,0.1,Feb/24/2013 22:42:15
768605,DIRECTOR:ZEITLIN,Benh Zeitlin (Beats of Southern Wild) to win the Academy Award for Best Director,3,0.1,Feb/24/2013 22:43:38
