market id,market symbol,market name,trade quantity,trade price,date/time [utc]
756488,ARIZONA.ROMNEY,Mitt Romney to win the 2012 Arizona Primary,5,58.9,Jan/25/2012 19:35:02
756488,ARIZONA.ROMNEY,Mitt Romney to win the 2012 Arizona Primary,10,75.0,Jan/26/2012 09:03:28
756488,ARIZONA.ROMNEY,Mitt Romney to win the 2012 Arizona Primary,30,75.0,Jan/26/2012 16:10:45
756488,ARIZONA.ROMNEY,Mitt Romney to win the 2012 Arizona Primary,20,80.0,Jan/26/2012 16:16:40
756488,ARIZONA.ROMNEY,Mitt Romney to win the 2012 Arizona Primary,10,85.0,Jan/27/2012 01:52:39
756488,ARIZONA.ROMNEY,Mitt Romney to win the 2012 Arizona Primary,6,91.2,Jan/30/2012 15:33:26
756488,ARIZONA.ROMNEY,Mitt Romney to win the 2012 Arizona Primary,16,91.2,Jan/30/2012 15:33:30
756488,ARIZONA.ROMNEY,Mitt Romney to win the 2012 Arizona Primary,5,87.0,Jan/30/2012 18:18:14
756488,ARIZONA.ROMNEY,Mitt Romney to win the 2012 Arizona Primary,5,87.0,Jan/31/2012 22:49:49
756488,ARIZONA.ROMNEY,Mitt Romney to win the 2012 Arizona Primary,1,92.4,Feb/01/2012 02:40:10
756488,ARIZONA.ROMNEY,Mitt Romney to win the 2012 Arizona Primary,10,90.0,Feb/01/2012 16:20:01
756488,ARIZONA.ROMNEY,Mitt Romney to win the 2012 Arizona Primary,2,90.0,Feb/01/2012 16:20:04
756488,ARIZONA.ROMNEY,Mitt Romney to win the 2012 Arizona Primary,20,90.0,Feb/02/2012 12:23:43
756488,ARIZONA.ROMNEY,Mitt Romney to win the 2012 Arizona Primary,1,90.1,Feb/02/2012 12:23:43
756488,ARIZONA.ROMNEY,Mitt Romney to win the 2012 Arizona Primary,10,90.0,Feb/02/2012 15:47:48
756488,ARIZONA.ROMNEY,Mitt Romney to win the 2012 Arizona Primary,6,92.5,Feb/02/2012 18:46:21
756488,ARIZONA.ROMNEY,Mitt Romney to win the 2012 Arizona Primary,1,92.5,Feb/02/2012 18:47:10
756488,ARIZONA.ROMNEY,Mitt Romney to win the 2012 Arizona Primary,10,90.0,Feb/02/2012 19:41:41
756488,ARIZONA.ROMNEY,Mitt Romney to win the 2012 Arizona Primary,20,93.0,Feb/02/2012 22:43:56
756488,ARIZONA.ROMNEY,Mitt Romney to win the 2012 Arizona Primary,15,93.0,Feb/03/2012 04:19:11
756488,ARIZONA.ROMNEY,Mitt Romney to win the 2012 Arizona Primary,1,93.0,Feb/03/2012 05:49:49
756488,ARIZONA.ROMNEY,Mitt Romney to win the 2012 Arizona Primary,5,95.0,Feb/04/2012 15:46:31
756488,ARIZONA.ROMNEY,Mitt Romney to win the 2012 Arizona Primary,1,93.0,Feb/04/2012 16:38:06
756488,ARIZONA.ROMNEY,Mitt Romney to win the 2012 Arizona Primary,3,92.0,Feb/04/2012 16:38:18
756488,ARIZONA.ROMNEY,Mitt Romney to win the 2012 Arizona Primary,1,91.0,Feb/04/2012 16:38:18
756488,ARIZONA.ROMNEY,Mitt Romney to win the 2012 Arizona Primary,1,92.0,Feb/04/2012 16:38:18
756488,ARIZONA.ROMNEY,Mitt Romney to win the 2012 Arizona Primary,1,95.0,Feb/04/2012 16:38:47
756488,ARIZONA.ROMNEY,Mitt Romney to win the 2012 Arizona Primary,8,94.8,Feb/05/2012 00:39:18
756488,ARIZONA.ROMNEY,Mitt Romney to win the 2012 Arizona Primary,5,94.8,Feb/05/2012 00:39:18
756488,ARIZONA.ROMNEY,Mitt Romney to win the 2012 Arizona Primary,13,94.8,Feb/05/2012 00:39:18
756488,ARIZONA.ROMNEY,Mitt Romney to win the 2012 Arizona Primary,20,94.9,Feb/05/2012 00:39:27
756488,ARIZONA.ROMNEY,Mitt Romney to win the 2012 Arizona Primary,6,94.9,Feb/05/2012 00:39:27
756488,ARIZONA.ROMNEY,Mitt Romney to win the 2012 Arizona Primary,9,95.7,Feb/06/2012 15:54:05
756488,ARIZONA.ROMNEY,Mitt Romney to win the 2012 Arizona Primary,8,96.1,Feb/06/2012 17:06:51
756488,ARIZONA.ROMNEY,Mitt Romney to win the 2012 Arizona Primary,7,95.9,Feb/06/2012 18:48:48
756488,ARIZONA.ROMNEY,Mitt Romney to win the 2012 Arizona Primary,6,95.9,Feb/06/2012 18:48:48
756488,ARIZONA.ROMNEY,Mitt Romney to win the 2012 Arizona Primary,30,96.0,Feb/07/2012 06:25:43
756488,ARIZONA.ROMNEY,Mitt Romney to win the 2012 Arizona Primary,30,96.0,Feb/07/2012 07:32:17
756488,ARIZONA.ROMNEY,Mitt Romney to win the 2012 Arizona Primary,10,95.0,Feb/07/2012 07:32:50
756488,ARIZONA.ROMNEY,Mitt Romney to win the 2012 Arizona Primary,1,95.1,Feb/07/2012 07:32:50
756488,ARIZONA.ROMNEY,Mitt Romney to win the 2012 Arizona Primary,4,95.1,Feb/07/2012 07:33:18
756488,ARIZONA.ROMNEY,Mitt Romney to win the 2012 Arizona Primary,2,95.1,Feb/07/2012 12:49:01
756488,ARIZONA.ROMNEY,Mitt Romney to win the 2012 Arizona Primary,2,91.0,Feb/07/2012 15:11:14
756488,ARIZONA.ROMNEY,Mitt Romney to win the 2012 Arizona Primary,20,90.0,Feb/07/2012 15:11:14
756488,ARIZONA.ROMNEY,Mitt Romney to win the 2012 Arizona Primary,4,90.1,Feb/07/2012 15:11:14
756488,ARIZONA.ROMNEY,Mitt Romney to win the 2012 Arizona Primary,3,90.1,Feb/07/2012 15:11:14
756488,ARIZONA.ROMNEY,Mitt Romney to win the 2012 Arizona Primary,6,91.0,Feb/07/2012 15:11:14
756488,ARIZONA.ROMNEY,Mitt Romney to win the 2012 Arizona Primary,1,80.1,Feb/07/2012 15:11:39
756488,ARIZONA.ROMNEY,Mitt Romney to win the 2012 Arizona Primary,3,93.4,Feb/07/2012 15:42:35
756488,ARIZONA.ROMNEY,Mitt Romney to win the 2012 Arizona Primary,5,93.5,Feb/07/2012 15:43:07
756488,ARIZONA.ROMNEY,Mitt Romney to win the 2012 Arizona Primary,10,87.0,Feb/08/2012 02:37:56
756488,ARIZONA.ROMNEY,Mitt Romney to win the 2012 Arizona Primary,3,87.0,Feb/08/2012 02:37:56
756488,ARIZONA.ROMNEY,Mitt Romney to win the 2012 Arizona Primary,20,87.0,Feb/08/2012 02:37:56
756488,ARIZONA.ROMNEY,Mitt Romney to win the 2012 Arizona Primary,5,85.1,Feb/08/2012 02:38:30
756488,ARIZONA.ROMNEY,Mitt Romney to win the 2012 Arizona Primary,10,85.3,Feb/08/2012 02:38:30
756488,ARIZONA.ROMNEY,Mitt Romney to win the 2012 Arizona Primary,5,86.0,Feb/08/2012 02:38:30
756488,ARIZONA.ROMNEY,Mitt Romney to win the 2012 Arizona Primary,3,85.2,Feb/08/2012 02:38:30
756488,ARIZONA.ROMNEY,Mitt Romney to win the 2012 Arizona Primary,3,85.3,Feb/08/2012 02:38:30
756488,ARIZONA.ROMNEY,Mitt Romney to win the 2012 Arizona Primary,1,70.0,Feb/08/2012 02:50:41
756488,ARIZONA.ROMNEY,Mitt Romney to win the 2012 Arizona Primary,5,70.0,Feb/08/2012 04:20:06
756488,ARIZONA.ROMNEY,Mitt Romney to win the 2012 Arizona Primary,9,70.0,Feb/08/2012 04:20:06
756488,ARIZONA.ROMNEY,Mitt Romney to win the 2012 Arizona Primary,2,70.1,Feb/08/2012 04:20:06
756488,ARIZONA.ROMNEY,Mitt Romney to win the 2012 Arizona Primary,3,70.1,Feb/08/2012 04:20:06
756488,ARIZONA.ROMNEY,Mitt Romney to win the 2012 Arizona Primary,1,60.0,Feb/08/2012 04:53:29
756488,ARIZONA.ROMNEY,Mitt Romney to win the 2012 Arizona Primary,4,60.0,Feb/08/2012 06:14:05
756488,ARIZONA.ROMNEY,Mitt Romney to win the 2012 Arizona Primary,30,60.0,Feb/08/2012 06:14:05
756488,ARIZONA.ROMNEY,Mitt Romney to win the 2012 Arizona Primary,1,58.6,Feb/08/2012 06:15:06
756488,ARIZONA.ROMNEY,Mitt Romney to win the 2012 Arizona Primary,1,52.5,Feb/08/2012 06:15:06
756488,ARIZONA.ROMNEY,Mitt Romney to win the 2012 Arizona Primary,5,70.1,Feb/08/2012 15:05:39
756488,ARIZONA.ROMNEY,Mitt Romney to win the 2012 Arizona Primary,1,70.0,Feb/08/2012 15:27:25
756488,ARIZONA.ROMNEY,Mitt Romney to win the 2012 Arizona Primary,5,79.8,Feb/08/2012 16:36:59
756488,ARIZONA.ROMNEY,Mitt Romney to win the 2012 Arizona Primary,3,79.8,Feb/08/2012 16:36:59
756488,ARIZONA.ROMNEY,Mitt Romney to win the 2012 Arizona Primary,2,79.9,Feb/08/2012 17:47:12
756488,ARIZONA.ROMNEY,Mitt Romney to win the 2012 Arizona Primary,1,70.0,Feb/08/2012 18:09:29
756488,ARIZONA.ROMNEY,Mitt Romney to win the 2012 Arizona Primary,11,67.6,Feb/08/2012 18:19:00
756488,ARIZONA.ROMNEY,Mitt Romney to win the 2012 Arizona Primary,1,79.4,Feb/08/2012 19:16:02
756488,ARIZONA.ROMNEY,Mitt Romney to win the 2012 Arizona Primary,2,79.4,Feb/08/2012 19:22:58
756488,ARIZONA.ROMNEY,Mitt Romney to win the 2012 Arizona Primary,5,79.6,Feb/08/2012 19:23:27
756488,ARIZONA.ROMNEY,Mitt Romney to win the 2012 Arizona Primary,2,73.9,Feb/08/2012 19:31:10
756488,ARIZONA.ROMNEY,Mitt Romney to win the 2012 Arizona Primary,2,74.9,Feb/08/2012 19:31:45
756488,ARIZONA.ROMNEY,Mitt Romney to win the 2012 Arizona Primary,3,75.9,Feb/08/2012 19:31:59
756488,ARIZONA.ROMNEY,Mitt Romney to win the 2012 Arizona Primary,2,76.9,Feb/08/2012 19:32:17
756488,ARIZONA.ROMNEY,Mitt Romney to win the 2012 Arizona Primary,8,74.9,Feb/08/2012 19:45:02
756488,ARIZONA.ROMNEY,Mitt Romney to win the 2012 Arizona Primary,4,74.9,Feb/08/2012 19:45:02
756488,ARIZONA.ROMNEY,Mitt Romney to win the 2012 Arizona Primary,2,74.8,Feb/08/2012 19:45:02
756488,ARIZONA.ROMNEY,Mitt Romney to win the 2012 Arizona Primary,26,74.8,Feb/08/2012 20:26:08
756488,ARIZONA.ROMNEY,Mitt Romney to win the 2012 Arizona Primary,5,74.7,Feb/08/2012 20:26:08
756488,ARIZONA.ROMNEY,Mitt Romney to win the 2012 Arizona Primary,4,74.7,Feb/08/2012 20:26:08
756488,ARIZONA.ROMNEY,Mitt Romney to win the 2012 Arizona Primary,1,74.7,Feb/08/2012 21:21:55
756488,ARIZONA.ROMNEY,Mitt Romney to win the 2012 Arizona Primary,3,74.7,Feb/08/2012 21:21:55
756488,ARIZONA.ROMNEY,Mitt Romney to win the 2012 Arizona Primary,3,74.7,Feb/08/2012 21:21:55
756488,ARIZONA.ROMNEY,Mitt Romney to win the 2012 Arizona Primary,35,74.8,Feb/08/2012 21:35:49
756488,ARIZONA.ROMNEY,Mitt Romney to win the 2012 Arizona Primary,25,74.7,Feb/08/2012 21:42:24
756488,ARIZONA.ROMNEY,Mitt Romney to win the 2012 Arizona Primary,7,74.8,Feb/08/2012 21:52:43
756488,ARIZONA.ROMNEY,Mitt Romney to win the 2012 Arizona Primary,32,74.8,Feb/08/2012 21:57:57
756488,ARIZONA.ROMNEY,Mitt Romney to win the 2012 Arizona Primary,2,74.8,Feb/08/2012 21:57:57
756488,ARIZONA.ROMNEY,Mitt Romney to win the 2012 Arizona Primary,10,74.7,Feb/08/2012 22:03:58
756488,ARIZONA.ROMNEY,Mitt Romney to win the 2012 Arizona Primary,3,74.9,Feb/08/2012 23:23:08
756488,ARIZONA.ROMNEY,Mitt Romney to win the 2012 Arizona Primary,5,75.0,Feb/08/2012 23:23:38
756488,ARIZONA.ROMNEY,Mitt Romney to win the 2012 Arizona Primary,30,75.0,Feb/08/2012 23:41:20
756488,ARIZONA.ROMNEY,Mitt Romney to win the 2012 Arizona Primary,2,75.9,Feb/09/2012 02:23:46
756488,ARIZONA.ROMNEY,Mitt Romney to win the 2012 Arizona Primary,1,76.9,Feb/09/2012 03:34:53
756488,ARIZONA.ROMNEY,Mitt Romney to win the 2012 Arizona Primary,3,76.8,Feb/09/2012 03:34:53
756488,ARIZONA.ROMNEY,Mitt Romney to win the 2012 Arizona Primary,3,77.9,Feb/09/2012 03:37:40
756488,ARIZONA.ROMNEY,Mitt Romney to win the 2012 Arizona Primary,3,78.9,Feb/09/2012 03:37:40
756488,ARIZONA.ROMNEY,Mitt Romney to win the 2012 Arizona Primary,1,78.9,Feb/09/2012 07:34:08
756488,ARIZONA.ROMNEY,Mitt Romney to win the 2012 Arizona Primary,1,77.7,Feb/09/2012 11:02:07
756488,ARIZONA.ROMNEY,Mitt Romney to win the 2012 Arizona Primary,1,77.3,Feb/09/2012 19:38:55
756488,ARIZONA.ROMNEY,Mitt Romney to win the 2012 Arizona Primary,1,77.3,Feb/09/2012 19:38:55
756488,ARIZONA.ROMNEY,Mitt Romney to win the 2012 Arizona Primary,1,77.1,Feb/09/2012 19:39:26
756488,ARIZONA.ROMNEY,Mitt Romney to win the 2012 Arizona Primary,1,77.1,Feb/09/2012 19:39:31
756488,ARIZONA.ROMNEY,Mitt Romney to win the 2012 Arizona Primary,1,79.3,Feb/09/2012 20:23:54
756488,ARIZONA.ROMNEY,Mitt Romney to win the 2012 Arizona Primary,1,79.3,Feb/09/2012 20:23:54
756488,ARIZONA.ROMNEY,Mitt Romney to win the 2012 Arizona Primary,2,79.4,Feb/09/2012 20:24:43
756488,ARIZONA.ROMNEY,Mitt Romney to win the 2012 Arizona Primary,1,75.4,Feb/09/2012 22:12:15
756488,ARIZONA.ROMNEY,Mitt Romney to win the 2012 Arizona Primary,8,76.4,Feb/10/2012 05:04:51
756488,ARIZONA.ROMNEY,Mitt Romney to win the 2012 Arizona Primary,1,76.5,Feb/10/2012 05:04:51
756488,ARIZONA.ROMNEY,Mitt Romney to win the 2012 Arizona Primary,1,76.5,Feb/10/2012 05:04:51
756488,ARIZONA.ROMNEY,Mitt Romney to win the 2012 Arizona Primary,5,78.0,Feb/10/2012 09:45:00
756488,ARIZONA.ROMNEY,Mitt Romney to win the 2012 Arizona Primary,4,78.1,Feb/10/2012 10:26:47
756488,ARIZONA.ROMNEY,Mitt Romney to win the 2012 Arizona Primary,15,78.0,Feb/10/2012 11:47:47
756488,ARIZONA.ROMNEY,Mitt Romney to win the 2012 Arizona Primary,3,78.1,Feb/10/2012 11:47:47
756488,ARIZONA.ROMNEY,Mitt Romney to win the 2012 Arizona Primary,1,79.3,Feb/10/2012 16:20:45
756488,ARIZONA.ROMNEY,Mitt Romney to win the 2012 Arizona Primary,3,79.4,Feb/10/2012 16:45:17
756488,ARIZONA.ROMNEY,Mitt Romney to win the 2012 Arizona Primary,9,79.7,Feb/10/2012 16:45:28
756488,ARIZONA.ROMNEY,Mitt Romney to win the 2012 Arizona Primary,4,79.7,Feb/10/2012 16:45:28
756488,ARIZONA.ROMNEY,Mitt Romney to win the 2012 Arizona Primary,50,79.8,Feb/10/2012 16:45:35
756488,ARIZONA.ROMNEY,Mitt Romney to win the 2012 Arizona Primary,1,76.1,Feb/10/2012 17:51:08
756488,ARIZONA.ROMNEY,Mitt Romney to win the 2012 Arizona Primary,5,76.3,Feb/10/2012 17:51:08
756488,ARIZONA.ROMNEY,Mitt Romney to win the 2012 Arizona Primary,25,76.0,Feb/10/2012 17:51:08
756488,ARIZONA.ROMNEY,Mitt Romney to win the 2012 Arizona Primary,1,76.4,Feb/10/2012 17:51:08
756488,ARIZONA.ROMNEY,Mitt Romney to win the 2012 Arizona Primary,7,76.1,Feb/10/2012 17:51:08
756488,ARIZONA.ROMNEY,Mitt Romney to win the 2012 Arizona Primary,4,76.1,Feb/10/2012 17:51:08
756488,ARIZONA.ROMNEY,Mitt Romney to win the 2012 Arizona Primary,1,76.0,Feb/10/2012 19:00:07
756488,ARIZONA.ROMNEY,Mitt Romney to win the 2012 Arizona Primary,3,75.6,Feb/11/2012 02:12:33
756488,ARIZONA.ROMNEY,Mitt Romney to win the 2012 Arizona Primary,4,76.0,Feb/11/2012 02:12:33
756488,ARIZONA.ROMNEY,Mitt Romney to win the 2012 Arizona Primary,15,76.2,Feb/11/2012 02:12:33
756488,ARIZONA.ROMNEY,Mitt Romney to win the 2012 Arizona Primary,5,75.7,Feb/11/2012 02:12:33
756488,ARIZONA.ROMNEY,Mitt Romney to win the 2012 Arizona Primary,3,76.3,Feb/11/2012 02:12:33
756488,ARIZONA.ROMNEY,Mitt Romney to win the 2012 Arizona Primary,42,74.7,Feb/11/2012 02:13:02
756488,ARIZONA.ROMNEY,Mitt Romney to win the 2012 Arizona Primary,2,74.6,Feb/11/2012 02:13:02
756488,ARIZONA.ROMNEY,Mitt Romney to win the 2012 Arizona Primary,3,75.6,Feb/11/2012 02:13:02
756488,ARIZONA.ROMNEY,Mitt Romney to win the 2012 Arizona Primary,11,74.8,Feb/11/2012 02:13:02
756488,ARIZONA.ROMNEY,Mitt Romney to win the 2012 Arizona Primary,25,75.0,Feb/11/2012 02:13:02
756488,ARIZONA.ROMNEY,Mitt Romney to win the 2012 Arizona Primary,9,81.0,Feb/11/2012 02:32:44
756488,ARIZONA.ROMNEY,Mitt Romney to win the 2012 Arizona Primary,9,80.3,Feb/11/2012 02:32:44
756488,ARIZONA.ROMNEY,Mitt Romney to win the 2012 Arizona Primary,6,80.9,Feb/11/2012 02:32:44
756488,ARIZONA.ROMNEY,Mitt Romney to win the 2012 Arizona Primary,9,81.0,Feb/11/2012 02:35:13
756488,ARIZONA.ROMNEY,Mitt Romney to win the 2012 Arizona Primary,50,80.0,Feb/11/2012 02:35:56
756488,ARIZONA.ROMNEY,Mitt Romney to win the 2012 Arizona Primary,2,70.5,Feb/11/2012 02:42:59
756488,ARIZONA.ROMNEY,Mitt Romney to win the 2012 Arizona Primary,5,70.6,Feb/11/2012 02:42:59
756488,ARIZONA.ROMNEY,Mitt Romney to win the 2012 Arizona Primary,3,70.6,Feb/11/2012 02:42:59
756488,ARIZONA.ROMNEY,Mitt Romney to win the 2012 Arizona Primary,16,70.5,Feb/11/2012 02:51:25
756488,ARIZONA.ROMNEY,Mitt Romney to win the 2012 Arizona Primary,3,71.1,Feb/11/2012 04:14:44
756488,ARIZONA.ROMNEY,Mitt Romney to win the 2012 Arizona Primary,2,71.1,Feb/11/2012 04:14:44
756488,ARIZONA.ROMNEY,Mitt Romney to win the 2012 Arizona Primary,7,71.0,Feb/11/2012 04:15:08
756488,ARIZONA.ROMNEY,Mitt Romney to win the 2012 Arizona Primary,31,71.0,Feb/11/2012 04:15:08
756488,ARIZONA.ROMNEY,Mitt Romney to win the 2012 Arizona Primary,5,81.2,Feb/11/2012 05:09:26
756488,ARIZONA.ROMNEY,Mitt Romney to win the 2012 Arizona Primary,5,79.4,Feb/11/2012 14:55:22
756488,ARIZONA.ROMNEY,Mitt Romney to win the 2012 Arizona Primary,7,71.7,Feb/11/2012 16:22:45
756488,ARIZONA.ROMNEY,Mitt Romney to win the 2012 Arizona Primary,14,70.0,Feb/11/2012 16:26:22
756488,ARIZONA.ROMNEY,Mitt Romney to win the 2012 Arizona Primary,10,70.6,Feb/11/2012 16:26:22
756488,ARIZONA.ROMNEY,Mitt Romney to win the 2012 Arizona Primary,9,71.6,Feb/11/2012 16:26:22
756488,ARIZONA.ROMNEY,Mitt Romney to win the 2012 Arizona Primary,2,71.6,Feb/11/2012 16:26:22
756488,ARIZONA.ROMNEY,Mitt Romney to win the 2012 Arizona Primary,1,71.6,Feb/11/2012 16:26:22
756488,ARIZONA.ROMNEY,Mitt Romney to win the 2012 Arizona Primary,5,70.7,Feb/11/2012 16:26:22
756488,ARIZONA.ROMNEY,Mitt Romney to win the 2012 Arizona Primary,10,70.0,Feb/11/2012 16:30:56
756488,ARIZONA.ROMNEY,Mitt Romney to win the 2012 Arizona Primary,26,70.0,Feb/11/2012 16:36:51
756488,ARIZONA.ROMNEY,Mitt Romney to win the 2012 Arizona Primary,5,70.0,Feb/11/2012 18:56:00
756488,ARIZONA.ROMNEY,Mitt Romney to win the 2012 Arizona Primary,5,69.0,Feb/11/2012 18:56:30
756488,ARIZONA.ROMNEY,Mitt Romney to win the 2012 Arizona Primary,10,70.0,Feb/11/2012 19:40:58
756488,ARIZONA.ROMNEY,Mitt Romney to win the 2012 Arizona Primary,2,78.6,Feb/11/2012 19:48:50
756488,ARIZONA.ROMNEY,Mitt Romney to win the 2012 Arizona Primary,4,78.6,Feb/11/2012 20:33:06
756488,ARIZONA.ROMNEY,Mitt Romney to win the 2012 Arizona Primary,71,78.6,Feb/11/2012 23:28:57
756488,ARIZONA.ROMNEY,Mitt Romney to win the 2012 Arizona Primary,3,78.2,Feb/11/2012 23:28:57
756488,ARIZONA.ROMNEY,Mitt Romney to win the 2012 Arizona Primary,7,78.5,Feb/11/2012 23:28:57
756488,ARIZONA.ROMNEY,Mitt Romney to win the 2012 Arizona Primary,6,78.5,Feb/11/2012 23:28:57
756488,ARIZONA.ROMNEY,Mitt Romney to win the 2012 Arizona Primary,4,78.5,Feb/11/2012 23:41:35
756488,ARIZONA.ROMNEY,Mitt Romney to win the 2012 Arizona Primary,10,80.0,Feb/11/2012 23:46:32
756488,ARIZONA.ROMNEY,Mitt Romney to win the 2012 Arizona Primary,1,82.0,Feb/11/2012 23:48:24
756488,ARIZONA.ROMNEY,Mitt Romney to win the 2012 Arizona Primary,3,81.8,Feb/11/2012 23:54:19
756488,ARIZONA.ROMNEY,Mitt Romney to win the 2012 Arizona Primary,10,82.0,Feb/11/2012 23:54:34
756488,ARIZONA.ROMNEY,Mitt Romney to win the 2012 Arizona Primary,10,80.0,Feb/12/2012 00:00:50
756488,ARIZONA.ROMNEY,Mitt Romney to win the 2012 Arizona Primary,7,82.5,Feb/12/2012 00:05:37
756488,ARIZONA.ROMNEY,Mitt Romney to win the 2012 Arizona Primary,3,82.4,Feb/12/2012 00:05:37
756488,ARIZONA.ROMNEY,Mitt Romney to win the 2012 Arizona Primary,4,80.1,Feb/12/2012 00:05:52
756488,ARIZONA.ROMNEY,Mitt Romney to win the 2012 Arizona Primary,1,80.1,Feb/12/2012 00:16:45
756488,ARIZONA.ROMNEY,Mitt Romney to win the 2012 Arizona Primary,5,80.0,Feb/12/2012 00:19:21
756488,ARIZONA.ROMNEY,Mitt Romney to win the 2012 Arizona Primary,3,82.2,Feb/12/2012 00:39:00
756488,ARIZONA.ROMNEY,Mitt Romney to win the 2012 Arizona Primary,3,82.2,Feb/12/2012 00:39:00
756488,ARIZONA.ROMNEY,Mitt Romney to win the 2012 Arizona Primary,1,82.2,Feb/12/2012 00:48:28
756488,ARIZONA.ROMNEY,Mitt Romney to win the 2012 Arizona Primary,2,82.2,Feb/12/2012 01:08:17
756488,ARIZONA.ROMNEY,Mitt Romney to win the 2012 Arizona Primary,4,82.2,Feb/12/2012 01:10:42
756488,ARIZONA.ROMNEY,Mitt Romney to win the 2012 Arizona Primary,2,82.2,Feb/12/2012 01:17:00
756488,ARIZONA.ROMNEY,Mitt Romney to win the 2012 Arizona Primary,3,82.3,Feb/12/2012 01:17:18
756488,ARIZONA.ROMNEY,Mitt Romney to win the 2012 Arizona Primary,2,82.3,Feb/12/2012 01:29:58
756488,ARIZONA.ROMNEY,Mitt Romney to win the 2012 Arizona Primary,50,84.9,Feb/12/2012 02:11:04
756488,ARIZONA.ROMNEY,Mitt Romney to win the 2012 Arizona Primary,2,89.9,Feb/12/2012 03:12:30
756488,ARIZONA.ROMNEY,Mitt Romney to win the 2012 Arizona Primary,50,89.9,Feb/12/2012 03:12:30
756488,ARIZONA.ROMNEY,Mitt Romney to win the 2012 Arizona Primary,35,90.0,Feb/12/2012 03:12:44
756488,ARIZONA.ROMNEY,Mitt Romney to win the 2012 Arizona Primary,1,89.9,Feb/12/2012 03:36:53
756488,ARIZONA.ROMNEY,Mitt Romney to win the 2012 Arizona Primary,1,89.1,Feb/12/2012 06:35:07
756488,ARIZONA.ROMNEY,Mitt Romney to win the 2012 Arizona Primary,19,89.1,Feb/12/2012 07:10:54
756488,ARIZONA.ROMNEY,Mitt Romney to win the 2012 Arizona Primary,20,89.2,Feb/12/2012 07:11:13
756488,ARIZONA.ROMNEY,Mitt Romney to win the 2012 Arizona Primary,3,82.1,Feb/12/2012 12:54:00
756488,ARIZONA.ROMNEY,Mitt Romney to win the 2012 Arizona Primary,1,85.0,Feb/12/2012 15:20:39
756488,ARIZONA.ROMNEY,Mitt Romney to win the 2012 Arizona Primary,7,88.9,Feb/12/2012 16:22:46
756488,ARIZONA.ROMNEY,Mitt Romney to win the 2012 Arizona Primary,3,88.8,Feb/12/2012 16:22:46
756488,ARIZONA.ROMNEY,Mitt Romney to win the 2012 Arizona Primary,3,88.4,Feb/12/2012 20:19:37
756488,ARIZONA.ROMNEY,Mitt Romney to win the 2012 Arizona Primary,3,88.4,Feb/12/2012 20:19:56
756488,ARIZONA.ROMNEY,Mitt Romney to win the 2012 Arizona Primary,3,88.5,Feb/12/2012 20:20:05
756488,ARIZONA.ROMNEY,Mitt Romney to win the 2012 Arizona Primary,2,88.9,Feb/12/2012 21:29:13
756488,ARIZONA.ROMNEY,Mitt Romney to win the 2012 Arizona Primary,65,88.9,Feb/12/2012 22:39:58
756488,ARIZONA.ROMNEY,Mitt Romney to win the 2012 Arizona Primary,10,88.8,Feb/12/2012 23:15:06
756488,ARIZONA.ROMNEY,Mitt Romney to win the 2012 Arizona Primary,3,85.3,Feb/13/2012 01:27:24
756488,ARIZONA.ROMNEY,Mitt Romney to win the 2012 Arizona Primary,7,85.2,Feb/13/2012 01:34:44
756488,ARIZONA.ROMNEY,Mitt Romney to win the 2012 Arizona Primary,36,85.2,Feb/13/2012 01:52:01
756488,ARIZONA.ROMNEY,Mitt Romney to win the 2012 Arizona Primary,9,85.3,Feb/13/2012 01:52:01
756488,ARIZONA.ROMNEY,Mitt Romney to win the 2012 Arizona Primary,4,85.3,Feb/13/2012 01:52:01
756488,ARIZONA.ROMNEY,Mitt Romney to win the 2012 Arizona Primary,7,85.2,Feb/13/2012 01:57:01
756488,ARIZONA.ROMNEY,Mitt Romney to win the 2012 Arizona Primary,3,85.3,Feb/13/2012 01:57:01
756488,ARIZONA.ROMNEY,Mitt Romney to win the 2012 Arizona Primary,5,86.8,Feb/13/2012 02:02:15
756488,ARIZONA.ROMNEY,Mitt Romney to win the 2012 Arizona Primary,4,86.8,Feb/13/2012 02:02:15
756488,ARIZONA.ROMNEY,Mitt Romney to win the 2012 Arizona Primary,1,87.0,Feb/13/2012 02:02:24
756488,ARIZONA.ROMNEY,Mitt Romney to win the 2012 Arizona Primary,4,85.0,Feb/13/2012 02:07:34
756488,ARIZONA.ROMNEY,Mitt Romney to win the 2012 Arizona Primary,5,82.5,Feb/13/2012 02:07:52
756488,ARIZONA.ROMNEY,Mitt Romney to win the 2012 Arizona Primary,5,82.0,Feb/13/2012 02:08:02
756488,ARIZONA.ROMNEY,Mitt Romney to win the 2012 Arizona Primary,3,85.4,Feb/13/2012 02:34:15
756488,ARIZONA.ROMNEY,Mitt Romney to win the 2012 Arizona Primary,16,85.5,Feb/13/2012 02:34:26
756488,ARIZONA.ROMNEY,Mitt Romney to win the 2012 Arizona Primary,2,85.4,Feb/13/2012 02:34:26
756488,ARIZONA.ROMNEY,Mitt Romney to win the 2012 Arizona Primary,2,85.4,Feb/13/2012 02:34:26
756488,ARIZONA.ROMNEY,Mitt Romney to win the 2012 Arizona Primary,2,85.5,Feb/13/2012 02:42:07
756488,ARIZONA.ROMNEY,Mitt Romney to win the 2012 Arizona Primary,6,80.1,Feb/13/2012 03:07:17
756488,ARIZONA.ROMNEY,Mitt Romney to win the 2012 Arizona Primary,10,80.2,Feb/13/2012 03:07:17
756488,ARIZONA.ROMNEY,Mitt Romney to win the 2012 Arizona Primary,4,80.2,Feb/13/2012 03:07:17
756488,ARIZONA.ROMNEY,Mitt Romney to win the 2012 Arizona Primary,2,81.2,Feb/13/2012 12:58:14
756488,ARIZONA.ROMNEY,Mitt Romney to win the 2012 Arizona Primary,3,80.2,Feb/13/2012 12:58:14
756488,ARIZONA.ROMNEY,Mitt Romney to win the 2012 Arizona Primary,5,80.2,Feb/13/2012 12:58:14
756488,ARIZONA.ROMNEY,Mitt Romney to win the 2012 Arizona Primary,1,85.4,Feb/13/2012 13:00:36
756488,ARIZONA.ROMNEY,Mitt Romney to win the 2012 Arizona Primary,10,80.3,Feb/13/2012 14:29:30
756488,ARIZONA.ROMNEY,Mitt Romney to win the 2012 Arizona Primary,4,80.3,Feb/13/2012 14:29:51
756488,ARIZONA.ROMNEY,Mitt Romney to win the 2012 Arizona Primary,22,80.3,Feb/13/2012 14:49:45
756488,ARIZONA.ROMNEY,Mitt Romney to win the 2012 Arizona Primary,10,80.3,Feb/13/2012 15:01:26
756488,ARIZONA.ROMNEY,Mitt Romney to win the 2012 Arizona Primary,20,80.3,Feb/13/2012 15:10:13
756488,ARIZONA.ROMNEY,Mitt Romney to win the 2012 Arizona Primary,3,80.5,Feb/13/2012 15:46:13
756488,ARIZONA.ROMNEY,Mitt Romney to win the 2012 Arizona Primary,5,80.6,Feb/13/2012 15:46:13
756488,ARIZONA.ROMNEY,Mitt Romney to win the 2012 Arizona Primary,2,80.6,Feb/13/2012 15:46:13
756488,ARIZONA.ROMNEY,Mitt Romney to win the 2012 Arizona Primary,2,85.5,Feb/13/2012 15:55:21
756488,ARIZONA.ROMNEY,Mitt Romney to win the 2012 Arizona Primary,2,85.5,Feb/13/2012 15:55:21
756488,ARIZONA.ROMNEY,Mitt Romney to win the 2012 Arizona Primary,7,80.3,Feb/13/2012 17:26:48
756488,ARIZONA.ROMNEY,Mitt Romney to win the 2012 Arizona Primary,14,80.3,Feb/13/2012 17:47:15
756488,ARIZONA.ROMNEY,Mitt Romney to win the 2012 Arizona Primary,1,80.4,Feb/13/2012 17:47:15
756488,ARIZONA.ROMNEY,Mitt Romney to win the 2012 Arizona Primary,10,80.3,Feb/13/2012 18:32:19
756488,ARIZONA.ROMNEY,Mitt Romney to win the 2012 Arizona Primary,1,82.5,Feb/13/2012 18:58:51
756488,ARIZONA.ROMNEY,Mitt Romney to win the 2012 Arizona Primary,1,80.3,Feb/13/2012 19:16:37
756488,ARIZONA.ROMNEY,Mitt Romney to win the 2012 Arizona Primary,9,79.5,Feb/13/2012 19:58:17
756488,ARIZONA.ROMNEY,Mitt Romney to win the 2012 Arizona Primary,1,79.4,Feb/13/2012 19:58:31
756488,ARIZONA.ROMNEY,Mitt Romney to win the 2012 Arizona Primary,11,79.2,Feb/13/2012 20:28:10
756488,ARIZONA.ROMNEY,Mitt Romney to win the 2012 Arizona Primary,10,79.3,Feb/13/2012 20:28:10
756488,ARIZONA.ROMNEY,Mitt Romney to win the 2012 Arizona Primary,2,79.5,Feb/13/2012 20:28:10
756488,ARIZONA.ROMNEY,Mitt Romney to win the 2012 Arizona Primary,10,80.0,Feb/13/2012 20:28:10
756488,ARIZONA.ROMNEY,Mitt Romney to win the 2012 Arizona Primary,9,80.1,Feb/13/2012 20:28:10
756488,ARIZONA.ROMNEY,Mitt Romney to win the 2012 Arizona Primary,5,77.9,Feb/13/2012 22:08:26
756488,ARIZONA.ROMNEY,Mitt Romney to win the 2012 Arizona Primary,5,77.9,Feb/14/2012 00:37:52
756488,ARIZONA.ROMNEY,Mitt Romney to win the 2012 Arizona Primary,12,77.9,Feb/14/2012 00:37:52
756488,ARIZONA.ROMNEY,Mitt Romney to win the 2012 Arizona Primary,10,77.5,Feb/14/2012 00:37:52
756488,ARIZONA.ROMNEY,Mitt Romney to win the 2012 Arizona Primary,10,78.0,Feb/14/2012 00:45:05
756488,ARIZONA.ROMNEY,Mitt Romney to win the 2012 Arizona Primary,1,85.6,Feb/14/2012 00:54:30
756488,ARIZONA.ROMNEY,Mitt Romney to win the 2012 Arizona Primary,1,85.6,Feb/14/2012 00:55:52
756488,ARIZONA.ROMNEY,Mitt Romney to win the 2012 Arizona Primary,1,83.9,Feb/14/2012 02:01:12
756488,ARIZONA.ROMNEY,Mitt Romney to win the 2012 Arizona Primary,1,83.9,Feb/14/2012 02:03:28
756488,ARIZONA.ROMNEY,Mitt Romney to win the 2012 Arizona Primary,1,82.5,Feb/14/2012 02:57:25
756488,ARIZONA.ROMNEY,Mitt Romney to win the 2012 Arizona Primary,8,82.5,Feb/14/2012 03:44:02
756488,ARIZONA.ROMNEY,Mitt Romney to win the 2012 Arizona Primary,1,80.0,Feb/14/2012 03:47:28
756488,ARIZONA.ROMNEY,Mitt Romney to win the 2012 Arizona Primary,6,80.0,Feb/14/2012 03:53:01
756488,ARIZONA.ROMNEY,Mitt Romney to win the 2012 Arizona Primary,5,80.0,Feb/14/2012 05:08:20
756488,ARIZONA.ROMNEY,Mitt Romney to win the 2012 Arizona Primary,3,80.0,Feb/14/2012 09:19:18
756488,ARIZONA.ROMNEY,Mitt Romney to win the 2012 Arizona Primary,4,80.0,Feb/14/2012 14:43:26
756488,ARIZONA.ROMNEY,Mitt Romney to win the 2012 Arizona Primary,2,80.0,Feb/14/2012 15:16:29
756488,ARIZONA.ROMNEY,Mitt Romney to win the 2012 Arizona Primary,3,80.0,Feb/14/2012 15:45:57
756488,ARIZONA.ROMNEY,Mitt Romney to win the 2012 Arizona Primary,1,84.6,Feb/14/2012 16:03:22
756488,ARIZONA.ROMNEY,Mitt Romney to win the 2012 Arizona Primary,1,79.1,Feb/14/2012 17:18:45
756488,ARIZONA.ROMNEY,Mitt Romney to win the 2012 Arizona Primary,3,79.3,Feb/14/2012 17:21:20
756488,ARIZONA.ROMNEY,Mitt Romney to win the 2012 Arizona Primary,4,79.9,Feb/14/2012 17:36:13
756488,ARIZONA.ROMNEY,Mitt Romney to win the 2012 Arizona Primary,10,80.5,Feb/14/2012 19:18:39
756488,ARIZONA.ROMNEY,Mitt Romney to win the 2012 Arizona Primary,3,84.8,Feb/14/2012 20:05:50
756488,ARIZONA.ROMNEY,Mitt Romney to win the 2012 Arizona Primary,20,81.0,Feb/14/2012 20:06:15
756488,ARIZONA.ROMNEY,Mitt Romney to win the 2012 Arizona Primary,5,81.0,Feb/14/2012 20:34:39
756488,ARIZONA.ROMNEY,Mitt Romney to win the 2012 Arizona Primary,5,80.3,Feb/14/2012 20:46:33
756488,ARIZONA.ROMNEY,Mitt Romney to win the 2012 Arizona Primary,9,80.6,Feb/14/2012 20:46:33
756488,ARIZONA.ROMNEY,Mitt Romney to win the 2012 Arizona Primary,1,81.0,Feb/14/2012 20:54:45
756488,ARIZONA.ROMNEY,Mitt Romney to win the 2012 Arizona Primary,1,83.5,Feb/14/2012 23:45:11
756488,ARIZONA.ROMNEY,Mitt Romney to win the 2012 Arizona Primary,6,81.5,Feb/14/2012 23:48:31
756488,ARIZONA.ROMNEY,Mitt Romney to win the 2012 Arizona Primary,3,81.6,Feb/14/2012 23:48:31
756488,ARIZONA.ROMNEY,Mitt Romney to win the 2012 Arizona Primary,2,83.3,Feb/14/2012 23:50:20
756488,ARIZONA.ROMNEY,Mitt Romney to win the 2012 Arizona Primary,2,83.0,Feb/14/2012 23:51:11
756488,ARIZONA.ROMNEY,Mitt Romney to win the 2012 Arizona Primary,1,84.8,Feb/15/2012 00:53:10
756488,ARIZONA.ROMNEY,Mitt Romney to win the 2012 Arizona Primary,1,84.8,Feb/15/2012 00:53:10
756488,ARIZONA.ROMNEY,Mitt Romney to win the 2012 Arizona Primary,5,83.5,Feb/15/2012 01:49:22
756488,ARIZONA.ROMNEY,Mitt Romney to win the 2012 Arizona Primary,2,84.6,Feb/15/2012 02:19:25
756488,ARIZONA.ROMNEY,Mitt Romney to win the 2012 Arizona Primary,17,85.0,Feb/15/2012 02:48:38
756488,ARIZONA.ROMNEY,Mitt Romney to win the 2012 Arizona Primary,1,84.8,Feb/15/2012 02:48:38
756488,ARIZONA.ROMNEY,Mitt Romney to win the 2012 Arizona Primary,2,84.8,Feb/15/2012 02:48:38
756488,ARIZONA.ROMNEY,Mitt Romney to win the 2012 Arizona Primary,5,84.9,Feb/15/2012 02:48:38
756488,ARIZONA.ROMNEY,Mitt Romney to win the 2012 Arizona Primary,3,85.0,Feb/15/2012 02:53:29
756488,ARIZONA.ROMNEY,Mitt Romney to win the 2012 Arizona Primary,1,83.1,Feb/15/2012 03:17:53
756488,ARIZONA.ROMNEY,Mitt Romney to win the 2012 Arizona Primary,3,81.3,Feb/15/2012 03:17:53
756488,ARIZONA.ROMNEY,Mitt Romney to win the 2012 Arizona Primary,1,81.4,Feb/15/2012 03:25:01
756488,ARIZONA.ROMNEY,Mitt Romney to win the 2012 Arizona Primary,4,81.4,Feb/15/2012 03:34:06
756488,ARIZONA.ROMNEY,Mitt Romney to win the 2012 Arizona Primary,2,85.5,Feb/15/2012 04:58:16
756488,ARIZONA.ROMNEY,Mitt Romney to win the 2012 Arizona Primary,5,84.0,Feb/15/2012 06:40:18
756488,ARIZONA.ROMNEY,Mitt Romney to win the 2012 Arizona Primary,2,81.6,Feb/15/2012 15:22:08
756488,ARIZONA.ROMNEY,Mitt Romney to win the 2012 Arizona Primary,5,81.4,Feb/15/2012 15:29:35
756488,ARIZONA.ROMNEY,Mitt Romney to win the 2012 Arizona Primary,4,81.4,Feb/15/2012 15:29:35
756488,ARIZONA.ROMNEY,Mitt Romney to win the 2012 Arizona Primary,21,81.4,Feb/15/2012 15:29:35
756488,ARIZONA.ROMNEY,Mitt Romney to win the 2012 Arizona Primary,8,81.5,Feb/15/2012 15:29:35
756488,ARIZONA.ROMNEY,Mitt Romney to win the 2012 Arizona Primary,3,81.5,Feb/15/2012 15:29:35
756488,ARIZONA.ROMNEY,Mitt Romney to win the 2012 Arizona Primary,2,81.2,Feb/15/2012 15:32:17
756488,ARIZONA.ROMNEY,Mitt Romney to win the 2012 Arizona Primary,8,81.0,Feb/15/2012 15:34:07
756488,ARIZONA.ROMNEY,Mitt Romney to win the 2012 Arizona Primary,9,81.1,Feb/15/2012 15:34:07
756488,ARIZONA.ROMNEY,Mitt Romney to win the 2012 Arizona Primary,2,81.1,Feb/15/2012 15:34:07
756488,ARIZONA.ROMNEY,Mitt Romney to win the 2012 Arizona Primary,5,79.0,Feb/15/2012 17:00:34
756488,ARIZONA.ROMNEY,Mitt Romney to win the 2012 Arizona Primary,3,80.0,Feb/15/2012 18:22:05
756488,ARIZONA.ROMNEY,Mitt Romney to win the 2012 Arizona Primary,2,79.0,Feb/15/2012 18:30:07
756488,ARIZONA.ROMNEY,Mitt Romney to win the 2012 Arizona Primary,1,79.1,Feb/15/2012 18:30:07
756488,ARIZONA.ROMNEY,Mitt Romney to win the 2012 Arizona Primary,1,83.4,Feb/15/2012 18:32:54
756488,ARIZONA.ROMNEY,Mitt Romney to win the 2012 Arizona Primary,1,82.9,Feb/15/2012 18:38:26
756488,ARIZONA.ROMNEY,Mitt Romney to win the 2012 Arizona Primary,8,80.0,Feb/15/2012 19:15:49
756488,ARIZONA.ROMNEY,Mitt Romney to win the 2012 Arizona Primary,3,79.0,Feb/15/2012 19:17:00
756488,ARIZONA.ROMNEY,Mitt Romney to win the 2012 Arizona Primary,7,77.8,Feb/15/2012 19:55:00
756488,ARIZONA.ROMNEY,Mitt Romney to win the 2012 Arizona Primary,1,82.0,Feb/15/2012 22:08:46
756488,ARIZONA.ROMNEY,Mitt Romney to win the 2012 Arizona Primary,2,79.0,Feb/16/2012 00:30:10
756488,ARIZONA.ROMNEY,Mitt Romney to win the 2012 Arizona Primary,2,79.1,Feb/16/2012 00:30:10
756488,ARIZONA.ROMNEY,Mitt Romney to win the 2012 Arizona Primary,3,79.0,Feb/16/2012 00:42:31
756488,ARIZONA.ROMNEY,Mitt Romney to win the 2012 Arizona Primary,1,79.0,Feb/16/2012 00:42:31
756488,ARIZONA.ROMNEY,Mitt Romney to win the 2012 Arizona Primary,1,83.4,Feb/16/2012 00:49:38
756488,ARIZONA.ROMNEY,Mitt Romney to win the 2012 Arizona Primary,2,83.0,Feb/16/2012 01:22:42
756488,ARIZONA.ROMNEY,Mitt Romney to win the 2012 Arizona Primary,1,80.0,Feb/16/2012 12:59:06
756488,ARIZONA.ROMNEY,Mitt Romney to win the 2012 Arizona Primary,3,80.0,Feb/16/2012 13:10:37
756488,ARIZONA.ROMNEY,Mitt Romney to win the 2012 Arizona Primary,1,80.0,Feb/16/2012 15:36:35
756488,ARIZONA.ROMNEY,Mitt Romney to win the 2012 Arizona Primary,3,80.0,Feb/16/2012 16:17:02
756488,ARIZONA.ROMNEY,Mitt Romney to win the 2012 Arizona Primary,9,82.7,Feb/16/2012 16:23:41
756488,ARIZONA.ROMNEY,Mitt Romney to win the 2012 Arizona Primary,1,80.9,Feb/16/2012 16:23:41
756488,ARIZONA.ROMNEY,Mitt Romney to win the 2012 Arizona Primary,9,82.7,Feb/16/2012 16:24:43
756488,ARIZONA.ROMNEY,Mitt Romney to win the 2012 Arizona Primary,1,81.7,Feb/16/2012 16:24:43
756488,ARIZONA.ROMNEY,Mitt Romney to win the 2012 Arizona Primary,12,82.8,Feb/16/2012 16:45:04
756488,ARIZONA.ROMNEY,Mitt Romney to win the 2012 Arizona Primary,6,82.8,Feb/16/2012 16:45:04
756488,ARIZONA.ROMNEY,Mitt Romney to win the 2012 Arizona Primary,1,82.7,Feb/16/2012 16:45:04
756488,ARIZONA.ROMNEY,Mitt Romney to win the 2012 Arizona Primary,1,81.7,Feb/16/2012 16:45:04
756488,ARIZONA.ROMNEY,Mitt Romney to win the 2012 Arizona Primary,1,80.0,Feb/16/2012 17:54:59
756488,ARIZONA.ROMNEY,Mitt Romney to win the 2012 Arizona Primary,1,80.0,Feb/16/2012 17:55:04
756488,ARIZONA.ROMNEY,Mitt Romney to win the 2012 Arizona Primary,1,79.7,Feb/16/2012 17:55:20
756488,ARIZONA.ROMNEY,Mitt Romney to win the 2012 Arizona Primary,5,80.5,Feb/16/2012 18:10:00
756488,ARIZONA.ROMNEY,Mitt Romney to win the 2012 Arizona Primary,2,80.0,Feb/16/2012 18:13:51
756488,ARIZONA.ROMNEY,Mitt Romney to win the 2012 Arizona Primary,3,80.1,Feb/16/2012 18:13:51
756488,ARIZONA.ROMNEY,Mitt Romney to win the 2012 Arizona Primary,7,80.0,Feb/16/2012 18:21:32
756488,ARIZONA.ROMNEY,Mitt Romney to win the 2012 Arizona Primary,1,80.0,Feb/16/2012 18:25:31
756488,ARIZONA.ROMNEY,Mitt Romney to win the 2012 Arizona Primary,1,79.1,Feb/16/2012 18:26:41
756488,ARIZONA.ROMNEY,Mitt Romney to win the 2012 Arizona Primary,1,79.1,Feb/16/2012 18:26:47
756488,ARIZONA.ROMNEY,Mitt Romney to win the 2012 Arizona Primary,1,79.1,Feb/16/2012 18:26:53
756488,ARIZONA.ROMNEY,Mitt Romney to win the 2012 Arizona Primary,1,79.1,Feb/16/2012 18:26:58
756488,ARIZONA.ROMNEY,Mitt Romney to win the 2012 Arizona Primary,1,78.7,Feb/16/2012 18:32:40
756488,ARIZONA.ROMNEY,Mitt Romney to win the 2012 Arizona Primary,1,78.7,Feb/16/2012 18:32:46
756488,ARIZONA.ROMNEY,Mitt Romney to win the 2012 Arizona Primary,1,78.7,Feb/16/2012 18:32:53
756488,ARIZONA.ROMNEY,Mitt Romney to win the 2012 Arizona Primary,1,78.6,Feb/16/2012 18:32:59
756488,ARIZONA.ROMNEY,Mitt Romney to win the 2012 Arizona Primary,1,78.6,Feb/16/2012 18:33:06
756488,ARIZONA.ROMNEY,Mitt Romney to win the 2012 Arizona Primary,1,78.6,Feb/16/2012 18:33:12
756488,ARIZONA.ROMNEY,Mitt Romney to win the 2012 Arizona Primary,1,78.6,Feb/16/2012 18:33:42
756488,ARIZONA.ROMNEY,Mitt Romney to win the 2012 Arizona Primary,1,78.6,Feb/16/2012 18:38:08
756488,ARIZONA.ROMNEY,Mitt Romney to win the 2012 Arizona Primary,1,78.6,Feb/16/2012 18:38:55
756488,ARIZONA.ROMNEY,Mitt Romney to win the 2012 Arizona Primary,1,78.6,Feb/16/2012 18:40:33
756488,ARIZONA.ROMNEY,Mitt Romney to win the 2012 Arizona Primary,6,79.0,Feb/16/2012 18:55:18
756488,ARIZONA.ROMNEY,Mitt Romney to win the 2012 Arizona Primary,1,78.6,Feb/16/2012 19:02:31
756488,ARIZONA.ROMNEY,Mitt Romney to win the 2012 Arizona Primary,1,78.6,Feb/16/2012 19:07:41
756488,ARIZONA.ROMNEY,Mitt Romney to win the 2012 Arizona Primary,3,78.6,Feb/16/2012 19:07:41
756488,ARIZONA.ROMNEY,Mitt Romney to win the 2012 Arizona Primary,12,78.5,Feb/16/2012 19:07:48
756488,ARIZONA.ROMNEY,Mitt Romney to win the 2012 Arizona Primary,10,80.0,Feb/16/2012 20:34:47
756488,ARIZONA.ROMNEY,Mitt Romney to win the 2012 Arizona Primary,5,79.9,Feb/16/2012 20:34:47
756488,ARIZONA.ROMNEY,Mitt Romney to win the 2012 Arizona Primary,4,80.0,Feb/16/2012 20:34:56
756488,ARIZONA.ROMNEY,Mitt Romney to win the 2012 Arizona Primary,30,79.8,Feb/16/2012 20:49:01
756488,ARIZONA.ROMNEY,Mitt Romney to win the 2012 Arizona Primary,8,79.7,Feb/16/2012 20:49:01
756488,ARIZONA.ROMNEY,Mitt Romney to win the 2012 Arizona Primary,3,79.7,Feb/16/2012 20:49:01
756488,ARIZONA.ROMNEY,Mitt Romney to win the 2012 Arizona Primary,2,77.1,Feb/16/2012 20:55:04
756488,ARIZONA.ROMNEY,Mitt Romney to win the 2012 Arizona Primary,5,78.0,Feb/16/2012 21:44:29
756488,ARIZONA.ROMNEY,Mitt Romney to win the 2012 Arizona Primary,2,79.0,Feb/17/2012 01:10:38
756488,ARIZONA.ROMNEY,Mitt Romney to win the 2012 Arizona Primary,1,78.9,Feb/17/2012 01:10:38
756488,ARIZONA.ROMNEY,Mitt Romney to win the 2012 Arizona Primary,2,78.9,Feb/17/2012 01:10:38
756488,ARIZONA.ROMNEY,Mitt Romney to win the 2012 Arizona Primary,4,78.8,Feb/17/2012 01:10:38
756488,ARIZONA.ROMNEY,Mitt Romney to win the 2012 Arizona Primary,1,78.2,Feb/17/2012 01:10:38
756488,ARIZONA.ROMNEY,Mitt Romney to win the 2012 Arizona Primary,1,78.3,Feb/17/2012 01:25:11
756488,ARIZONA.ROMNEY,Mitt Romney to win the 2012 Arizona Primary,1,78.6,Feb/17/2012 03:31:44
756488,ARIZONA.ROMNEY,Mitt Romney to win the 2012 Arizona Primary,2,79.5,Feb/17/2012 03:37:45
756488,ARIZONA.ROMNEY,Mitt Romney to win the 2012 Arizona Primary,2,79.7,Feb/17/2012 04:33:00
756488,ARIZONA.ROMNEY,Mitt Romney to win the 2012 Arizona Primary,1,79.7,Feb/17/2012 04:33:29
756488,ARIZONA.ROMNEY,Mitt Romney to win the 2012 Arizona Primary,1,79.3,Feb/17/2012 04:37:43
756488,ARIZONA.ROMNEY,Mitt Romney to win the 2012 Arizona Primary,17,79.7,Feb/17/2012 04:38:15
756488,ARIZONA.ROMNEY,Mitt Romney to win the 2012 Arizona Primary,5,79.7,Feb/17/2012 05:01:16
756488,ARIZONA.ROMNEY,Mitt Romney to win the 2012 Arizona Primary,4,79.7,Feb/17/2012 05:01:29
756488,ARIZONA.ROMNEY,Mitt Romney to win the 2012 Arizona Primary,8,79.7,Feb/17/2012 05:03:13
756488,ARIZONA.ROMNEY,Mitt Romney to win the 2012 Arizona Primary,1,79.7,Feb/17/2012 05:55:47
756488,ARIZONA.ROMNEY,Mitt Romney to win the 2012 Arizona Primary,1,79.7,Feb/17/2012 05:56:39
756488,ARIZONA.ROMNEY,Mitt Romney to win the 2012 Arizona Primary,1,79.7,Feb/17/2012 05:57:38
756488,ARIZONA.ROMNEY,Mitt Romney to win the 2012 Arizona Primary,1,79.7,Feb/17/2012 05:58:43
756488,ARIZONA.ROMNEY,Mitt Romney to win the 2012 Arizona Primary,1,79.7,Feb/17/2012 06:01:46
756488,ARIZONA.ROMNEY,Mitt Romney to win the 2012 Arizona Primary,1,79.7,Feb/17/2012 06:04:39
756488,ARIZONA.ROMNEY,Mitt Romney to win the 2012 Arizona Primary,1,79.7,Feb/17/2012 06:06:58
756488,ARIZONA.ROMNEY,Mitt Romney to win the 2012 Arizona Primary,1,79.7,Feb/17/2012 06:08:30
756488,ARIZONA.ROMNEY,Mitt Romney to win the 2012 Arizona Primary,4,77.2,Feb/17/2012 13:54:08
756488,ARIZONA.ROMNEY,Mitt Romney to win the 2012 Arizona Primary,10,79.0,Feb/17/2012 15:30:48
756488,ARIZONA.ROMNEY,Mitt Romney to win the 2012 Arizona Primary,1,79.0,Feb/17/2012 15:47:01
756488,ARIZONA.ROMNEY,Mitt Romney to win the 2012 Arizona Primary,4,79.0,Feb/17/2012 15:47:01
756488,ARIZONA.ROMNEY,Mitt Romney to win the 2012 Arizona Primary,5,79.6,Feb/17/2012 15:47:14
756488,ARIZONA.ROMNEY,Mitt Romney to win the 2012 Arizona Primary,13,79.7,Feb/17/2012 15:47:46
756488,ARIZONA.ROMNEY,Mitt Romney to win the 2012 Arizona Primary,40,79.7,Feb/17/2012 16:13:49
756488,ARIZONA.ROMNEY,Mitt Romney to win the 2012 Arizona Primary,4,79.7,Feb/17/2012 16:13:49
756488,ARIZONA.ROMNEY,Mitt Romney to win the 2012 Arizona Primary,20,82.8,Feb/17/2012 16:14:08
756488,ARIZONA.ROMNEY,Mitt Romney to win the 2012 Arizona Primary,1,82.8,Feb/17/2012 16:14:08
756488,ARIZONA.ROMNEY,Mitt Romney to win the 2012 Arizona Primary,3,84.9,Feb/17/2012 17:03:03
756488,ARIZONA.ROMNEY,Mitt Romney to win the 2012 Arizona Primary,25,84.5,Feb/17/2012 17:03:03
756488,ARIZONA.ROMNEY,Mitt Romney to win the 2012 Arizona Primary,25,84.4,Feb/17/2012 17:03:03
756488,ARIZONA.ROMNEY,Mitt Romney to win the 2012 Arizona Primary,100,84.9,Feb/17/2012 17:03:03
756488,ARIZONA.ROMNEY,Mitt Romney to win the 2012 Arizona Primary,1,84.3,Feb/17/2012 17:03:03
756488,ARIZONA.ROMNEY,Mitt Romney to win the 2012 Arizona Primary,1,84.3,Feb/17/2012 17:03:03
756488,ARIZONA.ROMNEY,Mitt Romney to win the 2012 Arizona Primary,2,84.3,Feb/17/2012 17:03:03
756488,ARIZONA.ROMNEY,Mitt Romney to win the 2012 Arizona Primary,4,84.5,Feb/17/2012 17:03:03
756488,ARIZONA.ROMNEY,Mitt Romney to win the 2012 Arizona Primary,6,80.0,Feb/17/2012 17:06:30
756488,ARIZONA.ROMNEY,Mitt Romney to win the 2012 Arizona Primary,4,80.1,Feb/17/2012 17:06:30
756488,ARIZONA.ROMNEY,Mitt Romney to win the 2012 Arizona Primary,3,81.1,Feb/17/2012 17:32:26
756488,ARIZONA.ROMNEY,Mitt Romney to win the 2012 Arizona Primary,20,81.0,Feb/17/2012 17:32:48
756488,ARIZONA.ROMNEY,Mitt Romney to win the 2012 Arizona Primary,5,84.7,Feb/17/2012 19:42:01
756488,ARIZONA.ROMNEY,Mitt Romney to win the 2012 Arizona Primary,3,84.9,Feb/17/2012 19:42:15
756488,ARIZONA.ROMNEY,Mitt Romney to win the 2012 Arizona Primary,3,84.9,Feb/17/2012 19:42:15
756488,ARIZONA.ROMNEY,Mitt Romney to win the 2012 Arizona Primary,5,85.0,Feb/17/2012 19:42:29
756488,ARIZONA.ROMNEY,Mitt Romney to win the 2012 Arizona Primary,3,85.0,Feb/17/2012 19:42:29
756488,ARIZONA.ROMNEY,Mitt Romney to win the 2012 Arizona Primary,9,81.2,Feb/17/2012 20:22:26
756488,ARIZONA.ROMNEY,Mitt Romney to win the 2012 Arizona Primary,3,81.2,Feb/17/2012 20:22:26
756488,ARIZONA.ROMNEY,Mitt Romney to win the 2012 Arizona Primary,20,81.1,Feb/18/2012 04:38:43
756488,ARIZONA.ROMNEY,Mitt Romney to win the 2012 Arizona Primary,1,81.3,Feb/18/2012 04:38:43
756488,ARIZONA.ROMNEY,Mitt Romney to win the 2012 Arizona Primary,7,81.2,Feb/18/2012 04:38:43
756488,ARIZONA.ROMNEY,Mitt Romney to win the 2012 Arizona Primary,3,81.3,Feb/18/2012 04:38:43
756488,ARIZONA.ROMNEY,Mitt Romney to win the 2012 Arizona Primary,16,80.4,Feb/18/2012 04:39:20
756488,ARIZONA.ROMNEY,Mitt Romney to win the 2012 Arizona Primary,2,80.5,Feb/18/2012 04:39:20
756488,ARIZONA.ROMNEY,Mitt Romney to win the 2012 Arizona Primary,2,80.5,Feb/18/2012 04:39:20
756488,ARIZONA.ROMNEY,Mitt Romney to win the 2012 Arizona Primary,9,80.4,Feb/18/2012 04:43:04
756488,ARIZONA.ROMNEY,Mitt Romney to win the 2012 Arizona Primary,30,80.4,Feb/18/2012 04:44:20
756488,ARIZONA.ROMNEY,Mitt Romney to win the 2012 Arizona Primary,4,80.4,Feb/18/2012 04:44:52
756488,ARIZONA.ROMNEY,Mitt Romney to win the 2012 Arizona Primary,10,80.4,Feb/18/2012 04:51:30
756488,ARIZONA.ROMNEY,Mitt Romney to win the 2012 Arizona Primary,31,80.4,Feb/18/2012 04:54:25
756488,ARIZONA.ROMNEY,Mitt Romney to win the 2012 Arizona Primary,1,80.1,Feb/18/2012 04:54:41
756488,ARIZONA.ROMNEY,Mitt Romney to win the 2012 Arizona Primary,4,80.0,Feb/18/2012 04:54:49
756488,ARIZONA.ROMNEY,Mitt Romney to win the 2012 Arizona Primary,10,80.0,Feb/18/2012 04:54:49
756488,ARIZONA.ROMNEY,Mitt Romney to win the 2012 Arizona Primary,10,81.4,Feb/18/2012 05:25:25
756488,ARIZONA.ROMNEY,Mitt Romney to win the 2012 Arizona Primary,50,81.5,Feb/18/2012 05:30:58
756488,ARIZONA.ROMNEY,Mitt Romney to win the 2012 Arizona Primary,3,78.0,Feb/18/2012 05:36:29
756488,ARIZONA.ROMNEY,Mitt Romney to win the 2012 Arizona Primary,1,78.2,Feb/18/2012 06:47:59
756488,ARIZONA.ROMNEY,Mitt Romney to win the 2012 Arizona Primary,1,78.2,Feb/18/2012 06:48:12
756488,ARIZONA.ROMNEY,Mitt Romney to win the 2012 Arizona Primary,1,78.0,Feb/18/2012 07:22:20
756488,ARIZONA.ROMNEY,Mitt Romney to win the 2012 Arizona Primary,10,78.1,Feb/18/2012 07:22:20
756488,ARIZONA.ROMNEY,Mitt Romney to win the 2012 Arizona Primary,3,78.2,Feb/18/2012 07:22:20
756488,ARIZONA.ROMNEY,Mitt Romney to win the 2012 Arizona Primary,7,81.8,Feb/18/2012 10:18:49
756488,ARIZONA.ROMNEY,Mitt Romney to win the 2012 Arizona Primary,3,81.9,Feb/18/2012 10:21:10
756488,ARIZONA.ROMNEY,Mitt Romney to win the 2012 Arizona Primary,4,77.6,Feb/18/2012 12:00:30
756488,ARIZONA.ROMNEY,Mitt Romney to win the 2012 Arizona Primary,2,77.6,Feb/18/2012 12:00:30
756488,ARIZONA.ROMNEY,Mitt Romney to win the 2012 Arizona Primary,3,77.6,Feb/18/2012 12:11:16
756488,ARIZONA.ROMNEY,Mitt Romney to win the 2012 Arizona Primary,1,77.6,Feb/18/2012 12:11:16
756488,ARIZONA.ROMNEY,Mitt Romney to win the 2012 Arizona Primary,1,81.8,Feb/18/2012 12:36:14
756488,ARIZONA.ROMNEY,Mitt Romney to win the 2012 Arizona Primary,10,77.5,Feb/18/2012 12:59:34
756488,ARIZONA.ROMNEY,Mitt Romney to win the 2012 Arizona Primary,100,77.5,Feb/18/2012 12:59:34
756488,ARIZONA.ROMNEY,Mitt Romney to win the 2012 Arizona Primary,10,77.6,Feb/18/2012 12:59:34
756488,ARIZONA.ROMNEY,Mitt Romney to win the 2012 Arizona Primary,1,77.6,Feb/18/2012 12:59:34
756488,ARIZONA.ROMNEY,Mitt Romney to win the 2012 Arizona Primary,1,77.6,Feb/18/2012 12:59:34
756488,ARIZONA.ROMNEY,Mitt Romney to win the 2012 Arizona Primary,20,77.5,Feb/18/2012 14:18:31
756488,ARIZONA.ROMNEY,Mitt Romney to win the 2012 Arizona Primary,2,77.5,Feb/18/2012 14:18:31
756488,ARIZONA.ROMNEY,Mitt Romney to win the 2012 Arizona Primary,5,79.9,Feb/18/2012 15:55:40
756488,ARIZONA.ROMNEY,Mitt Romney to win the 2012 Arizona Primary,7,79.9,Feb/18/2012 15:55:40
756488,ARIZONA.ROMNEY,Mitt Romney to win the 2012 Arizona Primary,3,78.6,Feb/18/2012 16:04:15
756488,ARIZONA.ROMNEY,Mitt Romney to win the 2012 Arizona Primary,2,78.6,Feb/18/2012 16:04:15
756488,ARIZONA.ROMNEY,Mitt Romney to win the 2012 Arizona Primary,8,79.5,Feb/18/2012 16:11:22
756488,ARIZONA.ROMNEY,Mitt Romney to win the 2012 Arizona Primary,2,79.4,Feb/18/2012 16:11:22
756488,ARIZONA.ROMNEY,Mitt Romney to win the 2012 Arizona Primary,7,79.4,Feb/18/2012 16:11:22
756488,ARIZONA.ROMNEY,Mitt Romney to win the 2012 Arizona Primary,3,78.6,Feb/18/2012 16:37:41
756488,ARIZONA.ROMNEY,Mitt Romney to win the 2012 Arizona Primary,2,78.6,Feb/18/2012 16:37:41
756488,ARIZONA.ROMNEY,Mitt Romney to win the 2012 Arizona Primary,2,78.6,Feb/18/2012 17:00:14
756488,ARIZONA.ROMNEY,Mitt Romney to win the 2012 Arizona Primary,2,78.6,Feb/18/2012 17:00:14
756488,ARIZONA.ROMNEY,Mitt Romney to win the 2012 Arizona Primary,2,78.6,Feb/18/2012 17:06:10
756488,ARIZONA.ROMNEY,Mitt Romney to win the 2012 Arizona Primary,2,78.5,Feb/18/2012 17:39:30
756488,ARIZONA.ROMNEY,Mitt Romney to win the 2012 Arizona Primary,2,79.9,Feb/18/2012 17:54:26
756488,ARIZONA.ROMNEY,Mitt Romney to win the 2012 Arizona Primary,5,79.9,Feb/18/2012 17:54:26
756488,ARIZONA.ROMNEY,Mitt Romney to win the 2012 Arizona Primary,1,80.0,Feb/18/2012 18:33:30
756488,ARIZONA.ROMNEY,Mitt Romney to win the 2012 Arizona Primary,2,80.9,Feb/18/2012 19:46:25
756488,ARIZONA.ROMNEY,Mitt Romney to win the 2012 Arizona Primary,1,79.7,Feb/19/2012 05:38:41
756488,ARIZONA.ROMNEY,Mitt Romney to win the 2012 Arizona Primary,5,78.1,Feb/19/2012 06:50:44
756488,ARIZONA.ROMNEY,Mitt Romney to win the 2012 Arizona Primary,6,78.0,Feb/19/2012 06:52:34
756488,ARIZONA.ROMNEY,Mitt Romney to win the 2012 Arizona Primary,1,77.7,Feb/19/2012 06:53:03
756488,ARIZONA.ROMNEY,Mitt Romney to win the 2012 Arizona Primary,3,77.6,Feb/19/2012 06:53:31
756488,ARIZONA.ROMNEY,Mitt Romney to win the 2012 Arizona Primary,6,79.7,Feb/19/2012 08:28:04
756488,ARIZONA.ROMNEY,Mitt Romney to win the 2012 Arizona Primary,15,79.8,Feb/19/2012 08:29:04
756488,ARIZONA.ROMNEY,Mitt Romney to win the 2012 Arizona Primary,10,80.0,Feb/19/2012 15:49:14
756488,ARIZONA.ROMNEY,Mitt Romney to win the 2012 Arizona Primary,6,79.9,Feb/19/2012 15:49:14
756488,ARIZONA.ROMNEY,Mitt Romney to win the 2012 Arizona Primary,1,79.8,Feb/19/2012 15:49:14
756488,ARIZONA.ROMNEY,Mitt Romney to win the 2012 Arizona Primary,2,80.5,Feb/19/2012 16:43:29
756488,ARIZONA.ROMNEY,Mitt Romney to win the 2012 Arizona Primary,5,80.3,Feb/19/2012 17:40:49
756488,ARIZONA.ROMNEY,Mitt Romney to win the 2012 Arizona Primary,1,78.2,Feb/19/2012 17:55:38
756488,ARIZONA.ROMNEY,Mitt Romney to win the 2012 Arizona Primary,4,78.2,Feb/19/2012 18:40:00
756488,ARIZONA.ROMNEY,Mitt Romney to win the 2012 Arizona Primary,1,78.2,Feb/19/2012 18:40:00
756488,ARIZONA.ROMNEY,Mitt Romney to win the 2012 Arizona Primary,5,78.1,Feb/19/2012 18:40:46
756488,ARIZONA.ROMNEY,Mitt Romney to win the 2012 Arizona Primary,3,78.1,Feb/19/2012 18:42:48
756488,ARIZONA.ROMNEY,Mitt Romney to win the 2012 Arizona Primary,3,78.3,Feb/19/2012 19:21:51
756488,ARIZONA.ROMNEY,Mitt Romney to win the 2012 Arizona Primary,2,78.4,Feb/19/2012 19:21:51
756488,ARIZONA.ROMNEY,Mitt Romney to win the 2012 Arizona Primary,32,77.5,Feb/19/2012 19:21:52
756488,ARIZONA.ROMNEY,Mitt Romney to win the 2012 Arizona Primary,7,77.6,Feb/19/2012 19:21:52
756488,ARIZONA.ROMNEY,Mitt Romney to win the 2012 Arizona Primary,3,77.6,Feb/19/2012 19:21:52
756488,ARIZONA.ROMNEY,Mitt Romney to win the 2012 Arizona Primary,12,78.3,Feb/19/2012 19:21:52
756488,ARIZONA.ROMNEY,Mitt Romney to win the 2012 Arizona Primary,2,77.6,Feb/19/2012 19:21:52
756488,ARIZONA.ROMNEY,Mitt Romney to win the 2012 Arizona Primary,1,76.5,Feb/19/2012 19:21:53
756488,ARIZONA.ROMNEY,Mitt Romney to win the 2012 Arizona Primary,4,76.5,Feb/19/2012 19:21:53
756488,ARIZONA.ROMNEY,Mitt Romney to win the 2012 Arizona Primary,5,77.5,Feb/19/2012 19:24:06
756488,ARIZONA.ROMNEY,Mitt Romney to win the 2012 Arizona Primary,5,77.6,Feb/19/2012 20:45:12
756488,ARIZONA.ROMNEY,Mitt Romney to win the 2012 Arizona Primary,5,77.6,Feb/19/2012 20:46:37
756488,ARIZONA.ROMNEY,Mitt Romney to win the 2012 Arizona Primary,10,77.6,Feb/19/2012 21:09:27
756488,ARIZONA.ROMNEY,Mitt Romney to win the 2012 Arizona Primary,5,79.8,Feb/20/2012 02:03:22
756488,ARIZONA.ROMNEY,Mitt Romney to win the 2012 Arizona Primary,5,79.8,Feb/20/2012 02:03:46
756488,ARIZONA.ROMNEY,Mitt Romney to win the 2012 Arizona Primary,5,79.8,Feb/20/2012 02:04:33
756488,ARIZONA.ROMNEY,Mitt Romney to win the 2012 Arizona Primary,5,79.8,Feb/20/2012 02:05:01
756488,ARIZONA.ROMNEY,Mitt Romney to win the 2012 Arizona Primary,5,79.8,Feb/20/2012 02:05:48
756488,ARIZONA.ROMNEY,Mitt Romney to win the 2012 Arizona Primary,9,77.1,Feb/20/2012 03:25:06
756488,ARIZONA.ROMNEY,Mitt Romney to win the 2012 Arizona Primary,9,77.1,Feb/20/2012 03:38:18
756488,ARIZONA.ROMNEY,Mitt Romney to win the 2012 Arizona Primary,4,77.1,Feb/20/2012 03:38:18
756488,ARIZONA.ROMNEY,Mitt Romney to win the 2012 Arizona Primary,4,77.1,Feb/20/2012 03:38:18
756488,ARIZONA.ROMNEY,Mitt Romney to win the 2012 Arizona Primary,5,76.8,Feb/20/2012 03:38:36
756488,ARIZONA.ROMNEY,Mitt Romney to win the 2012 Arizona Primary,10,75.5,Feb/20/2012 03:38:47
756488,ARIZONA.ROMNEY,Mitt Romney to win the 2012 Arizona Primary,10,75.6,Feb/20/2012 03:38:47
756488,ARIZONA.ROMNEY,Mitt Romney to win the 2012 Arizona Primary,2,76.0,Feb/20/2012 03:38:47
756488,ARIZONA.ROMNEY,Mitt Romney to win the 2012 Arizona Primary,3,71.0,Feb/20/2012 03:39:20
756488,ARIZONA.ROMNEY,Mitt Romney to win the 2012 Arizona Primary,10,70.1,Feb/20/2012 03:39:55
756488,ARIZONA.ROMNEY,Mitt Romney to win the 2012 Arizona Primary,10,70.5,Feb/20/2012 03:40:10
756488,ARIZONA.ROMNEY,Mitt Romney to win the 2012 Arizona Primary,1,70.0,Feb/20/2012 03:41:33
756488,ARIZONA.ROMNEY,Mitt Romney to win the 2012 Arizona Primary,1,70.0,Feb/20/2012 03:41:33
756488,ARIZONA.ROMNEY,Mitt Romney to win the 2012 Arizona Primary,5,71.7,Feb/20/2012 04:03:57
756488,ARIZONA.ROMNEY,Mitt Romney to win the 2012 Arizona Primary,1,70.1,Feb/20/2012 04:07:35
756488,ARIZONA.ROMNEY,Mitt Romney to win the 2012 Arizona Primary,5,71.7,Feb/20/2012 04:07:35
756488,ARIZONA.ROMNEY,Mitt Romney to win the 2012 Arizona Primary,5,70.6,Feb/20/2012 04:17:42
756488,ARIZONA.ROMNEY,Mitt Romney to win the 2012 Arizona Primary,5,70.3,Feb/20/2012 04:23:12
756488,ARIZONA.ROMNEY,Mitt Romney to win the 2012 Arizona Primary,1,70.3,Feb/20/2012 04:27:14
756488,ARIZONA.ROMNEY,Mitt Romney to win the 2012 Arizona Primary,1,70.3,Feb/20/2012 04:29:54
756488,ARIZONA.ROMNEY,Mitt Romney to win the 2012 Arizona Primary,1,70.4,Feb/20/2012 04:30:26
756488,ARIZONA.ROMNEY,Mitt Romney to win the 2012 Arizona Primary,1,71.1,Feb/20/2012 04:33:42
756488,ARIZONA.ROMNEY,Mitt Romney to win the 2012 Arizona Primary,2,71.1,Feb/20/2012 04:34:12
756488,ARIZONA.ROMNEY,Mitt Romney to win the 2012 Arizona Primary,4,67.0,Feb/20/2012 04:46:32
756488,ARIZONA.ROMNEY,Mitt Romney to win the 2012 Arizona Primary,1,68.1,Feb/20/2012 04:46:32
756488,ARIZONA.ROMNEY,Mitt Romney to win the 2012 Arizona Primary,29,65.5,Feb/20/2012 04:47:35
756488,ARIZONA.ROMNEY,Mitt Romney to win the 2012 Arizona Primary,21,66.0,Feb/20/2012 04:47:35
756488,ARIZONA.ROMNEY,Mitt Romney to win the 2012 Arizona Primary,5,70.2,Feb/20/2012 05:01:19
756488,ARIZONA.ROMNEY,Mitt Romney to win the 2012 Arizona Primary,5,70.2,Feb/20/2012 05:01:22
756488,ARIZONA.ROMNEY,Mitt Romney to win the 2012 Arizona Primary,1,70.3,Feb/20/2012 05:01:32
756488,ARIZONA.ROMNEY,Mitt Romney to win the 2012 Arizona Primary,4,70.3,Feb/20/2012 05:01:35
756488,ARIZONA.ROMNEY,Mitt Romney to win the 2012 Arizona Primary,5,70.3,Feb/20/2012 13:45:03
756488,ARIZONA.ROMNEY,Mitt Romney to win the 2012 Arizona Primary,5,70.3,Feb/20/2012 14:41:00
756488,ARIZONA.ROMNEY,Mitt Romney to win the 2012 Arizona Primary,2,70.3,Feb/20/2012 14:41:02
756488,ARIZONA.ROMNEY,Mitt Romney to win the 2012 Arizona Primary,5,68.0,Feb/20/2012 16:27:45
756488,ARIZONA.ROMNEY,Mitt Romney to win the 2012 Arizona Primary,5,68.0,Feb/20/2012 16:27:47
756488,ARIZONA.ROMNEY,Mitt Romney to win the 2012 Arizona Primary,5,68.0,Feb/20/2012 16:27:58
756488,ARIZONA.ROMNEY,Mitt Romney to win the 2012 Arizona Primary,5,68.0,Feb/20/2012 16:31:37
756488,ARIZONA.ROMNEY,Mitt Romney to win the 2012 Arizona Primary,4,68.0,Feb/20/2012 16:31:47
756488,ARIZONA.ROMNEY,Mitt Romney to win the 2012 Arizona Primary,5,68.0,Feb/20/2012 16:33:17
756488,ARIZONA.ROMNEY,Mitt Romney to win the 2012 Arizona Primary,1,68.8,Feb/20/2012 16:34:08
756488,ARIZONA.ROMNEY,Mitt Romney to win the 2012 Arizona Primary,5,69.8,Feb/20/2012 16:34:39
756488,ARIZONA.ROMNEY,Mitt Romney to win the 2012 Arizona Primary,5,69.8,Feb/20/2012 16:35:11
756488,ARIZONA.ROMNEY,Mitt Romney to win the 2012 Arizona Primary,5,69.8,Feb/20/2012 16:35:40
756488,ARIZONA.ROMNEY,Mitt Romney to win the 2012 Arizona Primary,5,69.8,Feb/20/2012 16:39:21
756488,ARIZONA.ROMNEY,Mitt Romney to win the 2012 Arizona Primary,1,69.9,Feb/20/2012 16:49:29
756488,ARIZONA.ROMNEY,Mitt Romney to win the 2012 Arizona Primary,5,70.1,Feb/20/2012 16:49:50
756488,ARIZONA.ROMNEY,Mitt Romney to win the 2012 Arizona Primary,5,68.2,Feb/20/2012 16:52:10
756488,ARIZONA.ROMNEY,Mitt Romney to win the 2012 Arizona Primary,1,68.0,Feb/20/2012 16:52:30
756488,ARIZONA.ROMNEY,Mitt Romney to win the 2012 Arizona Primary,2,68.1,Feb/20/2012 16:52:30
756488,ARIZONA.ROMNEY,Mitt Romney to win the 2012 Arizona Primary,2,68.1,Feb/20/2012 16:52:30
756488,ARIZONA.ROMNEY,Mitt Romney to win the 2012 Arizona Primary,5,68.0,Feb/20/2012 16:53:01
756488,ARIZONA.ROMNEY,Mitt Romney to win the 2012 Arizona Primary,2,68.0,Feb/20/2012 17:15:12
756488,ARIZONA.ROMNEY,Mitt Romney to win the 2012 Arizona Primary,3,69.0,Feb/20/2012 17:15:12
756488,ARIZONA.ROMNEY,Mitt Romney to win the 2012 Arizona Primary,2,68.2,Feb/20/2012 19:01:27
756488,ARIZONA.ROMNEY,Mitt Romney to win the 2012 Arizona Primary,4,68.0,Feb/20/2012 19:03:34
756488,ARIZONA.ROMNEY,Mitt Romney to win the 2012 Arizona Primary,5,69.9,Feb/20/2012 19:26:30
756488,ARIZONA.ROMNEY,Mitt Romney to win the 2012 Arizona Primary,4,69.9,Feb/20/2012 19:26:30
756488,ARIZONA.ROMNEY,Mitt Romney to win the 2012 Arizona Primary,3,70.0,Feb/20/2012 19:54:29
756488,ARIZONA.ROMNEY,Mitt Romney to win the 2012 Arizona Primary,15,70.5,Feb/20/2012 20:10:21
756488,ARIZONA.ROMNEY,Mitt Romney to win the 2012 Arizona Primary,20,70.2,Feb/20/2012 20:10:21
756488,ARIZONA.ROMNEY,Mitt Romney to win the 2012 Arizona Primary,2,70.0,Feb/20/2012 20:10:21
756488,ARIZONA.ROMNEY,Mitt Romney to win the 2012 Arizona Primary,9,70.2,Feb/20/2012 20:10:21
756488,ARIZONA.ROMNEY,Mitt Romney to win the 2012 Arizona Primary,6,70.2,Feb/20/2012 20:10:21
756488,ARIZONA.ROMNEY,Mitt Romney to win the 2012 Arizona Primary,2,70.0,Feb/20/2012 21:37:16
756488,ARIZONA.ROMNEY,Mitt Romney to win the 2012 Arizona Primary,3,70.5,Feb/20/2012 21:37:16
756488,ARIZONA.ROMNEY,Mitt Romney to win the 2012 Arizona Primary,1,70.5,Feb/20/2012 22:23:00
756488,ARIZONA.ROMNEY,Mitt Romney to win the 2012 Arizona Primary,1,70.5,Feb/20/2012 22:23:37
756488,ARIZONA.ROMNEY,Mitt Romney to win the 2012 Arizona Primary,1,71.2,Feb/20/2012 23:24:19
756488,ARIZONA.ROMNEY,Mitt Romney to win the 2012 Arizona Primary,1,73.3,Feb/20/2012 23:24:35
756488,ARIZONA.ROMNEY,Mitt Romney to win the 2012 Arizona Primary,1,75.3,Feb/20/2012 23:25:39
756488,ARIZONA.ROMNEY,Mitt Romney to win the 2012 Arizona Primary,1,74.9,Feb/21/2012 01:18:25
756488,ARIZONA.ROMNEY,Mitt Romney to win the 2012 Arizona Primary,1,74.0,Feb/21/2012 12:04:26
756488,ARIZONA.ROMNEY,Mitt Romney to win the 2012 Arizona Primary,131,76.4,Feb/21/2012 13:55:49
756488,ARIZONA.ROMNEY,Mitt Romney to win the 2012 Arizona Primary,5,75.9,Feb/21/2012 13:55:49
756488,ARIZONA.ROMNEY,Mitt Romney to win the 2012 Arizona Primary,6,74.0,Feb/21/2012 13:55:49
756488,ARIZONA.ROMNEY,Mitt Romney to win the 2012 Arizona Primary,3,74.8,Feb/21/2012 13:55:49
756488,ARIZONA.ROMNEY,Mitt Romney to win the 2012 Arizona Primary,5,74.8,Feb/21/2012 13:55:49
756488,ARIZONA.ROMNEY,Mitt Romney to win the 2012 Arizona Primary,35,76.4,Feb/21/2012 13:57:59
756488,ARIZONA.ROMNEY,Mitt Romney to win the 2012 Arizona Primary,5,76.3,Feb/21/2012 13:57:59
756488,ARIZONA.ROMNEY,Mitt Romney to win the 2012 Arizona Primary,20,76.4,Feb/21/2012 14:09:31
756488,ARIZONA.ROMNEY,Mitt Romney to win the 2012 Arizona Primary,7,76.0,Feb/21/2012 14:09:31
756488,ARIZONA.ROMNEY,Mitt Romney to win the 2012 Arizona Primary,72,76.5,Feb/21/2012 14:28:38
756488,ARIZONA.ROMNEY,Mitt Romney to win the 2012 Arizona Primary,23,76.5,Feb/21/2012 14:33:40
756488,ARIZONA.ROMNEY,Mitt Romney to win the 2012 Arizona Primary,25,76.5,Feb/21/2012 14:34:11
756488,ARIZONA.ROMNEY,Mitt Romney to win the 2012 Arizona Primary,25,76.5,Feb/21/2012 14:37:23
756488,ARIZONA.ROMNEY,Mitt Romney to win the 2012 Arizona Primary,30,76.5,Feb/21/2012 14:45:50
756488,ARIZONA.ROMNEY,Mitt Romney to win the 2012 Arizona Primary,25,76.5,Feb/21/2012 14:48:18
756488,ARIZONA.ROMNEY,Mitt Romney to win the 2012 Arizona Primary,5,76.5,Feb/21/2012 14:48:18
756488,ARIZONA.ROMNEY,Mitt Romney to win the 2012 Arizona Primary,3,76.5,Feb/21/2012 14:48:18
756488,ARIZONA.ROMNEY,Mitt Romney to win the 2012 Arizona Primary,5,79.5,Feb/21/2012 15:11:55
756488,ARIZONA.ROMNEY,Mitt Romney to win the 2012 Arizona Primary,1,79.4,Feb/21/2012 15:35:27
756488,ARIZONA.ROMNEY,Mitt Romney to win the 2012 Arizona Primary,2,79.4,Feb/21/2012 15:50:25
756488,ARIZONA.ROMNEY,Mitt Romney to win the 2012 Arizona Primary,5,79.5,Feb/21/2012 15:50:33
756488,ARIZONA.ROMNEY,Mitt Romney to win the 2012 Arizona Primary,1,85.8,Feb/21/2012 16:17:01
756488,ARIZONA.ROMNEY,Mitt Romney to win the 2012 Arizona Primary,1,83.9,Feb/21/2012 16:46:28
756488,ARIZONA.ROMNEY,Mitt Romney to win the 2012 Arizona Primary,5,80.8,Feb/21/2012 16:48:57
756488,ARIZONA.ROMNEY,Mitt Romney to win the 2012 Arizona Primary,5,80.8,Feb/21/2012 16:50:19
756488,ARIZONA.ROMNEY,Mitt Romney to win the 2012 Arizona Primary,5,80.8,Feb/21/2012 16:51:29
756488,ARIZONA.ROMNEY,Mitt Romney to win the 2012 Arizona Primary,5,80.8,Feb/21/2012 16:52:51
756488,ARIZONA.ROMNEY,Mitt Romney to win the 2012 Arizona Primary,5,80.8,Feb/21/2012 16:53:02
756488,ARIZONA.ROMNEY,Mitt Romney to win the 2012 Arizona Primary,5,80.8,Feb/21/2012 16:53:10
756488,ARIZONA.ROMNEY,Mitt Romney to win the 2012 Arizona Primary,5,80.8,Feb/21/2012 16:53:19
756488,ARIZONA.ROMNEY,Mitt Romney to win the 2012 Arizona Primary,5,80.8,Feb/21/2012 16:53:29
756488,ARIZONA.ROMNEY,Mitt Romney to win the 2012 Arizona Primary,5,80.8,Feb/21/2012 16:53:43
756488,ARIZONA.ROMNEY,Mitt Romney to win the 2012 Arizona Primary,5,80.8,Feb/21/2012 16:53:58
756488,ARIZONA.ROMNEY,Mitt Romney to win the 2012 Arizona Primary,10,79.0,Feb/21/2012 16:54:26
756488,ARIZONA.ROMNEY,Mitt Romney to win the 2012 Arizona Primary,4,79.0,Feb/21/2012 16:54:49
756488,ARIZONA.ROMNEY,Mitt Romney to win the 2012 Arizona Primary,1,83.5,Feb/21/2012 17:08:03
756488,ARIZONA.ROMNEY,Mitt Romney to win the 2012 Arizona Primary,3,83.1,Feb/21/2012 17:48:20
756488,ARIZONA.ROMNEY,Mitt Romney to win the 2012 Arizona Primary,10,83.2,Feb/21/2012 18:16:38
756488,ARIZONA.ROMNEY,Mitt Romney to win the 2012 Arizona Primary,5,83.2,Feb/21/2012 18:21:34
756488,ARIZONA.ROMNEY,Mitt Romney to win the 2012 Arizona Primary,15,83.2,Feb/21/2012 18:24:08
756488,ARIZONA.ROMNEY,Mitt Romney to win the 2012 Arizona Primary,2,85.5,Feb/21/2012 19:29:12
756488,ARIZONA.ROMNEY,Mitt Romney to win the 2012 Arizona Primary,2,81.0,Feb/21/2012 21:19:38
756488,ARIZONA.ROMNEY,Mitt Romney to win the 2012 Arizona Primary,5,80.2,Feb/21/2012 21:19:58
756488,ARIZONA.ROMNEY,Mitt Romney to win the 2012 Arizona Primary,2,80.1,Feb/21/2012 21:20:20
756488,ARIZONA.ROMNEY,Mitt Romney to win the 2012 Arizona Primary,5,82.5,Feb/21/2012 21:20:23
756488,ARIZONA.ROMNEY,Mitt Romney to win the 2012 Arizona Primary,5,82.4,Feb/21/2012 21:20:23
756488,ARIZONA.ROMNEY,Mitt Romney to win the 2012 Arizona Primary,3,80.1,Feb/21/2012 21:27:51
756488,ARIZONA.ROMNEY,Mitt Romney to win the 2012 Arizona Primary,1,80.0,Feb/21/2012 21:28:14
756488,ARIZONA.ROMNEY,Mitt Romney to win the 2012 Arizona Primary,9,76.0,Feb/21/2012 21:29:46
756488,ARIZONA.ROMNEY,Mitt Romney to win the 2012 Arizona Primary,13,75.6,Feb/21/2012 21:30:05
756488,ARIZONA.ROMNEY,Mitt Romney to win the 2012 Arizona Primary,5,79.1,Feb/21/2012 22:52:39
756488,ARIZONA.ROMNEY,Mitt Romney to win the 2012 Arizona Primary,5,82.0,Feb/21/2012 23:04:02
756488,ARIZONA.ROMNEY,Mitt Romney to win the 2012 Arizona Primary,4,79.9,Feb/21/2012 23:55:44
756488,ARIZONA.ROMNEY,Mitt Romney to win the 2012 Arizona Primary,5,79.8,Feb/21/2012 23:55:44
756488,ARIZONA.ROMNEY,Mitt Romney to win the 2012 Arizona Primary,1,80.0,Feb/21/2012 23:55:46
756488,ARIZONA.ROMNEY,Mitt Romney to win the 2012 Arizona Primary,3,80.5,Feb/22/2012 00:33:56
756488,ARIZONA.ROMNEY,Mitt Romney to win the 2012 Arizona Primary,8,81.5,Feb/22/2012 03:27:17
756488,ARIZONA.ROMNEY,Mitt Romney to win the 2012 Arizona Primary,8,81.4,Feb/22/2012 03:27:17
756488,ARIZONA.ROMNEY,Mitt Romney to win the 2012 Arizona Primary,4,81.3,Feb/22/2012 03:27:17
756488,ARIZONA.ROMNEY,Mitt Romney to win the 2012 Arizona Primary,1,80.8,Feb/22/2012 05:55:45
756488,ARIZONA.ROMNEY,Mitt Romney to win the 2012 Arizona Primary,10,81.5,Feb/22/2012 06:06:17
756488,ARIZONA.ROMNEY,Mitt Romney to win the 2012 Arizona Primary,3,81.5,Feb/22/2012 06:10:24
756488,ARIZONA.ROMNEY,Mitt Romney to win the 2012 Arizona Primary,1,82.3,Feb/22/2012 09:05:14
756488,ARIZONA.ROMNEY,Mitt Romney to win the 2012 Arizona Primary,3,83.9,Feb/22/2012 11:06:42
756488,ARIZONA.ROMNEY,Mitt Romney to win the 2012 Arizona Primary,2,84.9,Feb/22/2012 11:06:42
756488,ARIZONA.ROMNEY,Mitt Romney to win the 2012 Arizona Primary,35,85.7,Feb/22/2012 11:06:53
756488,ARIZONA.ROMNEY,Mitt Romney to win the 2012 Arizona Primary,7,85.8,Feb/22/2012 11:06:53
756488,ARIZONA.ROMNEY,Mitt Romney to win the 2012 Arizona Primary,5,85.6,Feb/22/2012 11:06:53
756488,ARIZONA.ROMNEY,Mitt Romney to win the 2012 Arizona Primary,3,84.9,Feb/22/2012 11:06:53
756488,ARIZONA.ROMNEY,Mitt Romney to win the 2012 Arizona Primary,77,85.8,Feb/22/2012 11:07:00
756488,ARIZONA.ROMNEY,Mitt Romney to win the 2012 Arizona Primary,5,87.5,Feb/22/2012 15:52:12
756488,ARIZONA.ROMNEY,Mitt Romney to win the 2012 Arizona Primary,5,89.0,Feb/22/2012 16:23:24
756488,ARIZONA.ROMNEY,Mitt Romney to win the 2012 Arizona Primary,1,89.9,Feb/22/2012 17:20:35
756488,ARIZONA.ROMNEY,Mitt Romney to win the 2012 Arizona Primary,1,88.2,Feb/22/2012 17:22:31
756488,ARIZONA.ROMNEY,Mitt Romney to win the 2012 Arizona Primary,5,88.4,Feb/22/2012 19:03:59
756488,ARIZONA.ROMNEY,Mitt Romney to win the 2012 Arizona Primary,5,88.4,Feb/22/2012 19:04:25
756488,ARIZONA.ROMNEY,Mitt Romney to win the 2012 Arizona Primary,5,88.4,Feb/22/2012 19:04:56
756488,ARIZONA.ROMNEY,Mitt Romney to win the 2012 Arizona Primary,1,88.5,Feb/22/2012 19:24:03
756488,ARIZONA.ROMNEY,Mitt Romney to win the 2012 Arizona Primary,5,90.0,Feb/22/2012 19:28:21
756488,ARIZONA.ROMNEY,Mitt Romney to win the 2012 Arizona Primary,10,90.0,Feb/22/2012 19:58:42
756488,ARIZONA.ROMNEY,Mitt Romney to win the 2012 Arizona Primary,10,90.0,Feb/22/2012 21:04:09
756488,ARIZONA.ROMNEY,Mitt Romney to win the 2012 Arizona Primary,5,92.7,Feb/22/2012 21:16:45
756488,ARIZONA.ROMNEY,Mitt Romney to win the 2012 Arizona Primary,2,90.0,Feb/22/2012 22:21:15
756488,ARIZONA.ROMNEY,Mitt Romney to win the 2012 Arizona Primary,9,90.4,Feb/22/2012 23:21:25
756488,ARIZONA.ROMNEY,Mitt Romney to win the 2012 Arizona Primary,10,90.0,Feb/23/2012 00:56:06
756488,ARIZONA.ROMNEY,Mitt Romney to win the 2012 Arizona Primary,5,90.2,Feb/23/2012 01:12:07
756488,ARIZONA.ROMNEY,Mitt Romney to win the 2012 Arizona Primary,9,88.1,Feb/23/2012 01:30:47
756488,ARIZONA.ROMNEY,Mitt Romney to win the 2012 Arizona Primary,10,89.0,Feb/23/2012 01:30:47
756488,ARIZONA.ROMNEY,Mitt Romney to win the 2012 Arizona Primary,11,88.1,Feb/23/2012 01:30:47
756488,ARIZONA.ROMNEY,Mitt Romney to win the 2012 Arizona Primary,9,90.4,Feb/23/2012 01:48:26
756488,ARIZONA.ROMNEY,Mitt Romney to win the 2012 Arizona Primary,8,90.4,Feb/23/2012 01:48:26
756488,ARIZONA.ROMNEY,Mitt Romney to win the 2012 Arizona Primary,5,90.5,Feb/23/2012 02:01:29
756488,ARIZONA.ROMNEY,Mitt Romney to win the 2012 Arizona Primary,5,90.0,Feb/23/2012 02:27:57
756488,ARIZONA.ROMNEY,Mitt Romney to win the 2012 Arizona Primary,3,93.7,Feb/23/2012 03:27:32
756488,ARIZONA.ROMNEY,Mitt Romney to win the 2012 Arizona Primary,1,92.8,Feb/23/2012 03:27:32
756488,ARIZONA.ROMNEY,Mitt Romney to win the 2012 Arizona Primary,1,93.0,Feb/23/2012 03:27:32
756488,ARIZONA.ROMNEY,Mitt Romney to win the 2012 Arizona Primary,5,93.7,Feb/23/2012 03:28:32
756488,ARIZONA.ROMNEY,Mitt Romney to win the 2012 Arizona Primary,3,94.9,Feb/23/2012 03:48:52
756488,ARIZONA.ROMNEY,Mitt Romney to win the 2012 Arizona Primary,5,94.9,Feb/23/2012 03:48:52
756488,ARIZONA.ROMNEY,Mitt Romney to win the 2012 Arizona Primary,6,93.7,Feb/23/2012 04:09:19
756488,ARIZONA.ROMNEY,Mitt Romney to win the 2012 Arizona Primary,13,93.8,Feb/23/2012 04:13:05
756488,ARIZONA.ROMNEY,Mitt Romney to win the 2012 Arizona Primary,2,94.2,Feb/23/2012 04:23:08
756488,ARIZONA.ROMNEY,Mitt Romney to win the 2012 Arizona Primary,3,94.1,Feb/23/2012 04:23:08
756488,ARIZONA.ROMNEY,Mitt Romney to win the 2012 Arizona Primary,94,94.2,Feb/23/2012 04:48:49
756488,ARIZONA.ROMNEY,Mitt Romney to win the 2012 Arizona Primary,8,93.8,Feb/23/2012 05:03:36
756488,ARIZONA.ROMNEY,Mitt Romney to win the 2012 Arizona Primary,38,93.7,Feb/23/2012 05:03:36
756488,ARIZONA.ROMNEY,Mitt Romney to win the 2012 Arizona Primary,9,93.8,Feb/23/2012 05:03:36
756488,ARIZONA.ROMNEY,Mitt Romney to win the 2012 Arizona Primary,6,93.7,Feb/23/2012 05:03:54
756488,ARIZONA.ROMNEY,Mitt Romney to win the 2012 Arizona Primary,12,93.0,Feb/23/2012 05:04:09
756488,ARIZONA.ROMNEY,Mitt Romney to win the 2012 Arizona Primary,1,93.0,Feb/23/2012 05:13:31
756488,ARIZONA.ROMNEY,Mitt Romney to win the 2012 Arizona Primary,5,93.5,Feb/23/2012 05:27:05
756488,ARIZONA.ROMNEY,Mitt Romney to win the 2012 Arizona Primary,1,93.5,Feb/23/2012 05:38:58
756488,ARIZONA.ROMNEY,Mitt Romney to win the 2012 Arizona Primary,5,93.5,Feb/23/2012 05:39:52
756488,ARIZONA.ROMNEY,Mitt Romney to win the 2012 Arizona Primary,14,93.5,Feb/23/2012 05:41:03
756488,ARIZONA.ROMNEY,Mitt Romney to win the 2012 Arizona Primary,5,93.1,Feb/23/2012 05:41:25
756488,ARIZONA.ROMNEY,Mitt Romney to win the 2012 Arizona Primary,5,93.3,Feb/23/2012 05:56:43
756488,ARIZONA.ROMNEY,Mitt Romney to win the 2012 Arizona Primary,5,94.3,Feb/23/2012 10:32:27
756488,ARIZONA.ROMNEY,Mitt Romney to win the 2012 Arizona Primary,1,94.3,Feb/23/2012 10:54:56
756488,ARIZONA.ROMNEY,Mitt Romney to win the 2012 Arizona Primary,4,94.5,Feb/23/2012 10:56:27
756488,ARIZONA.ROMNEY,Mitt Romney to win the 2012 Arizona Primary,5,93.1,Feb/23/2012 12:33:01
756488,ARIZONA.ROMNEY,Mitt Romney to win the 2012 Arizona Primary,3,93.1,Feb/23/2012 13:34:55
756488,ARIZONA.ROMNEY,Mitt Romney to win the 2012 Arizona Primary,10,93.0,Feb/23/2012 16:42:13
756488,ARIZONA.ROMNEY,Mitt Romney to win the 2012 Arizona Primary,36,93.0,Feb/23/2012 17:07:38
756488,ARIZONA.ROMNEY,Mitt Romney to win the 2012 Arizona Primary,5,93.1,Feb/23/2012 18:49:02
756488,ARIZONA.ROMNEY,Mitt Romney to win the 2012 Arizona Primary,5,93.1,Feb/23/2012 18:49:04
756488,ARIZONA.ROMNEY,Mitt Romney to win the 2012 Arizona Primary,4,93.2,Feb/23/2012 18:53:40
756488,ARIZONA.ROMNEY,Mitt Romney to win the 2012 Arizona Primary,6,93.1,Feb/23/2012 18:53:40
756488,ARIZONA.ROMNEY,Mitt Romney to win the 2012 Arizona Primary,2,93.2,Feb/23/2012 19:02:54
756488,ARIZONA.ROMNEY,Mitt Romney to win the 2012 Arizona Primary,2,93.0,Feb/23/2012 21:06:05
756488,ARIZONA.ROMNEY,Mitt Romney to win the 2012 Arizona Primary,14,93.0,Feb/23/2012 21:21:00
756488,ARIZONA.ROMNEY,Mitt Romney to win the 2012 Arizona Primary,9,93.0,Feb/23/2012 21:21:00
756488,ARIZONA.ROMNEY,Mitt Romney to win the 2012 Arizona Primary,5,93.0,Feb/23/2012 21:21:00
756488,ARIZONA.ROMNEY,Mitt Romney to win the 2012 Arizona Primary,2,92.0,Feb/23/2012 21:42:36
756488,ARIZONA.ROMNEY,Mitt Romney to win the 2012 Arizona Primary,31,94.3,Feb/23/2012 21:47:26
756488,ARIZONA.ROMNEY,Mitt Romney to win the 2012 Arizona Primary,9,94.3,Feb/23/2012 21:47:26
756488,ARIZONA.ROMNEY,Mitt Romney to win the 2012 Arizona Primary,5,94.3,Feb/23/2012 21:47:26
756488,ARIZONA.ROMNEY,Mitt Romney to win the 2012 Arizona Primary,2,92.1,Feb/23/2012 22:35:18
756488,ARIZONA.ROMNEY,Mitt Romney to win the 2012 Arizona Primary,1,92.1,Feb/23/2012 23:23:36
756488,ARIZONA.ROMNEY,Mitt Romney to win the 2012 Arizona Primary,1,92.3,Feb/24/2012 00:40:25
756488,ARIZONA.ROMNEY,Mitt Romney to win the 2012 Arizona Primary,2,93.9,Feb/24/2012 00:58:27
756488,ARIZONA.ROMNEY,Mitt Romney to win the 2012 Arizona Primary,2,92.3,Feb/24/2012 02:21:13
756488,ARIZONA.ROMNEY,Mitt Romney to win the 2012 Arizona Primary,9,94.4,Feb/24/2012 05:12:34
756488,ARIZONA.ROMNEY,Mitt Romney to win the 2012 Arizona Primary,5,94.4,Feb/24/2012 06:05:12
756488,ARIZONA.ROMNEY,Mitt Romney to win the 2012 Arizona Primary,1,94.3,Feb/24/2012 09:07:23
756488,ARIZONA.ROMNEY,Mitt Romney to win the 2012 Arizona Primary,4,94.3,Feb/24/2012 14:22:48
756488,ARIZONA.ROMNEY,Mitt Romney to win the 2012 Arizona Primary,5,94.4,Feb/24/2012 14:24:32
756488,ARIZONA.ROMNEY,Mitt Romney to win the 2012 Arizona Primary,5,94.4,Feb/24/2012 14:25:15
756488,ARIZONA.ROMNEY,Mitt Romney to win the 2012 Arizona Primary,5,94.4,Feb/24/2012 14:59:39
756488,ARIZONA.ROMNEY,Mitt Romney to win the 2012 Arizona Primary,6,94.4,Feb/24/2012 14:59:39
756488,ARIZONA.ROMNEY,Mitt Romney to win the 2012 Arizona Primary,5,94.5,Feb/24/2012 15:00:20
756488,ARIZONA.ROMNEY,Mitt Romney to win the 2012 Arizona Primary,5,94.5,Feb/24/2012 15:06:47
756488,ARIZONA.ROMNEY,Mitt Romney to win the 2012 Arizona Primary,11,94.5,Feb/24/2012 15:08:14
756488,ARIZONA.ROMNEY,Mitt Romney to win the 2012 Arizona Primary,2,94.5,Feb/24/2012 15:08:14
756488,ARIZONA.ROMNEY,Mitt Romney to win the 2012 Arizona Primary,9,94.8,Feb/24/2012 15:08:30
756488,ARIZONA.ROMNEY,Mitt Romney to win the 2012 Arizona Primary,2,94.8,Feb/24/2012 15:08:30
756488,ARIZONA.ROMNEY,Mitt Romney to win the 2012 Arizona Primary,5,95.5,Feb/24/2012 15:11:09
756488,ARIZONA.ROMNEY,Mitt Romney to win the 2012 Arizona Primary,5,93.1,Feb/24/2012 15:11:09
756488,ARIZONA.ROMNEY,Mitt Romney to win the 2012 Arizona Primary,5,95.0,Feb/24/2012 15:57:15
756488,ARIZONA.ROMNEY,Mitt Romney to win the 2012 Arizona Primary,5,95.0,Feb/24/2012 15:57:15
756488,ARIZONA.ROMNEY,Mitt Romney to win the 2012 Arizona Primary,3,94.1,Feb/24/2012 15:57:43
756488,ARIZONA.ROMNEY,Mitt Romney to win the 2012 Arizona Primary,2,97.9,Feb/24/2012 18:22:02
756488,ARIZONA.ROMNEY,Mitt Romney to win the 2012 Arizona Primary,2,97.9,Feb/24/2012 19:16:10
756488,ARIZONA.ROMNEY,Mitt Romney to win the 2012 Arizona Primary,9,95.2,Feb/25/2012 00:52:58
756488,ARIZONA.ROMNEY,Mitt Romney to win the 2012 Arizona Primary,5,95.2,Feb/25/2012 00:52:58
756488,ARIZONA.ROMNEY,Mitt Romney to win the 2012 Arizona Primary,6,95.1,Feb/25/2012 01:09:47
756488,ARIZONA.ROMNEY,Mitt Romney to win the 2012 Arizona Primary,47,98.0,Feb/25/2012 02:34:10
756488,ARIZONA.ROMNEY,Mitt Romney to win the 2012 Arizona Primary,1,97.9,Feb/25/2012 02:34:10
756488,ARIZONA.ROMNEY,Mitt Romney to win the 2012 Arizona Primary,2,97.5,Feb/25/2012 02:34:10
756488,ARIZONA.ROMNEY,Mitt Romney to win the 2012 Arizona Primary,50,97.9,Feb/25/2012 02:34:10
756488,ARIZONA.ROMNEY,Mitt Romney to win the 2012 Arizona Primary,13,96.5,Feb/25/2012 03:46:46
756488,ARIZONA.ROMNEY,Mitt Romney to win the 2012 Arizona Primary,10,96.5,Feb/25/2012 03:46:46
756488,ARIZONA.ROMNEY,Mitt Romney to win the 2012 Arizona Primary,3,96.5,Feb/25/2012 03:46:46
756488,ARIZONA.ROMNEY,Mitt Romney to win the 2012 Arizona Primary,5,96.5,Feb/25/2012 04:17:36
756488,ARIZONA.ROMNEY,Mitt Romney to win the 2012 Arizona Primary,2,95.7,Feb/25/2012 15:30:56
756488,ARIZONA.ROMNEY,Mitt Romney to win the 2012 Arizona Primary,12,95.2,Feb/25/2012 16:27:48
756488,ARIZONA.ROMNEY,Mitt Romney to win the 2012 Arizona Primary,3,95.3,Feb/25/2012 16:27:48
756488,ARIZONA.ROMNEY,Mitt Romney to win the 2012 Arizona Primary,5,95.6,Feb/25/2012 16:27:48
756488,ARIZONA.ROMNEY,Mitt Romney to win the 2012 Arizona Primary,14,95.2,Feb/25/2012 16:41:45
756488,ARIZONA.ROMNEY,Mitt Romney to win the 2012 Arizona Primary,1,95.3,Feb/25/2012 16:41:45
756488,ARIZONA.ROMNEY,Mitt Romney to win the 2012 Arizona Primary,5,95.3,Feb/25/2012 16:41:45
756488,ARIZONA.ROMNEY,Mitt Romney to win the 2012 Arizona Primary,18,95.2,Feb/25/2012 16:58:32
756488,ARIZONA.ROMNEY,Mitt Romney to win the 2012 Arizona Primary,6,95.2,Feb/25/2012 17:18:49
756488,ARIZONA.ROMNEY,Mitt Romney to win the 2012 Arizona Primary,4,95.1,Feb/25/2012 17:19:02
756488,ARIZONA.ROMNEY,Mitt Romney to win the 2012 Arizona Primary,10,95.1,Feb/25/2012 17:19:54
756488,ARIZONA.ROMNEY,Mitt Romney to win the 2012 Arizona Primary,80,95.1,Feb/25/2012 18:25:58
756488,ARIZONA.ROMNEY,Mitt Romney to win the 2012 Arizona Primary,9,95.1,Feb/25/2012 18:25:58
756488,ARIZONA.ROMNEY,Mitt Romney to win the 2012 Arizona Primary,8,95.1,Feb/25/2012 18:25:58
756488,ARIZONA.ROMNEY,Mitt Romney to win the 2012 Arizona Primary,80,95.0,Feb/25/2012 18:26:17
756488,ARIZONA.ROMNEY,Mitt Romney to win the 2012 Arizona Primary,12,95.0,Feb/25/2012 18:26:44
756488,ARIZONA.ROMNEY,Mitt Romney to win the 2012 Arizona Primary,8,95.0,Feb/25/2012 18:30:09
756488,ARIZONA.ROMNEY,Mitt Romney to win the 2012 Arizona Primary,100,94.6,Feb/25/2012 18:36:32
756488,ARIZONA.ROMNEY,Mitt Romney to win the 2012 Arizona Primary,10,94.5,Feb/25/2012 18:38:31
756488,ARIZONA.ROMNEY,Mitt Romney to win the 2012 Arizona Primary,5,94.5,Feb/25/2012 18:38:50
756488,ARIZONA.ROMNEY,Mitt Romney to win the 2012 Arizona Primary,85,94.5,Feb/25/2012 18:42:05
756488,ARIZONA.ROMNEY,Mitt Romney to win the 2012 Arizona Primary,5,94.0,Feb/25/2012 19:16:12
756488,ARIZONA.ROMNEY,Mitt Romney to win the 2012 Arizona Primary,5,94.0,Feb/25/2012 19:16:53
756488,ARIZONA.ROMNEY,Mitt Romney to win the 2012 Arizona Primary,5,94.0,Feb/25/2012 19:17:16
756488,ARIZONA.ROMNEY,Mitt Romney to win the 2012 Arizona Primary,9,94.0,Feb/25/2012 19:17:28
756488,ARIZONA.ROMNEY,Mitt Romney to win the 2012 Arizona Primary,5,94.0,Feb/25/2012 19:17:38
756488,ARIZONA.ROMNEY,Mitt Romney to win the 2012 Arizona Primary,9,94.0,Feb/25/2012 19:17:44
756488,ARIZONA.ROMNEY,Mitt Romney to win the 2012 Arizona Primary,4,94.0,Feb/25/2012 19:19:17
756488,ARIZONA.ROMNEY,Mitt Romney to win the 2012 Arizona Primary,3,95.6,Feb/25/2012 19:55:01
756488,ARIZONA.ROMNEY,Mitt Romney to win the 2012 Arizona Primary,1,95.8,Feb/25/2012 20:01:12
756488,ARIZONA.ROMNEY,Mitt Romney to win the 2012 Arizona Primary,10,95.7,Feb/25/2012 20:01:12
756488,ARIZONA.ROMNEY,Mitt Romney to win the 2012 Arizona Primary,3,95.6,Feb/25/2012 20:01:12
756488,ARIZONA.ROMNEY,Mitt Romney to win the 2012 Arizona Primary,17,95.7,Feb/25/2012 20:01:12
756488,ARIZONA.ROMNEY,Mitt Romney to win the 2012 Arizona Primary,5,94.0,Feb/25/2012 22:16:35
756488,ARIZONA.ROMNEY,Mitt Romney to win the 2012 Arizona Primary,3,94.0,Feb/25/2012 23:10:36
756488,ARIZONA.ROMNEY,Mitt Romney to win the 2012 Arizona Primary,1,93.5,Feb/25/2012 23:10:36
756488,ARIZONA.ROMNEY,Mitt Romney to win the 2012 Arizona Primary,1,94.0,Feb/25/2012 23:10:36
756488,ARIZONA.ROMNEY,Mitt Romney to win the 2012 Arizona Primary,5,93.5,Feb/25/2012 23:22:27
756488,ARIZONA.ROMNEY,Mitt Romney to win the 2012 Arizona Primary,5,93.5,Feb/25/2012 23:22:53
756488,ARIZONA.ROMNEY,Mitt Romney to win the 2012 Arizona Primary,5,93.5,Feb/25/2012 23:23:07
756488,ARIZONA.ROMNEY,Mitt Romney to win the 2012 Arizona Primary,5,93.6,Feb/25/2012 23:23:25
756488,ARIZONA.ROMNEY,Mitt Romney to win the 2012 Arizona Primary,4,93.6,Feb/25/2012 23:24:26
756488,ARIZONA.ROMNEY,Mitt Romney to win the 2012 Arizona Primary,4,94.7,Feb/25/2012 23:24:57
756488,ARIZONA.ROMNEY,Mitt Romney to win the 2012 Arizona Primary,100,92.5,Feb/25/2012 23:25:50
756488,ARIZONA.ROMNEY,Mitt Romney to win the 2012 Arizona Primary,100,93.0,Feb/25/2012 23:25:50
756488,ARIZONA.ROMNEY,Mitt Romney to win the 2012 Arizona Primary,59,93.5,Feb/25/2012 23:25:50
756488,ARIZONA.ROMNEY,Mitt Romney to win the 2012 Arizona Primary,9,93.5,Feb/25/2012 23:25:50
756488,ARIZONA.ROMNEY,Mitt Romney to win the 2012 Arizona Primary,8,93.5,Feb/25/2012 23:25:50
756488,ARIZONA.ROMNEY,Mitt Romney to win the 2012 Arizona Primary,9,93.6,Feb/25/2012 23:25:50
756488,ARIZONA.ROMNEY,Mitt Romney to win the 2012 Arizona Primary,5,92.2,Feb/25/2012 23:28:09
756488,ARIZONA.ROMNEY,Mitt Romney to win the 2012 Arizona Primary,4,92.2,Feb/25/2012 23:35:46
756488,ARIZONA.ROMNEY,Mitt Romney to win the 2012 Arizona Primary,1,92.0,Feb/25/2012 23:35:46
756488,ARIZONA.ROMNEY,Mitt Romney to win the 2012 Arizona Primary,9,92.0,Feb/25/2012 23:36:02
756488,ARIZONA.ROMNEY,Mitt Romney to win the 2012 Arizona Primary,1,90.6,Feb/25/2012 23:36:34
756488,ARIZONA.ROMNEY,Mitt Romney to win the 2012 Arizona Primary,8,90.6,Feb/26/2012 00:16:12
756488,ARIZONA.ROMNEY,Mitt Romney to win the 2012 Arizona Primary,17,90.6,Feb/26/2012 00:16:37
756488,ARIZONA.ROMNEY,Mitt Romney to win the 2012 Arizona Primary,2,95.3,Feb/26/2012 01:21:07
756488,ARIZONA.ROMNEY,Mitt Romney to win the 2012 Arizona Primary,10,92.2,Feb/26/2012 06:08:17
756488,ARIZONA.ROMNEY,Mitt Romney to win the 2012 Arizona Primary,5,94.9,Feb/26/2012 15:14:25
756488,ARIZONA.ROMNEY,Mitt Romney to win the 2012 Arizona Primary,2,95.0,Feb/26/2012 15:14:46
756488,ARIZONA.ROMNEY,Mitt Romney to win the 2012 Arizona Primary,5,93.0,Feb/26/2012 15:59:57
756488,ARIZONA.ROMNEY,Mitt Romney to win the 2012 Arizona Primary,8,94.0,Feb/26/2012 16:14:47
756488,ARIZONA.ROMNEY,Mitt Romney to win the 2012 Arizona Primary,7,93.0,Feb/26/2012 16:38:31
756488,ARIZONA.ROMNEY,Mitt Romney to win the 2012 Arizona Primary,1,94.0,Feb/26/2012 17:18:04
756488,ARIZONA.ROMNEY,Mitt Romney to win the 2012 Arizona Primary,5,94.0,Feb/26/2012 18:24:26
756488,ARIZONA.ROMNEY,Mitt Romney to win the 2012 Arizona Primary,2,94.0,Feb/26/2012 18:42:06
756488,ARIZONA.ROMNEY,Mitt Romney to win the 2012 Arizona Primary,14,94.0,Feb/26/2012 18:46:27
756488,ARIZONA.ROMNEY,Mitt Romney to win the 2012 Arizona Primary,17,94.0,Feb/26/2012 18:46:27
756488,ARIZONA.ROMNEY,Mitt Romney to win the 2012 Arizona Primary,5,94.1,Feb/26/2012 19:28:38
756488,ARIZONA.ROMNEY,Mitt Romney to win the 2012 Arizona Primary,30,95.0,Feb/26/2012 19:45:42
756488,ARIZONA.ROMNEY,Mitt Romney to win the 2012 Arizona Primary,5,93.8,Feb/26/2012 20:10:16
756488,ARIZONA.ROMNEY,Mitt Romney to win the 2012 Arizona Primary,5,93.7,Feb/26/2012 20:10:32
756488,ARIZONA.ROMNEY,Mitt Romney to win the 2012 Arizona Primary,1,93.5,Feb/26/2012 20:10:44
756488,ARIZONA.ROMNEY,Mitt Romney to win the 2012 Arizona Primary,4,93.7,Feb/26/2012 20:10:44
756488,ARIZONA.ROMNEY,Mitt Romney to win the 2012 Arizona Primary,5,94.9,Feb/26/2012 20:25:26
756488,ARIZONA.ROMNEY,Mitt Romney to win the 2012 Arizona Primary,5,94.9,Feb/26/2012 20:25:26
756488,ARIZONA.ROMNEY,Mitt Romney to win the 2012 Arizona Primary,2,95.0,Feb/26/2012 23:09:49
756488,ARIZONA.ROMNEY,Mitt Romney to win the 2012 Arizona Primary,19,95.9,Feb/26/2012 23:11:53
756488,ARIZONA.ROMNEY,Mitt Romney to win the 2012 Arizona Primary,3,95.8,Feb/26/2012 23:11:53
756488,ARIZONA.ROMNEY,Mitt Romney to win the 2012 Arizona Primary,6,95.5,Feb/26/2012 23:11:53
756488,ARIZONA.ROMNEY,Mitt Romney to win the 2012 Arizona Primary,8,95.8,Feb/26/2012 23:11:53
756488,ARIZONA.ROMNEY,Mitt Romney to win the 2012 Arizona Primary,10,96.7,Feb/26/2012 23:17:24
756488,ARIZONA.ROMNEY,Mitt Romney to win the 2012 Arizona Primary,10,96.5,Feb/26/2012 23:17:24
756488,ARIZONA.ROMNEY,Mitt Romney to win the 2012 Arizona Primary,5,96.7,Feb/26/2012 23:17:24
756488,ARIZONA.ROMNEY,Mitt Romney to win the 2012 Arizona Primary,10,97.8,Feb/26/2012 23:23:52
756488,ARIZONA.ROMNEY,Mitt Romney to win the 2012 Arizona Primary,10,97.8,Feb/26/2012 23:34:37
756488,ARIZONA.ROMNEY,Mitt Romney to win the 2012 Arizona Primary,2,96.0,Feb/26/2012 23:41:08
756488,ARIZONA.ROMNEY,Mitt Romney to win the 2012 Arizona Primary,9,96.1,Feb/26/2012 23:56:54
756488,ARIZONA.ROMNEY,Mitt Romney to win the 2012 Arizona Primary,10,96.1,Feb/26/2012 23:56:54
756488,ARIZONA.ROMNEY,Mitt Romney to win the 2012 Arizona Primary,10,96.1,Feb/26/2012 23:56:54
756488,ARIZONA.ROMNEY,Mitt Romney to win the 2012 Arizona Primary,8,96.0,Feb/26/2012 23:58:32
756488,ARIZONA.ROMNEY,Mitt Romney to win the 2012 Arizona Primary,17,96.0,Feb/26/2012 23:58:32
756488,ARIZONA.ROMNEY,Mitt Romney to win the 2012 Arizona Primary,9,96.1,Feb/26/2012 23:58:32
756488,ARIZONA.ROMNEY,Mitt Romney to win the 2012 Arizona Primary,4,96.0,Feb/27/2012 00:13:43
756488,ARIZONA.ROMNEY,Mitt Romney to win the 2012 Arizona Primary,5,95.6,Feb/27/2012 00:27:34
756488,ARIZONA.ROMNEY,Mitt Romney to win the 2012 Arizona Primary,4,95.6,Feb/27/2012 01:03:49
756488,ARIZONA.ROMNEY,Mitt Romney to win the 2012 Arizona Primary,1,95.5,Feb/27/2012 01:03:57
756488,ARIZONA.ROMNEY,Mitt Romney to win the 2012 Arizona Primary,2,97.9,Feb/27/2012 01:11:21
756488,ARIZONA.ROMNEY,Mitt Romney to win the 2012 Arizona Primary,2,95.5,Feb/27/2012 02:20:36
756488,ARIZONA.ROMNEY,Mitt Romney to win the 2012 Arizona Primary,5,97.7,Feb/27/2012 02:23:14
756488,ARIZONA.ROMNEY,Mitt Romney to win the 2012 Arizona Primary,5,97.7,Feb/27/2012 02:23:26
756488,ARIZONA.ROMNEY,Mitt Romney to win the 2012 Arizona Primary,5,97.7,Feb/27/2012 02:23:55
756488,ARIZONA.ROMNEY,Mitt Romney to win the 2012 Arizona Primary,5,97.8,Feb/27/2012 02:24:12
756488,ARIZONA.ROMNEY,Mitt Romney to win the 2012 Arizona Primary,5,95.5,Feb/27/2012 02:36:51
756488,ARIZONA.ROMNEY,Mitt Romney to win the 2012 Arizona Primary,2,97.7,Feb/27/2012 03:24:12
756488,ARIZONA.ROMNEY,Mitt Romney to win the 2012 Arizona Primary,40,97.7,Feb/27/2012 03:36:46
756488,ARIZONA.ROMNEY,Mitt Romney to win the 2012 Arizona Primary,7,97.7,Feb/27/2012 03:36:46
756488,ARIZONA.ROMNEY,Mitt Romney to win the 2012 Arizona Primary,8,97.8,Feb/27/2012 03:40:47
756488,ARIZONA.ROMNEY,Mitt Romney to win the 2012 Arizona Primary,2,96.0,Feb/27/2012 03:44:17
756488,ARIZONA.ROMNEY,Mitt Romney to win the 2012 Arizona Primary,3,98.0,Feb/27/2012 03:44:43
756488,ARIZONA.ROMNEY,Mitt Romney to win the 2012 Arizona Primary,47,98.0,Feb/27/2012 03:44:43
756488,ARIZONA.ROMNEY,Mitt Romney to win the 2012 Arizona Primary,3,97.9,Feb/27/2012 03:44:43
756488,ARIZONA.ROMNEY,Mitt Romney to win the 2012 Arizona Primary,32,97.8,Feb/27/2012 03:44:43
756488,ARIZONA.ROMNEY,Mitt Romney to win the 2012 Arizona Primary,20,98.0,Feb/27/2012 04:47:45
756488,ARIZONA.ROMNEY,Mitt Romney to win the 2012 Arizona Primary,3,98.0,Feb/27/2012 04:47:45
756488,ARIZONA.ROMNEY,Mitt Romney to win the 2012 Arizona Primary,77,98.0,Feb/27/2012 04:47:45
756488,ARIZONA.ROMNEY,Mitt Romney to win the 2012 Arizona Primary,23,98.0,Feb/27/2012 04:48:37
756488,ARIZONA.ROMNEY,Mitt Romney to win the 2012 Arizona Primary,96,98.3,Feb/27/2012 05:06:30
756488,ARIZONA.ROMNEY,Mitt Romney to win the 2012 Arizona Primary,1,98.4,Feb/27/2012 05:12:47
756488,ARIZONA.ROMNEY,Mitt Romney to win the 2012 Arizona Primary,1,98.4,Feb/27/2012 05:13:01
756488,ARIZONA.ROMNEY,Mitt Romney to win the 2012 Arizona Primary,8,98.4,Feb/27/2012 05:17:38
756488,ARIZONA.ROMNEY,Mitt Romney to win the 2012 Arizona Primary,410,98.5,Feb/27/2012 05:17:38
756488,ARIZONA.ROMNEY,Mitt Romney to win the 2012 Arizona Primary,2,96.5,Feb/27/2012 05:19:13
756488,ARIZONA.ROMNEY,Mitt Romney to win the 2012 Arizona Primary,5,97.0,Feb/27/2012 06:45:40
756488,ARIZONA.ROMNEY,Mitt Romney to win the 2012 Arizona Primary,5,97.0,Feb/27/2012 06:45:40
756488,ARIZONA.ROMNEY,Mitt Romney to win the 2012 Arizona Primary,33,97.0,Feb/27/2012 06:45:40
756488,ARIZONA.ROMNEY,Mitt Romney to win the 2012 Arizona Primary,10,97.0,Feb/27/2012 06:45:40
756488,ARIZONA.ROMNEY,Mitt Romney to win the 2012 Arizona Primary,50,98.2,Feb/27/2012 07:12:31
756488,ARIZONA.ROMNEY,Mitt Romney to win the 2012 Arizona Primary,60,98.1,Feb/27/2012 07:12:31
756488,ARIZONA.ROMNEY,Mitt Romney to win the 2012 Arizona Primary,10,98.1,Feb/27/2012 07:12:31
756488,ARIZONA.ROMNEY,Mitt Romney to win the 2012 Arizona Primary,75,98.3,Feb/27/2012 07:14:13
756488,ARIZONA.ROMNEY,Mitt Romney to win the 2012 Arizona Primary,65,97.0,Feb/27/2012 11:48:15
756488,ARIZONA.ROMNEY,Mitt Romney to win the 2012 Arizona Primary,55,97.1,Feb/27/2012 11:48:15
756488,ARIZONA.ROMNEY,Mitt Romney to win the 2012 Arizona Primary,17,97.8,Feb/27/2012 12:42:10
756488,ARIZONA.ROMNEY,Mitt Romney to win the 2012 Arizona Primary,30,97.8,Feb/27/2012 13:38:05
756488,ARIZONA.ROMNEY,Mitt Romney to win the 2012 Arizona Primary,3,97.8,Feb/27/2012 13:40:38
756488,ARIZONA.ROMNEY,Mitt Romney to win the 2012 Arizona Primary,7,97.9,Feb/27/2012 13:40:46
756488,ARIZONA.ROMNEY,Mitt Romney to win the 2012 Arizona Primary,3,97.1,Feb/27/2012 13:41:33
756488,ARIZONA.ROMNEY,Mitt Romney to win the 2012 Arizona Primary,20,97.9,Feb/27/2012 14:08:06
756488,ARIZONA.ROMNEY,Mitt Romney to win the 2012 Arizona Primary,1,97.9,Feb/27/2012 14:46:58
756488,ARIZONA.ROMNEY,Mitt Romney to win the 2012 Arizona Primary,1,97.9,Feb/27/2012 15:13:43
756488,ARIZONA.ROMNEY,Mitt Romney to win the 2012 Arizona Primary,2,97.2,Feb/27/2012 16:45:36
756488,ARIZONA.ROMNEY,Mitt Romney to win the 2012 Arizona Primary,63,97.0,Feb/27/2012 16:45:45
756488,ARIZONA.ROMNEY,Mitt Romney to win the 2012 Arizona Primary,10,97.0,Feb/27/2012 16:45:45
756488,ARIZONA.ROMNEY,Mitt Romney to win the 2012 Arizona Primary,10,97.0,Feb/27/2012 16:45:45
756488,ARIZONA.ROMNEY,Mitt Romney to win the 2012 Arizona Primary,5,97.0,Feb/27/2012 16:45:45
756488,ARIZONA.ROMNEY,Mitt Romney to win the 2012 Arizona Primary,10,96.9,Feb/27/2012 16:49:41
756488,ARIZONA.ROMNEY,Mitt Romney to win the 2012 Arizona Primary,100,96.1,Feb/27/2012 17:38:31
756488,ARIZONA.ROMNEY,Mitt Romney to win the 2012 Arizona Primary,10,96.1,Feb/27/2012 17:38:31
756488,ARIZONA.ROMNEY,Mitt Romney to win the 2012 Arizona Primary,10,96.1,Feb/27/2012 17:38:31
756488,ARIZONA.ROMNEY,Mitt Romney to win the 2012 Arizona Primary,1,97.0,Feb/27/2012 17:38:31
756488,ARIZONA.ROMNEY,Mitt Romney to win the 2012 Arizona Primary,2,97.1,Feb/27/2012 17:38:31
756488,ARIZONA.ROMNEY,Mitt Romney to win the 2012 Arizona Primary,1,97.9,Feb/27/2012 19:10:36
756488,ARIZONA.ROMNEY,Mitt Romney to win the 2012 Arizona Primary,5,97.6,Feb/27/2012 20:00:08
756488,ARIZONA.ROMNEY,Mitt Romney to win the 2012 Arizona Primary,7,97.9,Feb/27/2012 20:01:50
756488,ARIZONA.ROMNEY,Mitt Romney to win the 2012 Arizona Primary,9,97.9,Feb/27/2012 20:21:36
756488,ARIZONA.ROMNEY,Mitt Romney to win the 2012 Arizona Primary,40,98.0,Feb/27/2012 20:22:51
756488,ARIZONA.ROMNEY,Mitt Romney to win the 2012 Arizona Primary,1,98.0,Feb/27/2012 20:22:51
756488,ARIZONA.ROMNEY,Mitt Romney to win the 2012 Arizona Primary,23,98.0,Feb/27/2012 20:22:51
756488,ARIZONA.ROMNEY,Mitt Romney to win the 2012 Arizona Primary,4,97.6,Feb/27/2012 20:51:39
756488,ARIZONA.ROMNEY,Mitt Romney to win the 2012 Arizona Primary,1,97.1,Feb/27/2012 20:51:39
756488,ARIZONA.ROMNEY,Mitt Romney to win the 2012 Arizona Primary,50,98.5,Feb/27/2012 21:46:41
756488,ARIZONA.ROMNEY,Mitt Romney to win the 2012 Arizona Primary,50,98.4,Feb/27/2012 21:46:41
756488,ARIZONA.ROMNEY,Mitt Romney to win the 2012 Arizona Primary,2,97.2,Feb/27/2012 23:27:04
756488,ARIZONA.ROMNEY,Mitt Romney to win the 2012 Arizona Primary,3,97.2,Feb/27/2012 23:27:04
756488,ARIZONA.ROMNEY,Mitt Romney to win the 2012 Arizona Primary,5,97.3,Feb/27/2012 23:53:05
756488,ARIZONA.ROMNEY,Mitt Romney to win the 2012 Arizona Primary,5,97.3,Feb/27/2012 23:53:43
756488,ARIZONA.ROMNEY,Mitt Romney to win the 2012 Arizona Primary,4,97.1,Feb/27/2012 23:54:25
756488,ARIZONA.ROMNEY,Mitt Romney to win the 2012 Arizona Primary,15,97.1,Feb/27/2012 23:54:25
756488,ARIZONA.ROMNEY,Mitt Romney to win the 2012 Arizona Primary,51,97.2,Feb/27/2012 23:54:25
756488,ARIZONA.ROMNEY,Mitt Romney to win the 2012 Arizona Primary,13,97.2,Feb/27/2012 23:54:25
756488,ARIZONA.ROMNEY,Mitt Romney to win the 2012 Arizona Primary,17,97.2,Feb/27/2012 23:54:25
756488,ARIZONA.ROMNEY,Mitt Romney to win the 2012 Arizona Primary,45,97.1,Feb/27/2012 23:54:44
756488,ARIZONA.ROMNEY,Mitt Romney to win the 2012 Arizona Primary,100,97.0,Feb/27/2012 23:56:02
756488,ARIZONA.ROMNEY,Mitt Romney to win the 2012 Arizona Primary,10,97.0,Feb/27/2012 23:56:02
756488,ARIZONA.ROMNEY,Mitt Romney to win the 2012 Arizona Primary,40,97.1,Feb/27/2012 23:56:02
756488,ARIZONA.ROMNEY,Mitt Romney to win the 2012 Arizona Primary,10,97.0,Feb/28/2012 00:01:59
756488,ARIZONA.ROMNEY,Mitt Romney to win the 2012 Arizona Primary,28,97.0,Feb/28/2012 00:17:50
756488,ARIZONA.ROMNEY,Mitt Romney to win the 2012 Arizona Primary,25,97.0,Feb/28/2012 00:17:50
756488,ARIZONA.ROMNEY,Mitt Romney to win the 2012 Arizona Primary,10,97.2,Feb/28/2012 00:47:35
756488,ARIZONA.ROMNEY,Mitt Romney to win the 2012 Arizona Primary,1,98.7,Feb/28/2012 01:38:41
756488,ARIZONA.ROMNEY,Mitt Romney to win the 2012 Arizona Primary,5,98.7,Feb/28/2012 02:04:17
756488,ARIZONA.ROMNEY,Mitt Romney to win the 2012 Arizona Primary,5,97.2,Feb/28/2012 02:10:37
756488,ARIZONA.ROMNEY,Mitt Romney to win the 2012 Arizona Primary,5,97.3,Feb/28/2012 02:37:59
756488,ARIZONA.ROMNEY,Mitt Romney to win the 2012 Arizona Primary,2,98.9,Feb/28/2012 02:41:23
756488,ARIZONA.ROMNEY,Mitt Romney to win the 2012 Arizona Primary,50,98.8,Feb/28/2012 02:41:23
756488,ARIZONA.ROMNEY,Mitt Romney to win the 2012 Arizona Primary,62,98.7,Feb/28/2012 02:41:23
756488,ARIZONA.ROMNEY,Mitt Romney to win the 2012 Arizona Primary,13,98.7,Feb/28/2012 02:41:23
756488,ARIZONA.ROMNEY,Mitt Romney to win the 2012 Arizona Primary,17,98.7,Feb/28/2012 02:41:23
756488,ARIZONA.ROMNEY,Mitt Romney to win the 2012 Arizona Primary,5,98.8,Feb/28/2012 02:41:23
756488,ARIZONA.ROMNEY,Mitt Romney to win the 2012 Arizona Primary,51,99.0,Feb/28/2012 02:41:30
756488,ARIZONA.ROMNEY,Mitt Romney to win the 2012 Arizona Primary,3,97.4,Feb/28/2012 02:50:48
756488,ARIZONA.ROMNEY,Mitt Romney to win the 2012 Arizona Primary,2,97.5,Feb/28/2012 02:50:48
756488,ARIZONA.ROMNEY,Mitt Romney to win the 2012 Arizona Primary,1,98.5,Feb/28/2012 02:53:20
756488,ARIZONA.ROMNEY,Mitt Romney to win the 2012 Arizona Primary,1,98.5,Feb/28/2012 03:38:25
756488,ARIZONA.ROMNEY,Mitt Romney to win the 2012 Arizona Primary,4,98.5,Feb/28/2012 03:45:33
756488,ARIZONA.ROMNEY,Mitt Romney to win the 2012 Arizona Primary,2,99.4,Feb/28/2012 03:49:00
756488,ARIZONA.ROMNEY,Mitt Romney to win the 2012 Arizona Primary,10,99.3,Feb/28/2012 03:49:00
756488,ARIZONA.ROMNEY,Mitt Romney to win the 2012 Arizona Primary,5,98.2,Feb/28/2012 03:52:47
756488,ARIZONA.ROMNEY,Mitt Romney to win the 2012 Arizona Primary,5,98.1,Feb/28/2012 04:13:20
756488,ARIZONA.ROMNEY,Mitt Romney to win the 2012 Arizona Primary,5,98.2,Feb/28/2012 04:13:20
756488,ARIZONA.ROMNEY,Mitt Romney to win the 2012 Arizona Primary,1,98.1,Feb/28/2012 04:16:34
756488,ARIZONA.ROMNEY,Mitt Romney to win the 2012 Arizona Primary,1,98.5,Feb/28/2012 07:22:07
756488,ARIZONA.ROMNEY,Mitt Romney to win the 2012 Arizona Primary,1,98.1,Feb/28/2012 11:01:22
756488,ARIZONA.ROMNEY,Mitt Romney to win the 2012 Arizona Primary,1,98.0,Feb/28/2012 14:36:15
756488,ARIZONA.ROMNEY,Mitt Romney to win the 2012 Arizona Primary,3,98.1,Feb/28/2012 14:36:15
756488,ARIZONA.ROMNEY,Mitt Romney to win the 2012 Arizona Primary,1,98.1,Feb/28/2012 14:36:15
756488,ARIZONA.ROMNEY,Mitt Romney to win the 2012 Arizona Primary,50,98.0,Feb/28/2012 14:56:34
756488,ARIZONA.ROMNEY,Mitt Romney to win the 2012 Arizona Primary,7,98.0,Feb/28/2012 15:09:04
756488,ARIZONA.ROMNEY,Mitt Romney to win the 2012 Arizona Primary,1,97.3,Feb/28/2012 15:11:26
756488,ARIZONA.ROMNEY,Mitt Romney to win the 2012 Arizona Primary,3,97.3,Feb/28/2012 15:14:11
756488,ARIZONA.ROMNEY,Mitt Romney to win the 2012 Arizona Primary,1,98.5,Feb/28/2012 15:18:57
756488,ARIZONA.ROMNEY,Mitt Romney to win the 2012 Arizona Primary,13,98.5,Feb/28/2012 15:25:20
756488,ARIZONA.ROMNEY,Mitt Romney to win the 2012 Arizona Primary,5,98.7,Feb/28/2012 15:25:20
756488,ARIZONA.ROMNEY,Mitt Romney to win the 2012 Arizona Primary,1,98.8,Feb/28/2012 16:58:30
756488,ARIZONA.ROMNEY,Mitt Romney to win the 2012 Arizona Primary,4,97.5,Feb/28/2012 18:45:03
756488,ARIZONA.ROMNEY,Mitt Romney to win the 2012 Arizona Primary,1,98.0,Feb/28/2012 18:45:03
756488,ARIZONA.ROMNEY,Mitt Romney to win the 2012 Arizona Primary,6,97.5,Feb/28/2012 18:45:05
756488,ARIZONA.ROMNEY,Mitt Romney to win the 2012 Arizona Primary,5,97.5,Feb/28/2012 18:45:05
756488,ARIZONA.ROMNEY,Mitt Romney to win the 2012 Arizona Primary,4,97.5,Feb/28/2012 18:45:05
756488,ARIZONA.ROMNEY,Mitt Romney to win the 2012 Arizona Primary,5,98.9,Feb/28/2012 19:17:08
756488,ARIZONA.ROMNEY,Mitt Romney to win the 2012 Arizona Primary,9,98.6,Feb/28/2012 20:25:12
756488,ARIZONA.ROMNEY,Mitt Romney to win the 2012 Arizona Primary,4,98.6,Feb/28/2012 20:38:14
756488,ARIZONA.ROMNEY,Mitt Romney to win the 2012 Arizona Primary,15,99.0,Feb/28/2012 22:04:41
756488,ARIZONA.ROMNEY,Mitt Romney to win the 2012 Arizona Primary,5,98.9,Feb/28/2012 22:04:41
756488,ARIZONA.ROMNEY,Mitt Romney to win the 2012 Arizona Primary,1,99.0,Feb/28/2012 22:05:03
756488,ARIZONA.ROMNEY,Mitt Romney to win the 2012 Arizona Primary,2,99.3,Feb/28/2012 22:36:36
756488,ARIZONA.ROMNEY,Mitt Romney to win the 2012 Arizona Primary,3,97.2,Feb/28/2012 22:39:13
756488,ARIZONA.ROMNEY,Mitt Romney to win the 2012 Arizona Primary,1,97.3,Feb/28/2012 22:39:13
756488,ARIZONA.ROMNEY,Mitt Romney to win the 2012 Arizona Primary,2,97.4,Feb/28/2012 22:39:13
756488,ARIZONA.ROMNEY,Mitt Romney to win the 2012 Arizona Primary,13,97.5,Feb/28/2012 22:39:13
756488,ARIZONA.ROMNEY,Mitt Romney to win the 2012 Arizona Primary,11,97.4,Feb/28/2012 22:39:13
756488,ARIZONA.ROMNEY,Mitt Romney to win the 2012 Arizona Primary,2,97.8,Feb/28/2012 22:39:13
756488,ARIZONA.ROMNEY,Mitt Romney to win the 2012 Arizona Primary,5,97.5,Feb/28/2012 22:44:08
756488,ARIZONA.ROMNEY,Mitt Romney to win the 2012 Arizona Primary,3,99.3,Feb/28/2012 22:50:16
756488,ARIZONA.ROMNEY,Mitt Romney to win the 2012 Arizona Primary,1,98.1,Feb/28/2012 23:00:06
756488,ARIZONA.ROMNEY,Mitt Romney to win the 2012 Arizona Primary,2,98.2,Feb/28/2012 23:02:06
756488,ARIZONA.ROMNEY,Mitt Romney to win the 2012 Arizona Primary,22,99.0,Feb/28/2012 23:29:44
756488,ARIZONA.ROMNEY,Mitt Romney to win the 2012 Arizona Primary,3,99.0,Feb/28/2012 23:30:00
756488,ARIZONA.ROMNEY,Mitt Romney to win the 2012 Arizona Primary,5,99.5,Feb/28/2012 23:31:13
756488,ARIZONA.ROMNEY,Mitt Romney to win the 2012 Arizona Primary,4,99.5,Feb/28/2012 23:31:23
756488,ARIZONA.ROMNEY,Mitt Romney to win the 2012 Arizona Primary,1,99.5,Feb/28/2012 23:31:34
756488,ARIZONA.ROMNEY,Mitt Romney to win the 2012 Arizona Primary,10,99.5,Feb/29/2012 01:09:19
756488,ARIZONA.ROMNEY,Mitt Romney to win the 2012 Arizona Primary,5,99.5,Feb/29/2012 01:58:20
756488,ARIZONA.ROMNEY,Mitt Romney to win the 2012 Arizona Primary,48,99.6,Feb/29/2012 01:59:21
756488,ARIZONA.ROMNEY,Mitt Romney to win the 2012 Arizona Primary,5,99.5,Feb/29/2012 01:59:37
756488,ARIZONA.ROMNEY,Mitt Romney to win the 2012 Arizona Primary,14,99.6,Feb/29/2012 02:00:47
756488,ARIZONA.ROMNEY,Mitt Romney to win the 2012 Arizona Primary,150,99.8,Feb/29/2012 02:02:03
756488,ARIZONA.ROMNEY,Mitt Romney to win the 2012 Arizona Primary,465,99.9,Feb/29/2012 02:13:14
756488,ARIZONA.ROMNEY,Mitt Romney to win the 2012 Arizona Primary,3,99.7,Feb/29/2012 02:36:29
756488,ARIZONA.ROMNEY,Mitt Romney to win the 2012 Arizona Primary,6,99.7,Feb/29/2012 02:43:08
756488,ARIZONA.ROMNEY,Mitt Romney to win the 2012 Arizona Primary,1,99.9,Feb/29/2012 02:45:58
756488,ARIZONA.ROMNEY,Mitt Romney to win the 2012 Arizona Primary,1,99.9,Feb/29/2012 02:48:54
756488,ARIZONA.ROMNEY,Mitt Romney to win the 2012 Arizona Primary,1,99.8,Feb/29/2012 02:48:59
756488,ARIZONA.ROMNEY,Mitt Romney to win the 2012 Arizona Primary,58,99.7,Feb/29/2012 02:49:09
756488,ARIZONA.ROMNEY,Mitt Romney to win the 2012 Arizona Primary,100,99.9,Feb/29/2012 03:44:39
756488,ARIZONA.ROMNEY,Mitt Romney to win the 2012 Arizona Primary,98,99.9,Feb/29/2012 03:49:35
756488,ARIZONA.ROMNEY,Mitt Romney to win the 2012 Arizona Primary,2,99.9,Feb/29/2012 03:50:57
756488,ARIZONA.ROMNEY,Mitt Romney to win the 2012 Arizona Primary,100,99.9,Feb/29/2012 03:50:57
756488,ARIZONA.ROMNEY,Mitt Romney to win the 2012 Arizona Primary,10,99.9,Feb/29/2012 06:21:51
756488,ARIZONA.ROMNEY,Mitt Romney to win the 2012 Arizona Primary,125,99.9,Feb/29/2012 06:21:51
756488,ARIZONA.ROMNEY,Mitt Romney to win the 2012 Arizona Primary,1,99.9,Feb/29/2012 06:41:39
756488,ARIZONA.ROMNEY,Mitt Romney to win the 2012 Arizona Primary,1,99.9,Feb/29/2012 06:42:37
756488,ARIZONA.ROMNEY,Mitt Romney to win the 2012 Arizona Primary,15,99.9,Feb/29/2012 06:43:22
