market id,market symbol,market name,trade quantity,trade price,date/time [utc]
639651,HOUSE.DEM.2012,The Democrats to control the House of Representatives after 2012 Congressional Elections,20,55.0,Jan/21/2010 21:53:37
639651,HOUSE.DEM.2012,The Democrats to control the House of Representatives after 2012 Congressional Elections,1,54.9,May/07/2010 22:58:42
639651,HOUSE.DEM.2012,The Democrats to control the House of Representatives after 2012 Congressional Elections,2,54.9,May/07/2010 22:58:42
639651,HOUSE.DEM.2012,The Democrats to control the House of Representatives after 2012 Congressional Elections,9,55.0,May/07/2010 22:59:07
639651,HOUSE.DEM.2012,The Democrats to control the House of Representatives after 2012 Congressional Elections,1,45.1,Jul/03/2010 12:27:43
639651,HOUSE.DEM.2012,The Democrats to control the House of Representatives after 2012 Congressional Elections,1,35.1,Jul/03/2010 12:27:43
639651,HOUSE.DEM.2012,The Democrats to control the House of Representatives after 2012 Congressional Elections,3,35.1,Jul/03/2010 12:27:43
639651,HOUSE.DEM.2012,The Democrats to control the House of Representatives after 2012 Congressional Elections,2,45.0,Jul/03/2010 12:27:43
639651,HOUSE.DEM.2012,The Democrats to control the House of Representatives after 2012 Congressional Elections,6,36.1,Aug/16/2010 02:34:00
639651,HOUSE.DEM.2012,The Democrats to control the House of Representatives after 2012 Congressional Elections,10,36.0,Aug/24/2010 22:44:17
639651,HOUSE.DEM.2012,The Democrats to control the House of Representatives after 2012 Congressional Elections,5,36.0,Aug/28/2010 22:52:32
639651,HOUSE.DEM.2012,The Democrats to control the House of Representatives after 2012 Congressional Elections,20,32.1,Oct/22/2010 13:51:25
639651,HOUSE.DEM.2012,The Democrats to control the House of Representatives after 2012 Congressional Elections,8,40.0,Nov/03/2010 03:31:17
639651,HOUSE.DEM.2012,The Democrats to control the House of Representatives after 2012 Congressional Elections,12,40.0,Nov/03/2010 03:31:52
639651,HOUSE.DEM.2012,The Democrats to control the House of Representatives after 2012 Congressional Elections,2,30.0,Nov/10/2010 19:54:03
639651,HOUSE.DEM.2012,The Democrats to control the House of Representatives after 2012 Congressional Elections,1,30.5,Nov/10/2010 19:54:03
639651,HOUSE.DEM.2012,The Democrats to control the House of Representatives after 2012 Congressional Elections,1,33.0,Nov/18/2010 19:21:44
639651,HOUSE.DEM.2012,The Democrats to control the House of Representatives after 2012 Congressional Elections,4,33.0,Nov/18/2010 20:25:07
639651,HOUSE.DEM.2012,The Democrats to control the House of Representatives after 2012 Congressional Elections,2,28.1,Nov/20/2010 22:09:34
639651,HOUSE.DEM.2012,The Democrats to control the House of Representatives after 2012 Congressional Elections,20,28.0,Nov/20/2010 22:09:49
639651,HOUSE.DEM.2012,The Democrats to control the House of Representatives after 2012 Congressional Elections,10,29.5,Jan/08/2011 02:04:23
639651,HOUSE.DEM.2012,The Democrats to control the House of Representatives after 2012 Congressional Elections,10,29.4,Jan/08/2011 02:04:23
639651,HOUSE.DEM.2012,The Democrats to control the House of Representatives after 2012 Congressional Elections,1,29.3,Jan/08/2011 02:04:23
639651,HOUSE.DEM.2012,The Democrats to control the House of Representatives after 2012 Congressional Elections,1,30.0,Jan/08/2011 02:04:27
639651,HOUSE.DEM.2012,The Democrats to control the House of Representatives after 2012 Congressional Elections,10,30.0,Jan/08/2011 02:04:32
639651,HOUSE.DEM.2012,The Democrats to control the House of Representatives after 2012 Congressional Elections,1,30.0,Jan/08/2011 02:04:37
639651,HOUSE.DEM.2012,The Democrats to control the House of Representatives after 2012 Congressional Elections,3,34.8,Jan/08/2011 02:06:03
639651,HOUSE.DEM.2012,The Democrats to control the House of Representatives after 2012 Congressional Elections,1,34.7,Jan/08/2011 02:06:03
639651,HOUSE.DEM.2012,The Democrats to control the House of Representatives after 2012 Congressional Elections,2,34.5,Jan/08/2011 02:06:03
639651,HOUSE.DEM.2012,The Democrats to control the House of Representatives after 2012 Congressional Elections,10,32.0,Jan/08/2011 02:06:03
639651,HOUSE.DEM.2012,The Democrats to control the House of Representatives after 2012 Congressional Elections,1,31.9,Jan/08/2011 02:06:03
639651,HOUSE.DEM.2012,The Democrats to control the House of Representatives after 2012 Congressional Elections,5,35.0,Jan/08/2011 02:24:55
639651,HOUSE.DEM.2012,The Democrats to control the House of Representatives after 2012 Congressional Elections,10,35.0,Jan/08/2011 02:40:26
639651,HOUSE.DEM.2012,The Democrats to control the House of Representatives after 2012 Congressional Elections,1,35.0,Jan/08/2011 02:40:32
639651,HOUSE.DEM.2012,The Democrats to control the House of Representatives after 2012 Congressional Elections,5,35.0,Jan/08/2011 02:40:36
639651,HOUSE.DEM.2012,The Democrats to control the House of Representatives after 2012 Congressional Elections,10,35.0,Jan/08/2011 02:40:42
639651,HOUSE.DEM.2012,The Democrats to control the House of Representatives after 2012 Congressional Elections,7,35.0,Jan/08/2011 02:40:48
639651,HOUSE.DEM.2012,The Democrats to control the House of Representatives after 2012 Congressional Elections,10,35.0,Jan/08/2011 02:40:53
639651,HOUSE.DEM.2012,The Democrats to control the House of Representatives after 2012 Congressional Elections,10,35.0,Jan/08/2011 03:15:45
639651,HOUSE.DEM.2012,The Democrats to control the House of Representatives after 2012 Congressional Elections,25,35.0,Jan/08/2011 04:13:57
639651,HOUSE.DEM.2012,The Democrats to control the House of Representatives after 2012 Congressional Elections,5,36.5,Jan/14/2011 20:59:41
639651,HOUSE.DEM.2012,The Democrats to control the House of Representatives after 2012 Congressional Elections,5,36.5,Jan/17/2011 02:30:51
639651,HOUSE.DEM.2012,The Democrats to control the House of Representatives after 2012 Congressional Elections,1,36.0,Jan/19/2011 19:11:56
639651,HOUSE.DEM.2012,The Democrats to control the House of Representatives after 2012 Congressional Elections,100,40.0,Jan/20/2011 02:20:55
639651,HOUSE.DEM.2012,The Democrats to control the House of Representatives after 2012 Congressional Elections,20,38.8,Jan/20/2011 02:20:55
639651,HOUSE.DEM.2012,The Democrats to control the House of Representatives after 2012 Congressional Elections,10,38.7,Jan/20/2011 02:20:55
639651,HOUSE.DEM.2012,The Democrats to control the House of Representatives after 2012 Congressional Elections,10,39.9,Jan/20/2011 02:20:55
639651,HOUSE.DEM.2012,The Democrats to control the House of Representatives after 2012 Congressional Elections,15,38.0,Jan/20/2011 02:20:55
639651,HOUSE.DEM.2012,The Democrats to control the House of Representatives after 2012 Congressional Elections,1,40.0,Jan/20/2011 02:20:58
639651,HOUSE.DEM.2012,The Democrats to control the House of Representatives after 2012 Congressional Elections,10,40.0,Jan/20/2011 02:21:06
639651,HOUSE.DEM.2012,The Democrats to control the House of Representatives after 2012 Congressional Elections,10,40.0,Jan/20/2011 02:21:11
639651,HOUSE.DEM.2012,The Democrats to control the House of Representatives after 2012 Congressional Elections,10,44.9,Jan/20/2011 02:23:19
639651,HOUSE.DEM.2012,The Democrats to control the House of Representatives after 2012 Congressional Elections,10,45.0,Jan/20/2011 02:24:17
639651,HOUSE.DEM.2012,The Democrats to control the House of Representatives after 2012 Congressional Elections,10,45.0,Jan/20/2011 02:24:22
639651,HOUSE.DEM.2012,The Democrats to control the House of Representatives after 2012 Congressional Elections,10,45.0,Jan/20/2011 02:24:27
639651,HOUSE.DEM.2012,The Democrats to control the House of Representatives after 2012 Congressional Elections,10,45.0,Jan/20/2011 02:24:32
639651,HOUSE.DEM.2012,The Democrats to control the House of Representatives after 2012 Congressional Elections,10,45.0,Jan/20/2011 02:24:37
639651,HOUSE.DEM.2012,The Democrats to control the House of Representatives after 2012 Congressional Elections,10,45.0,Jan/20/2011 02:24:42
639651,HOUSE.DEM.2012,The Democrats to control the House of Representatives after 2012 Congressional Elections,10,45.0,Jan/20/2011 02:24:47
639651,HOUSE.DEM.2012,The Democrats to control the House of Representatives after 2012 Congressional Elections,61,45.0,Jan/20/2011 02:25:11
639651,HOUSE.DEM.2012,The Democrats to control the House of Representatives after 2012 Congressional Elections,10,50.0,Jan/20/2011 02:27:33
639651,HOUSE.DEM.2012,The Democrats to control the House of Representatives after 2012 Congressional Elections,10,49.9,Jan/20/2011 02:27:33
639651,HOUSE.DEM.2012,The Democrats to control the House of Representatives after 2012 Congressional Elections,100,80.0,Jan/20/2011 02:53:27
639651,HOUSE.DEM.2012,The Democrats to control the House of Representatives after 2012 Congressional Elections,980,50.0,Jan/20/2011 18:32:35
639651,HOUSE.DEM.2012,The Democrats to control the House of Representatives after 2012 Congressional Elections,10,45.0,Jan/20/2011 22:44:54
639651,HOUSE.DEM.2012,The Democrats to control the House of Representatives after 2012 Congressional Elections,700,45.0,Jan/20/2011 22:45:58
639651,HOUSE.DEM.2012,The Democrats to control the House of Representatives after 2012 Congressional Elections,149,45.0,Jan/20/2011 22:46:18
639651,HOUSE.DEM.2012,The Democrats to control the House of Representatives after 2012 Congressional Elections,1,40.3,Jan/23/2011 09:27:40
639651,HOUSE.DEM.2012,The Democrats to control the House of Representatives after 2012 Congressional Elections,4,40.3,Jan/27/2011 20:30:27
639651,HOUSE.DEM.2012,The Democrats to control the House of Representatives after 2012 Congressional Elections,100,40.1,Jan/27/2011 20:30:45
639651,HOUSE.DEM.2012,The Democrats to control the House of Representatives after 2012 Congressional Elections,300,40.0,Feb/01/2011 05:51:34
639651,HOUSE.DEM.2012,The Democrats to control the House of Representatives after 2012 Congressional Elections,500,40.0,Feb/01/2011 08:08:54
639651,HOUSE.DEM.2012,The Democrats to control the House of Representatives after 2012 Congressional Elections,1,49.2,Feb/04/2011 03:57:45
639651,HOUSE.DEM.2012,The Democrats to control the House of Representatives after 2012 Congressional Elections,1,48.3,Feb/04/2011 03:57:45
639651,HOUSE.DEM.2012,The Democrats to control the House of Representatives after 2012 Congressional Elections,8,45.0,Feb/04/2011 03:57:45
639651,HOUSE.DEM.2012,The Democrats to control the House of Representatives after 2012 Congressional Elections,1,44.9,Feb/04/2011 03:57:45
639651,HOUSE.DEM.2012,The Democrats to control the House of Representatives after 2012 Congressional Elections,10,44.8,Feb/04/2011 03:57:45
639651,HOUSE.DEM.2012,The Democrats to control the House of Representatives after 2012 Congressional Elections,1,44.7,Feb/04/2011 03:57:45
639651,HOUSE.DEM.2012,The Democrats to control the House of Representatives after 2012 Congressional Elections,19,50.0,Feb/04/2011 03:57:45
639651,HOUSE.DEM.2012,The Democrats to control the House of Representatives after 2012 Congressional Elections,1,49.4,Feb/04/2011 03:57:45
639651,HOUSE.DEM.2012,The Democrats to control the House of Representatives after 2012 Congressional Elections,1,49.4,Feb/04/2011 03:57:45
639651,HOUSE.DEM.2012,The Democrats to control the House of Representatives after 2012 Congressional Elections,20,49.9,Feb/04/2011 03:57:45
639651,HOUSE.DEM.2012,The Democrats to control the House of Representatives after 2012 Congressional Elections,1,50.0,Feb/04/2011 03:57:47
639651,HOUSE.DEM.2012,The Democrats to control the House of Representatives after 2012 Congressional Elections,1,50.0,Feb/04/2011 03:57:48
639651,HOUSE.DEM.2012,The Democrats to control the House of Representatives after 2012 Congressional Elections,2,50.0,Feb/04/2011 03:57:50
639651,HOUSE.DEM.2012,The Democrats to control the House of Representatives after 2012 Congressional Elections,10,50.0,Feb/04/2011 03:57:50
639651,HOUSE.DEM.2012,The Democrats to control the House of Representatives after 2012 Congressional Elections,1,50.0,Feb/04/2011 03:59:01
639651,HOUSE.DEM.2012,The Democrats to control the House of Representatives after 2012 Congressional Elections,10,50.0,Feb/04/2011 03:59:02
639651,HOUSE.DEM.2012,The Democrats to control the House of Representatives after 2012 Congressional Elections,10,50.0,Feb/04/2011 03:59:04
639651,HOUSE.DEM.2012,The Democrats to control the House of Representatives after 2012 Congressional Elections,2,50.0,Feb/04/2011 03:59:05
639651,HOUSE.DEM.2012,The Democrats to control the House of Representatives after 2012 Congressional Elections,100,50.0,Feb/04/2011 06:40:46
639651,HOUSE.DEM.2012,The Democrats to control the House of Representatives after 2012 Congressional Elections,20,45.0,Feb/06/2011 02:44:37
639651,HOUSE.DEM.2012,The Democrats to control the House of Representatives after 2012 Congressional Elections,1,45.0,Feb/10/2011 18:15:17
639651,HOUSE.DEM.2012,The Democrats to control the House of Representatives after 2012 Congressional Elections,5,45.0,Feb/13/2011 16:14:41
639651,HOUSE.DEM.2012,The Democrats to control the House of Representatives after 2012 Congressional Elections,1,45.0,Feb/17/2011 02:22:56
639651,HOUSE.DEM.2012,The Democrats to control the House of Representatives after 2012 Congressional Elections,1,45.0,Feb/20/2011 02:56:37
639651,HOUSE.DEM.2012,The Democrats to control the House of Representatives after 2012 Congressional Elections,72,45.0,Feb/20/2011 05:57:17
639651,HOUSE.DEM.2012,The Democrats to control the House of Representatives after 2012 Congressional Elections,1,40.0,Feb/20/2011 05:58:05
639651,HOUSE.DEM.2012,The Democrats to control the House of Representatives after 2012 Congressional Elections,1,44.9,Feb/21/2011 21:58:47
639651,HOUSE.DEM.2012,The Democrats to control the House of Representatives after 2012 Congressional Elections,5,44.0,Feb/25/2011 01:10:16
639651,HOUSE.DEM.2012,The Democrats to control the House of Representatives after 2012 Congressional Elections,1,43.9,Feb/25/2011 01:10:16
639651,HOUSE.DEM.2012,The Democrats to control the House of Representatives after 2012 Congressional Elections,2,44.0,Feb/25/2011 01:10:16
639651,HOUSE.DEM.2012,The Democrats to control the House of Representatives after 2012 Congressional Elections,9,41.1,Feb/26/2011 15:20:52
639651,HOUSE.DEM.2012,The Democrats to control the House of Representatives after 2012 Congressional Elections,50,41.0,Feb/26/2011 16:19:10
639651,HOUSE.DEM.2012,The Democrats to control the House of Representatives after 2012 Congressional Elections,15,42.0,Mar/11/2011 17:03:27
639651,HOUSE.DEM.2012,The Democrats to control the House of Representatives after 2012 Congressional Elections,1,42.5,Mar/16/2011 17:29:43
639651,HOUSE.DEM.2012,The Democrats to control the House of Representatives after 2012 Congressional Elections,1,42.5,Mar/18/2011 11:37:16
639651,HOUSE.DEM.2012,The Democrats to control the House of Representatives after 2012 Congressional Elections,2,42.8,Apr/04/2011 11:28:50
639651,HOUSE.DEM.2012,The Democrats to control the House of Representatives after 2012 Congressional Elections,1,44.4,Apr/05/2011 21:10:19
639651,HOUSE.DEM.2012,The Democrats to control the House of Representatives after 2012 Congressional Elections,1,44.5,Apr/05/2011 21:10:24
639651,HOUSE.DEM.2012,The Democrats to control the House of Representatives after 2012 Congressional Elections,1,44.8,Apr/05/2011 21:12:07
639651,HOUSE.DEM.2012,The Democrats to control the House of Representatives after 2012 Congressional Elections,10,41.7,Apr/30/2011 15:39:42
639651,HOUSE.DEM.2012,The Democrats to control the House of Representatives after 2012 Congressional Elections,1,44.4,May/23/2011 19:57:10
639651,HOUSE.DEM.2012,The Democrats to control the House of Representatives after 2012 Congressional Elections,10,44.9,May/23/2011 21:18:18
639651,HOUSE.DEM.2012,The Democrats to control the House of Representatives after 2012 Congressional Elections,10,44.7,May/23/2011 21:18:18
639651,HOUSE.DEM.2012,The Democrats to control the House of Representatives after 2012 Congressional Elections,1,44.6,May/23/2011 21:18:18
639651,HOUSE.DEM.2012,The Democrats to control the House of Representatives after 2012 Congressional Elections,5,44.5,May/23/2011 21:18:18
639651,HOUSE.DEM.2012,The Democrats to control the House of Representatives after 2012 Congressional Elections,7,47.0,May/26/2011 20:51:58
639651,HOUSE.DEM.2012,The Democrats to control the House of Representatives after 2012 Congressional Elections,1,47.0,May/27/2011 00:24:41
639651,HOUSE.DEM.2012,The Democrats to control the House of Representatives after 2012 Congressional Elections,1,47.0,May/27/2011 21:33:36
639651,HOUSE.DEM.2012,The Democrats to control the House of Representatives after 2012 Congressional Elections,1,47.0,May/29/2011 08:46:31
639651,HOUSE.DEM.2012,The Democrats to control the House of Representatives after 2012 Congressional Elections,6,47.0,Jun/01/2011 14:07:59
639651,HOUSE.DEM.2012,The Democrats to control the House of Representatives after 2012 Congressional Elections,1,45.2,Jun/03/2011 20:52:29
639651,HOUSE.DEM.2012,The Democrats to control the House of Representatives after 2012 Congressional Elections,2,45.0,Jun/06/2011 01:11:34
639651,HOUSE.DEM.2012,The Democrats to control the House of Representatives after 2012 Congressional Elections,2,43.2,Jun/08/2011 20:12:26
639651,HOUSE.DEM.2012,The Democrats to control the House of Representatives after 2012 Congressional Elections,1,45.7,Jun/12/2011 07:33:59
639651,HOUSE.DEM.2012,The Democrats to control the House of Representatives after 2012 Congressional Elections,20,45.9,Jun/12/2011 07:34:11
639651,HOUSE.DEM.2012,The Democrats to control the House of Representatives after 2012 Congressional Elections,2,45.8,Jun/12/2011 07:34:11
639651,HOUSE.DEM.2012,The Democrats to control the House of Representatives after 2012 Congressional Elections,100,43.0,Jun/14/2011 16:04:16
639651,HOUSE.DEM.2012,The Democrats to control the House of Representatives after 2012 Congressional Elections,1,43.1,Jun/14/2011 16:04:16
639651,HOUSE.DEM.2012,The Democrats to control the House of Representatives after 2012 Congressional Elections,1,41.7,Jun/20/2011 00:04:24
639651,HOUSE.DEM.2012,The Democrats to control the House of Representatives after 2012 Congressional Elections,99,40.0,Jun/22/2011 14:28:58
639651,HOUSE.DEM.2012,The Democrats to control the House of Representatives after 2012 Congressional Elections,15,41.5,Jun/22/2011 14:28:58
639651,HOUSE.DEM.2012,The Democrats to control the House of Representatives after 2012 Congressional Elections,100,35.1,Jun/23/2011 20:19:11
639651,HOUSE.DEM.2012,The Democrats to control the House of Representatives after 2012 Congressional Elections,1,37.8,Jun/30/2011 04:23:11
639651,HOUSE.DEM.2012,The Democrats to control the House of Representatives after 2012 Congressional Elections,20,38.0,Jun/30/2011 04:24:38
639651,HOUSE.DEM.2012,The Democrats to control the House of Representatives after 2012 Congressional Elections,10,37.9,Jun/30/2011 04:24:38
639651,HOUSE.DEM.2012,The Democrats to control the House of Representatives after 2012 Congressional Elections,1,37.8,Jul/05/2011 01:52:48
639651,HOUSE.DEM.2012,The Democrats to control the House of Representatives after 2012 Congressional Elections,1,37.8,Jul/05/2011 01:52:48
639651,HOUSE.DEM.2012,The Democrats to control the House of Representatives after 2012 Congressional Elections,1,37.8,Jul/05/2011 08:25:39
639651,HOUSE.DEM.2012,The Democrats to control the House of Representatives after 2012 Congressional Elections,20,38.0,Jul/07/2011 08:10:18
639651,HOUSE.DEM.2012,The Democrats to control the House of Representatives after 2012 Congressional Elections,1,38.4,Jul/11/2011 20:21:37
639651,HOUSE.DEM.2012,The Democrats to control the House of Representatives after 2012 Congressional Elections,1,38.5,Jul/11/2011 20:22:06
639651,HOUSE.DEM.2012,The Democrats to control the House of Representatives after 2012 Congressional Elections,4,38.5,Jul/11/2011 20:33:20
639651,HOUSE.DEM.2012,The Democrats to control the House of Representatives after 2012 Congressional Elections,30,38.6,Jul/13/2011 03:35:23
639651,HOUSE.DEM.2012,The Democrats to control the House of Representatives after 2012 Congressional Elections,2,38.6,Jul/18/2011 12:44:48
639651,HOUSE.DEM.2012,The Democrats to control the House of Representatives after 2012 Congressional Elections,2,38.0,Jul/19/2011 12:10:38
639651,HOUSE.DEM.2012,The Democrats to control the House of Representatives after 2012 Congressional Elections,2,38.0,Jul/19/2011 12:12:11
639651,HOUSE.DEM.2012,The Democrats to control the House of Representatives after 2012 Congressional Elections,2,38.0,Jul/19/2011 12:14:04
639651,HOUSE.DEM.2012,The Democrats to control the House of Representatives after 2012 Congressional Elections,2,38.0,Jul/19/2011 12:59:00
639651,HOUSE.DEM.2012,The Democrats to control the House of Representatives after 2012 Congressional Elections,2,38.0,Jul/19/2011 18:25:08
639651,HOUSE.DEM.2012,The Democrats to control the House of Representatives after 2012 Congressional Elections,7,37.8,Jul/19/2011 18:25:08
639651,HOUSE.DEM.2012,The Democrats to control the House of Representatives after 2012 Congressional Elections,1,37.8,Jul/19/2011 22:14:42
639651,HOUSE.DEM.2012,The Democrats to control the House of Representatives after 2012 Congressional Elections,1,37.8,Jul/19/2011 22:18:15
639651,HOUSE.DEM.2012,The Democrats to control the House of Representatives after 2012 Congressional Elections,1,38.0,Jul/21/2011 21:20:22
639651,HOUSE.DEM.2012,The Democrats to control the House of Representatives after 2012 Congressional Elections,1,38.0,Jul/21/2011 21:26:10
639651,HOUSE.DEM.2012,The Democrats to control the House of Representatives after 2012 Congressional Elections,2,38.0,Jul/21/2011 21:26:57
639651,HOUSE.DEM.2012,The Democrats to control the House of Representatives after 2012 Congressional Elections,3,37.8,Jul/22/2011 02:47:25
639651,HOUSE.DEM.2012,The Democrats to control the House of Representatives after 2012 Congressional Elections,6,38.0,Jul/22/2011 02:47:25
639651,HOUSE.DEM.2012,The Democrats to control the House of Representatives after 2012 Congressional Elections,100,35.0,Jul/22/2011 02:48:39
639651,HOUSE.DEM.2012,The Democrats to control the House of Representatives after 2012 Congressional Elections,100,30.1,Jul/22/2011 02:48:39
639651,HOUSE.DEM.2012,The Democrats to control the House of Representatives after 2012 Congressional Elections,1,35.2,Jul/22/2011 02:48:39
639651,HOUSE.DEM.2012,The Democrats to control the House of Representatives after 2012 Congressional Elections,100,30.0,Jul/22/2011 03:04:42
639651,HOUSE.DEM.2012,The Democrats to control the House of Representatives after 2012 Congressional Elections,30,30.1,Jul/22/2011 03:04:48
639651,HOUSE.DEM.2012,The Democrats to control the House of Representatives after 2012 Congressional Elections,1,32.0,Jul/24/2011 04:13:34
639651,HOUSE.DEM.2012,The Democrats to control the House of Representatives after 2012 Congressional Elections,2,33.5,Jul/27/2011 20:03:27
639651,HOUSE.DEM.2012,The Democrats to control the House of Representatives after 2012 Congressional Elections,1,35.7,Jul/29/2011 11:29:06
639651,HOUSE.DEM.2012,The Democrats to control the House of Representatives after 2012 Congressional Elections,1,35.6,Jul/29/2011 11:29:06
639651,HOUSE.DEM.2012,The Democrats to control the House of Representatives after 2012 Congressional Elections,1,35.5,Jul/29/2011 11:29:06
639651,HOUSE.DEM.2012,The Democrats to control the House of Representatives after 2012 Congressional Elections,1,35.7,Jul/29/2011 19:09:06
639651,HOUSE.DEM.2012,The Democrats to control the House of Representatives after 2012 Congressional Elections,1,35.7,Jul/29/2011 19:09:08
639651,HOUSE.DEM.2012,The Democrats to control the House of Representatives after 2012 Congressional Elections,3,35.7,Jul/29/2011 20:28:32
639651,HOUSE.DEM.2012,The Democrats to control the House of Representatives after 2012 Congressional Elections,5,35.6,Aug/02/2011 16:46:28
639651,HOUSE.DEM.2012,The Democrats to control the House of Representatives after 2012 Congressional Elections,1,32.1,Aug/03/2011 22:16:53
639651,HOUSE.DEM.2012,The Democrats to control the House of Representatives after 2012 Congressional Elections,10,33.9,Aug/05/2011 06:32:37
639651,HOUSE.DEM.2012,The Democrats to control the House of Representatives after 2012 Congressional Elections,1,33.8,Aug/05/2011 06:32:37
639651,HOUSE.DEM.2012,The Democrats to control the House of Representatives after 2012 Congressional Elections,1,33.7,Aug/05/2011 06:32:37
639651,HOUSE.DEM.2012,The Democrats to control the House of Representatives after 2012 Congressional Elections,1,34.4,Aug/05/2011 21:33:24
639651,HOUSE.DEM.2012,The Democrats to control the House of Representatives after 2012 Congressional Elections,4,34.4,Aug/05/2011 21:33:24
639651,HOUSE.DEM.2012,The Democrats to control the House of Representatives after 2012 Congressional Elections,7,34.4,Aug/05/2011 22:56:45
639651,HOUSE.DEM.2012,The Democrats to control the House of Representatives after 2012 Congressional Elections,3,34.4,Aug/05/2011 22:56:45
639651,HOUSE.DEM.2012,The Democrats to control the House of Representatives after 2012 Congressional Elections,12,34.5,Aug/08/2011 03:42:20
639651,HOUSE.DEM.2012,The Democrats to control the House of Representatives after 2012 Congressional Elections,1,34.4,Aug/08/2011 03:42:20
639651,HOUSE.DEM.2012,The Democrats to control the House of Representatives after 2012 Congressional Elections,10,34.4,Aug/08/2011 03:42:20
639651,HOUSE.DEM.2012,The Democrats to control the House of Representatives after 2012 Congressional Elections,1,34.3,Aug/08/2011 03:42:20
639651,HOUSE.DEM.2012,The Democrats to control the House of Representatives after 2012 Congressional Elections,1,34.2,Aug/08/2011 03:42:20
639651,HOUSE.DEM.2012,The Democrats to control the House of Representatives after 2012 Congressional Elections,1,35.5,Aug/08/2011 04:33:32
639651,HOUSE.DEM.2012,The Democrats to control the House of Representatives after 2012 Congressional Elections,1,35.7,Aug/08/2011 04:33:32
639651,HOUSE.DEM.2012,The Democrats to control the House of Representatives after 2012 Congressional Elections,10,35.7,Aug/08/2011 04:33:32
639651,HOUSE.DEM.2012,The Democrats to control the House of Representatives after 2012 Congressional Elections,6,35.6,Aug/08/2011 04:33:32
639651,HOUSE.DEM.2012,The Democrats to control the House of Representatives after 2012 Congressional Elections,5,35.6,Aug/08/2011 04:33:32
639651,HOUSE.DEM.2012,The Democrats to control the House of Representatives after 2012 Congressional Elections,1,34.2,Aug/08/2011 22:32:00
639651,HOUSE.DEM.2012,The Democrats to control the House of Representatives after 2012 Congressional Elections,1,34.1,Aug/08/2011 22:33:10
639651,HOUSE.DEM.2012,The Democrats to control the House of Representatives after 2012 Congressional Elections,9,34.2,Aug/08/2011 22:33:10
639651,HOUSE.DEM.2012,The Democrats to control the House of Representatives after 2012 Congressional Elections,7,34.0,Aug/12/2011 05:18:41
639651,HOUSE.DEM.2012,The Democrats to control the House of Representatives after 2012 Congressional Elections,10,33.0,Aug/12/2011 15:41:48
639651,HOUSE.DEM.2012,The Democrats to control the House of Representatives after 2012 Congressional Elections,1,35.3,Aug/12/2011 16:15:28
639651,HOUSE.DEM.2012,The Democrats to control the House of Representatives after 2012 Congressional Elections,1,35.3,Aug/12/2011 16:15:32
639651,HOUSE.DEM.2012,The Democrats to control the House of Representatives after 2012 Congressional Elections,1,35.4,Aug/12/2011 17:33:32
639651,HOUSE.DEM.2012,The Democrats to control the House of Representatives after 2012 Congressional Elections,3,35.5,Aug/12/2011 19:35:16
639651,HOUSE.DEM.2012,The Democrats to control the House of Representatives after 2012 Congressional Elections,1,35.4,Aug/12/2011 19:35:16
639651,HOUSE.DEM.2012,The Democrats to control the House of Representatives after 2012 Congressional Elections,1,35.5,Aug/12/2011 23:54:42
639651,HOUSE.DEM.2012,The Democrats to control the House of Representatives after 2012 Congressional Elections,6,35.5,Aug/13/2011 04:22:53
639651,HOUSE.DEM.2012,The Democrats to control the House of Representatives after 2012 Congressional Elections,1,35.4,Aug/13/2011 04:22:53
639651,HOUSE.DEM.2012,The Democrats to control the House of Representatives after 2012 Congressional Elections,1,37.8,Aug/13/2011 04:23:56
639651,HOUSE.DEM.2012,The Democrats to control the House of Representatives after 2012 Congressional Elections,1,36.5,Aug/13/2011 04:23:56
639651,HOUSE.DEM.2012,The Democrats to control the House of Representatives after 2012 Congressional Elections,4,36.6,Aug/13/2011 04:23:56
639651,HOUSE.DEM.2012,The Democrats to control the House of Representatives after 2012 Congressional Elections,1,36.3,Aug/13/2011 04:23:56
639651,HOUSE.DEM.2012,The Democrats to control the House of Representatives after 2012 Congressional Elections,1,35.8,Aug/13/2011 04:23:56
639651,HOUSE.DEM.2012,The Democrats to control the House of Representatives after 2012 Congressional Elections,1,35.6,Aug/13/2011 04:23:56
639651,HOUSE.DEM.2012,The Democrats to control the House of Representatives after 2012 Congressional Elections,5,38.9,Aug/19/2011 05:50:48
639651,HOUSE.DEM.2012,The Democrats to control the House of Representatives after 2012 Congressional Elections,1,38.8,Aug/19/2011 05:50:48
639651,HOUSE.DEM.2012,The Democrats to control the House of Representatives after 2012 Congressional Elections,1,38.7,Aug/19/2011 05:50:48
639651,HOUSE.DEM.2012,The Democrats to control the House of Representatives after 2012 Congressional Elections,1,34.3,Aug/19/2011 13:03:33
639651,HOUSE.DEM.2012,The Democrats to control the House of Representatives after 2012 Congressional Elections,4,34.3,Aug/19/2011 18:32:16
639651,HOUSE.DEM.2012,The Democrats to control the House of Representatives after 2012 Congressional Elections,9,38.9,Aug/19/2011 20:50:15
639651,HOUSE.DEM.2012,The Democrats to control the House of Representatives after 2012 Congressional Elections,1,38.8,Aug/19/2011 20:50:15
639651,HOUSE.DEM.2012,The Democrats to control the House of Representatives after 2012 Congressional Elections,1,38.9,Aug/19/2011 21:18:27
639651,HOUSE.DEM.2012,The Democrats to control the House of Representatives after 2012 Congressional Elections,1,38.6,Aug/22/2011 08:56:22
639651,HOUSE.DEM.2012,The Democrats to control the House of Representatives after 2012 Congressional Elections,1,38.7,Aug/22/2011 08:56:27
639651,HOUSE.DEM.2012,The Democrats to control the House of Representatives after 2012 Congressional Elections,1,38.8,Aug/22/2011 08:56:32
639651,HOUSE.DEM.2012,The Democrats to control the House of Representatives after 2012 Congressional Elections,1,38.5,Aug/23/2011 04:51:01
639651,HOUSE.DEM.2012,The Democrats to control the House of Representatives after 2012 Congressional Elections,1,38.3,Aug/24/2011 00:57:56
639651,HOUSE.DEM.2012,The Democrats to control the House of Representatives after 2012 Congressional Elections,1,38.4,Aug/24/2011 00:58:05
639651,HOUSE.DEM.2012,The Democrats to control the House of Representatives after 2012 Congressional Elections,1,38.5,Aug/24/2011 00:58:11
639651,HOUSE.DEM.2012,The Democrats to control the House of Representatives after 2012 Congressional Elections,4,37.0,Aug/27/2011 12:52:15
639651,HOUSE.DEM.2012,The Democrats to control the House of Representatives after 2012 Congressional Elections,10,36.9,Aug/27/2011 12:52:15
639651,HOUSE.DEM.2012,The Democrats to control the House of Representatives after 2012 Congressional Elections,1,36.8,Aug/27/2011 12:52:15
639651,HOUSE.DEM.2012,The Democrats to control the House of Representatives after 2012 Congressional Elections,1,36.9,Aug/31/2011 15:00:18
639651,HOUSE.DEM.2012,The Democrats to control the House of Representatives after 2012 Congressional Elections,1,36.9,Aug/31/2011 15:00:18
639651,HOUSE.DEM.2012,The Democrats to control the House of Representatives after 2012 Congressional Elections,6,37.0,Aug/31/2011 15:00:29
639651,HOUSE.DEM.2012,The Democrats to control the House of Representatives after 2012 Congressional Elections,1,34.2,Sep/04/2011 23:47:14
639651,HOUSE.DEM.2012,The Democrats to control the House of Representatives after 2012 Congressional Elections,1,34.2,Sep/04/2011 23:47:14
639651,HOUSE.DEM.2012,The Democrats to control the House of Representatives after 2012 Congressional Elections,20,34.0,Sep/09/2011 14:21:52
639651,HOUSE.DEM.2012,The Democrats to control the House of Representatives after 2012 Congressional Elections,20,34.0,Sep/09/2011 22:31:15
639651,HOUSE.DEM.2012,The Democrats to control the House of Representatives after 2012 Congressional Elections,60,34.0,Sep/09/2011 23:22:15
639651,HOUSE.DEM.2012,The Democrats to control the House of Representatives after 2012 Congressional Elections,1,33.1,Sep/10/2011 17:50:11
639651,HOUSE.DEM.2012,The Democrats to control the House of Representatives after 2012 Congressional Elections,10,33.0,Sep/10/2011 17:51:01
639651,HOUSE.DEM.2012,The Democrats to control the House of Representatives after 2012 Congressional Elections,1,32.6,Sep/14/2011 15:17:48
639651,HOUSE.DEM.2012,The Democrats to control the House of Representatives after 2012 Congressional Elections,1,32.5,Sep/14/2011 15:17:48
639651,HOUSE.DEM.2012,The Democrats to control the House of Representatives after 2012 Congressional Elections,9,32.5,Sep/15/2011 11:15:23
639651,HOUSE.DEM.2012,The Democrats to control the House of Representatives after 2012 Congressional Elections,1,31.2,Sep/15/2011 11:15:33
639651,HOUSE.DEM.2012,The Democrats to control the House of Representatives after 2012 Congressional Elections,1,31.3,Sep/15/2011 11:15:33
639651,HOUSE.DEM.2012,The Democrats to control the House of Representatives after 2012 Congressional Elections,1,29.9,Sep/21/2011 21:27:11
639651,HOUSE.DEM.2012,The Democrats to control the House of Representatives after 2012 Congressional Elections,1,29.9,Sep/21/2011 21:27:11
639651,HOUSE.DEM.2012,The Democrats to control the House of Representatives after 2012 Congressional Elections,1,30.0,Sep/23/2011 04:51:32
639651,HOUSE.DEM.2012,The Democrats to control the House of Representatives after 2012 Congressional Elections,1,29.9,Sep/23/2011 14:52:35
639651,HOUSE.DEM.2012,The Democrats to control the House of Representatives after 2012 Congressional Elections,1,29.9,Sep/23/2011 14:52:35
639651,HOUSE.DEM.2012,The Democrats to control the House of Representatives after 2012 Congressional Elections,4,30.0,Sep/25/2011 02:04:50
639651,HOUSE.DEM.2012,The Democrats to control the House of Representatives after 2012 Congressional Elections,1,30.0,Sep/25/2011 02:04:50
639651,HOUSE.DEM.2012,The Democrats to control the House of Representatives after 2012 Congressional Elections,2,30.2,Sep/25/2011 02:04:56
639651,HOUSE.DEM.2012,The Democrats to control the House of Representatives after 2012 Congressional Elections,5,35.5,Sep/25/2011 02:37:06
639651,HOUSE.DEM.2012,The Democrats to control the House of Representatives after 2012 Congressional Elections,1,35.5,Sep/25/2011 02:37:06
639651,HOUSE.DEM.2012,The Democrats to control the House of Representatives after 2012 Congressional Elections,1,38.9,Sep/25/2011 02:37:13
639651,HOUSE.DEM.2012,The Democrats to control the House of Representatives after 2012 Congressional Elections,1,39.0,Sep/25/2011 02:37:30
639651,HOUSE.DEM.2012,The Democrats to control the House of Representatives after 2012 Congressional Elections,1,39.0,Sep/25/2011 02:37:30
639651,HOUSE.DEM.2012,The Democrats to control the House of Representatives after 2012 Congressional Elections,4,39.7,Sep/25/2011 02:37:46
639651,HOUSE.DEM.2012,The Democrats to control the House of Representatives after 2012 Congressional Elections,10,27.1,Sep/26/2011 15:07:00
639651,HOUSE.DEM.2012,The Democrats to control the House of Representatives after 2012 Congressional Elections,1,27.2,Sep/26/2011 15:07:00
639651,HOUSE.DEM.2012,The Democrats to control the House of Representatives after 2012 Congressional Elections,1,27.3,Sep/26/2011 15:07:00
639651,HOUSE.DEM.2012,The Democrats to control the House of Representatives after 2012 Congressional Elections,1,27.5,Sep/26/2011 15:07:00
639651,HOUSE.DEM.2012,The Democrats to control the House of Representatives after 2012 Congressional Elections,5,27.6,Sep/26/2011 15:07:00
639651,HOUSE.DEM.2012,The Democrats to control the House of Representatives after 2012 Congressional Elections,5,27.7,Sep/26/2011 15:07:00
639651,HOUSE.DEM.2012,The Democrats to control the House of Representatives after 2012 Congressional Elections,10,27.0,Sep/26/2011 15:07:00
639651,HOUSE.DEM.2012,The Democrats to control the House of Representatives after 2012 Congressional Elections,1,26.1,Sep/26/2011 15:07:00
639651,HOUSE.DEM.2012,The Democrats to control the House of Representatives after 2012 Congressional Elections,100,25.0,Sep/26/2011 15:07:00
639651,HOUSE.DEM.2012,The Democrats to control the House of Representatives after 2012 Congressional Elections,50,25.1,Sep/26/2011 15:07:00
639651,HOUSE.DEM.2012,The Democrats to control the House of Representatives after 2012 Congressional Elections,1,25.2,Sep/26/2011 15:07:00
639651,HOUSE.DEM.2012,The Democrats to control the House of Representatives after 2012 Congressional Elections,1,26.0,Sep/26/2011 15:07:00
639651,HOUSE.DEM.2012,The Democrats to control the House of Representatives after 2012 Congressional Elections,1,25.3,Sep/26/2011 15:07:00
639651,HOUSE.DEM.2012,The Democrats to control the House of Representatives after 2012 Congressional Elections,10,25.0,Sep/28/2011 23:54:06
639651,HOUSE.DEM.2012,The Democrats to control the House of Representatives after 2012 Congressional Elections,1,25.1,Sep/28/2011 23:54:06
639651,HOUSE.DEM.2012,The Democrats to control the House of Representatives after 2012 Congressional Elections,19,25.1,Sep/28/2011 23:54:06
639651,HOUSE.DEM.2012,The Democrats to control the House of Representatives after 2012 Congressional Elections,1,25.7,Sep/28/2011 23:54:06
639651,HOUSE.DEM.2012,The Democrats to control the House of Representatives after 2012 Congressional Elections,10,25.2,Sep/28/2011 23:54:06
639651,HOUSE.DEM.2012,The Democrats to control the House of Representatives after 2012 Congressional Elections,25,25.0,Sep/29/2011 01:39:09
639651,HOUSE.DEM.2012,The Democrats to control the House of Representatives after 2012 Congressional Elections,1,25.0,Sep/29/2011 01:39:09
639651,HOUSE.DEM.2012,The Democrats to control the House of Representatives after 2012 Congressional Elections,5,28.4,Oct/03/2011 20:29:17
639651,HOUSE.DEM.2012,The Democrats to control the House of Representatives after 2012 Congressional Elections,5,28.4,Oct/03/2011 20:29:21
639651,HOUSE.DEM.2012,The Democrats to control the House of Representatives after 2012 Congressional Elections,5,28.1,Oct/08/2011 01:57:47
639651,HOUSE.DEM.2012,The Democrats to control the House of Representatives after 2012 Congressional Elections,1,28.1,Oct/08/2011 01:57:47
639651,HOUSE.DEM.2012,The Democrats to control the House of Representatives after 2012 Congressional Elections,10,28.0,Oct/12/2011 19:29:45
639651,HOUSE.DEM.2012,The Democrats to control the House of Representatives after 2012 Congressional Elections,1,28.0,Oct/12/2011 19:29:45
639651,HOUSE.DEM.2012,The Democrats to control the House of Representatives after 2012 Congressional Elections,1,27.5,Oct/12/2011 23:20:50
639651,HOUSE.DEM.2012,The Democrats to control the House of Representatives after 2012 Congressional Elections,1,28.1,Oct/13/2011 14:13:18
639651,HOUSE.DEM.2012,The Democrats to control the House of Representatives after 2012 Congressional Elections,1,28.1,Oct/13/2011 14:13:18
639651,HOUSE.DEM.2012,The Democrats to control the House of Representatives after 2012 Congressional Elections,2,27.5,Oct/14/2011 09:50:48
639651,HOUSE.DEM.2012,The Democrats to control the House of Representatives after 2012 Congressional Elections,47,27.5,Oct/14/2011 13:06:59
639651,HOUSE.DEM.2012,The Democrats to control the House of Representatives after 2012 Congressional Elections,50,26.5,Oct/17/2011 14:15:39
639651,HOUSE.DEM.2012,The Democrats to control the House of Representatives after 2012 Congressional Elections,1,28.6,Oct/17/2011 20:37:55
639651,HOUSE.DEM.2012,The Democrats to control the House of Representatives after 2012 Congressional Elections,1,28.6,Oct/17/2011 20:37:55
639651,HOUSE.DEM.2012,The Democrats to control the House of Representatives after 2012 Congressional Elections,1,28.5,Oct/19/2011 03:38:33
639651,HOUSE.DEM.2012,The Democrats to control the House of Representatives after 2012 Congressional Elections,1,28.5,Oct/19/2011 03:38:33
639651,HOUSE.DEM.2012,The Democrats to control the House of Representatives after 2012 Congressional Elections,1,28.7,Oct/19/2011 03:39:39
639651,HOUSE.DEM.2012,The Democrats to control the House of Representatives after 2012 Congressional Elections,10,28.9,Oct/22/2011 01:09:11
639651,HOUSE.DEM.2012,The Democrats to control the House of Representatives after 2012 Congressional Elections,1,28.5,Oct/22/2011 17:34:55
639651,HOUSE.DEM.2012,The Democrats to control the House of Representatives after 2012 Congressional Elections,1,28.5,Oct/22/2011 17:34:55
639651,HOUSE.DEM.2012,The Democrats to control the House of Representatives after 2012 Congressional Elections,1,28.8,Oct/22/2011 21:48:42
639651,HOUSE.DEM.2012,The Democrats to control the House of Representatives after 2012 Congressional Elections,1,28.8,Oct/22/2011 21:48:42
639651,HOUSE.DEM.2012,The Democrats to control the House of Representatives after 2012 Congressional Elections,1,28.8,Oct/22/2011 21:48:42
639651,HOUSE.DEM.2012,The Democrats to control the House of Representatives after 2012 Congressional Elections,1,28.8,Oct/23/2011 13:33:10
639651,HOUSE.DEM.2012,The Democrats to control the House of Representatives after 2012 Congressional Elections,1,28.8,Oct/23/2011 13:33:10
639651,HOUSE.DEM.2012,The Democrats to control the House of Representatives after 2012 Congressional Elections,4,28.9,Oct/23/2011 20:36:52
639651,HOUSE.DEM.2012,The Democrats to control the House of Representatives after 2012 Congressional Elections,1,27.6,Oct/25/2011 20:03:13
639651,HOUSE.DEM.2012,The Democrats to control the House of Representatives after 2012 Congressional Elections,1,28.6,Oct/27/2011 20:21:23
639651,HOUSE.DEM.2012,The Democrats to control the House of Representatives after 2012 Congressional Elections,1,28.6,Oct/27/2011 20:21:23
639651,HOUSE.DEM.2012,The Democrats to control the House of Representatives after 2012 Congressional Elections,1,28.7,Oct/27/2011 20:21:34
639651,HOUSE.DEM.2012,The Democrats to control the House of Representatives after 2012 Congressional Elections,6,28.9,Oct/27/2011 20:21:52
639651,HOUSE.DEM.2012,The Democrats to control the House of Representatives after 2012 Congressional Elections,4,28.9,Oct/27/2011 20:21:52
639651,HOUSE.DEM.2012,The Democrats to control the House of Representatives after 2012 Congressional Elections,5,29.0,Oct/27/2011 20:22:08
639651,HOUSE.DEM.2012,The Democrats to control the House of Representatives after 2012 Congressional Elections,1,28.7,Oct/27/2011 22:04:01
639651,HOUSE.DEM.2012,The Democrats to control the House of Representatives after 2012 Congressional Elections,1,26.7,Nov/01/2011 08:58:24
639651,HOUSE.DEM.2012,The Democrats to control the House of Representatives after 2012 Congressional Elections,5,26.7,Nov/02/2011 08:54:20
639651,HOUSE.DEM.2012,The Democrats to control the House of Representatives after 2012 Congressional Elections,10,26.1,Nov/03/2011 04:06:05
639651,HOUSE.DEM.2012,The Democrats to control the House of Representatives after 2012 Congressional Elections,8,28.0,Nov/03/2011 13:23:27
639651,HOUSE.DEM.2012,The Democrats to control the House of Representatives after 2012 Congressional Elections,1,27.9,Nov/03/2011 13:23:27
639651,HOUSE.DEM.2012,The Democrats to control the House of Representatives after 2012 Congressional Elections,1,27.9,Nov/03/2011 13:23:27
639651,HOUSE.DEM.2012,The Democrats to control the House of Representatives after 2012 Congressional Elections,1,27.9,Nov/05/2011 01:07:29
639651,HOUSE.DEM.2012,The Democrats to control the House of Representatives after 2012 Congressional Elections,1,27.9,Nov/05/2011 01:07:29
639651,HOUSE.DEM.2012,The Democrats to control the House of Representatives after 2012 Congressional Elections,1,27.9,Nov/05/2011 18:28:47
639651,HOUSE.DEM.2012,The Democrats to control the House of Representatives after 2012 Congressional Elections,1,27.9,Nov/05/2011 18:28:47
639651,HOUSE.DEM.2012,The Democrats to control the House of Representatives after 2012 Congressional Elections,1,27.8,Nov/12/2011 07:17:53
639651,HOUSE.DEM.2012,The Democrats to control the House of Representatives after 2012 Congressional Elections,1,27.8,Nov/12/2011 07:19:02
639651,HOUSE.DEM.2012,The Democrats to control the House of Representatives after 2012 Congressional Elections,10,26.9,Nov/12/2011 13:52:35
639651,HOUSE.DEM.2012,The Democrats to control the House of Representatives after 2012 Congressional Elections,5,26.8,Nov/13/2011 15:21:46
639651,HOUSE.DEM.2012,The Democrats to control the House of Representatives after 2012 Congressional Elections,1,25.5,Nov/14/2011 18:26:56
639651,HOUSE.DEM.2012,The Democrats to control the House of Representatives after 2012 Congressional Elections,5,26.0,Nov/14/2011 18:26:56
639651,HOUSE.DEM.2012,The Democrats to control the House of Representatives after 2012 Congressional Elections,1,26.1,Nov/14/2011 18:26:56
639651,HOUSE.DEM.2012,The Democrats to control the House of Representatives after 2012 Congressional Elections,2,28.0,Nov/17/2011 00:11:06
639651,HOUSE.DEM.2012,The Democrats to control the House of Representatives after 2012 Congressional Elections,1,27.9,Nov/17/2011 00:11:06
639651,HOUSE.DEM.2012,The Democrats to control the House of Representatives after 2012 Congressional Elections,1,27.9,Nov/17/2011 00:11:06
639651,HOUSE.DEM.2012,The Democrats to control the House of Representatives after 2012 Congressional Elections,1,27.0,Nov/17/2011 00:11:06
639651,HOUSE.DEM.2012,The Democrats to control the House of Representatives after 2012 Congressional Elections,1,26.9,Nov/17/2011 00:11:06
639651,HOUSE.DEM.2012,The Democrats to control the House of Representatives after 2012 Congressional Elections,2,26.7,Nov/17/2011 00:11:06
639651,HOUSE.DEM.2012,The Democrats to control the House of Representatives after 2012 Congressional Elections,1,26.6,Nov/17/2011 00:11:06
639651,HOUSE.DEM.2012,The Democrats to control the House of Representatives after 2012 Congressional Elections,1,26.6,Nov/17/2011 00:11:06
639651,HOUSE.DEM.2012,The Democrats to control the House of Representatives after 2012 Congressional Elections,2,26.5,Nov/19/2011 04:47:32
639651,HOUSE.DEM.2012,The Democrats to control the House of Representatives after 2012 Congressional Elections,3,26.5,Nov/19/2011 06:21:49
639651,HOUSE.DEM.2012,The Democrats to control the House of Representatives after 2012 Congressional Elections,2,26.5,Nov/19/2011 06:45:39
639651,HOUSE.DEM.2012,The Democrats to control the House of Representatives after 2012 Congressional Elections,1,27.0,Nov/19/2011 14:50:40
639651,HOUSE.DEM.2012,The Democrats to control the House of Representatives after 2012 Congressional Elections,1,27.0,Nov/19/2011 14:50:40
639651,HOUSE.DEM.2012,The Democrats to control the House of Representatives after 2012 Congressional Elections,2,27.8,Nov/19/2011 22:16:49
639651,HOUSE.DEM.2012,The Democrats to control the House of Representatives after 2012 Congressional Elections,1,27.8,Nov/19/2011 22:16:49
639651,HOUSE.DEM.2012,The Democrats to control the House of Representatives after 2012 Congressional Elections,15,27.0,Nov/20/2011 02:18:06
639651,HOUSE.DEM.2012,The Democrats to control the House of Representatives after 2012 Congressional Elections,1,25.2,Nov/20/2011 17:52:21
639651,HOUSE.DEM.2012,The Democrats to control the House of Representatives after 2012 Congressional Elections,1,26.6,Nov/20/2011 17:52:21
639651,HOUSE.DEM.2012,The Democrats to control the House of Representatives after 2012 Congressional Elections,10,27.5,Nov/20/2011 17:52:21
639651,HOUSE.DEM.2012,The Democrats to control the House of Representatives after 2012 Congressional Elections,1,26.0,Nov/20/2011 22:47:22
639651,HOUSE.DEM.2012,The Democrats to control the House of Representatives after 2012 Congressional Elections,1,26.0,Nov/20/2011 22:47:22
639651,HOUSE.DEM.2012,The Democrats to control the House of Representatives after 2012 Congressional Elections,1,27.0,Nov/20/2011 22:50:51
639651,HOUSE.DEM.2012,The Democrats to control the House of Representatives after 2012 Congressional Elections,1,27.0,Nov/20/2011 22:50:51
639651,HOUSE.DEM.2012,The Democrats to control the House of Representatives after 2012 Congressional Elections,1,27.0,Nov/21/2011 19:09:13
639651,HOUSE.DEM.2012,The Democrats to control the House of Representatives after 2012 Congressional Elections,1,27.0,Nov/21/2011 19:09:13
639651,HOUSE.DEM.2012,The Democrats to control the House of Representatives after 2012 Congressional Elections,2,27.8,Nov/21/2011 19:13:05
639651,HOUSE.DEM.2012,The Democrats to control the House of Representatives after 2012 Congressional Elections,2,27.8,Nov/21/2011 19:13:05
639651,HOUSE.DEM.2012,The Democrats to control the House of Representatives after 2012 Congressional Elections,1,28.0,Nov/21/2011 19:21:49
639651,HOUSE.DEM.2012,The Democrats to control the House of Representatives after 2012 Congressional Elections,1,27.9,Nov/21/2011 19:21:49
639651,HOUSE.DEM.2012,The Democrats to control the House of Representatives after 2012 Congressional Elections,1,28.0,Nov/21/2011 19:21:49
639651,HOUSE.DEM.2012,The Democrats to control the House of Representatives after 2012 Congressional Elections,1,27.9,Nov/21/2011 19:21:49
639651,HOUSE.DEM.2012,The Democrats to control the House of Representatives after 2012 Congressional Elections,2,28.0,Nov/21/2011 19:21:49
639651,HOUSE.DEM.2012,The Democrats to control the House of Representatives after 2012 Congressional Elections,10,25.0,Nov/21/2011 23:30:36
639651,HOUSE.DEM.2012,The Democrats to control the House of Representatives after 2012 Congressional Elections,90,25.0,Nov/22/2011 14:05:41
639651,HOUSE.DEM.2012,The Democrats to control the House of Representatives after 2012 Congressional Elections,1,25.5,Nov/22/2011 14:05:41
639651,HOUSE.DEM.2012,The Democrats to control the House of Representatives after 2012 Congressional Elections,1,26.0,Nov/22/2011 14:05:41
639651,HOUSE.DEM.2012,The Democrats to control the House of Representatives after 2012 Congressional Elections,1,26.0,Nov/22/2011 14:05:41
639651,HOUSE.DEM.2012,The Democrats to control the House of Representatives after 2012 Congressional Elections,1,25.5,Nov/22/2011 14:05:41
639651,HOUSE.DEM.2012,The Democrats to control the House of Representatives after 2012 Congressional Elections,5,25.0,Nov/22/2011 14:05:41
639651,HOUSE.DEM.2012,The Democrats to control the House of Representatives after 2012 Congressional Elections,1,27.4,Nov/22/2011 21:28:34
639651,HOUSE.DEM.2012,The Democrats to control the House of Representatives after 2012 Congressional Elections,2,27.5,Nov/22/2011 21:28:43
639651,HOUSE.DEM.2012,The Democrats to control the House of Representatives after 2012 Congressional Elections,1,27.5,Nov/22/2011 21:28:43
639651,HOUSE.DEM.2012,The Democrats to control the House of Representatives after 2012 Congressional Elections,1,28.2,Nov/22/2011 21:29:03
639651,HOUSE.DEM.2012,The Democrats to control the House of Representatives after 2012 Congressional Elections,1,28.2,Nov/22/2011 21:29:03
639651,HOUSE.DEM.2012,The Democrats to control the House of Representatives after 2012 Congressional Elections,1,26.0,Nov/26/2011 09:41:19
639651,HOUSE.DEM.2012,The Democrats to control the House of Representatives after 2012 Congressional Elections,1,26.2,Nov/26/2011 09:41:19
639651,HOUSE.DEM.2012,The Democrats to control the House of Representatives after 2012 Congressional Elections,9,26.0,Nov/26/2011 09:41:19
639651,HOUSE.DEM.2012,The Democrats to control the House of Representatives after 2012 Congressional Elections,3,26.0,Nov/26/2011 14:05:00
639651,HOUSE.DEM.2012,The Democrats to control the House of Representatives after 2012 Congressional Elections,2,26.0,Nov/26/2011 16:42:49
639651,HOUSE.DEM.2012,The Democrats to control the House of Representatives after 2012 Congressional Elections,1,27.0,Nov/26/2011 16:51:04
639651,HOUSE.DEM.2012,The Democrats to control the House of Representatives after 2012 Congressional Elections,2,27.9,Nov/27/2011 01:59:22
639651,HOUSE.DEM.2012,The Democrats to control the House of Representatives after 2012 Congressional Elections,1,27.9,Nov/27/2011 01:59:22
639651,HOUSE.DEM.2012,The Democrats to control the House of Representatives after 2012 Congressional Elections,1,28.1,Nov/27/2011 17:46:30
639651,HOUSE.DEM.2012,The Democrats to control the House of Representatives after 2012 Congressional Elections,1,28.1,Nov/27/2011 17:46:30
639651,HOUSE.DEM.2012,The Democrats to control the House of Representatives after 2012 Congressional Elections,12,27.9,Nov/28/2011 19:39:57
639651,HOUSE.DEM.2012,The Democrats to control the House of Representatives after 2012 Congressional Elections,3,27.9,Nov/28/2011 19:39:57
639651,HOUSE.DEM.2012,The Democrats to control the House of Representatives after 2012 Congressional Elections,6,27.5,Nov/28/2011 19:50:45
639651,HOUSE.DEM.2012,The Democrats to control the House of Representatives after 2012 Congressional Elections,86,26.0,Nov/30/2011 16:55:26
639651,HOUSE.DEM.2012,The Democrats to control the House of Representatives after 2012 Congressional Elections,2,26.2,Nov/30/2011 16:55:26
639651,HOUSE.DEM.2012,The Democrats to control the House of Representatives after 2012 Congressional Elections,2,26.2,Nov/30/2011 16:55:26
639651,HOUSE.DEM.2012,The Democrats to control the House of Representatives after 2012 Congressional Elections,4,27.5,Nov/30/2011 16:55:26
639651,HOUSE.DEM.2012,The Democrats to control the House of Representatives after 2012 Congressional Elections,1,26.3,Nov/30/2011 16:55:26
639651,HOUSE.DEM.2012,The Democrats to control the House of Representatives after 2012 Congressional Elections,1,26.3,Nov/30/2011 16:55:26
639651,HOUSE.DEM.2012,The Democrats to control the House of Representatives after 2012 Congressional Elections,3,27.5,Nov/30/2011 16:55:26
639651,HOUSE.DEM.2012,The Democrats to control the House of Representatives after 2012 Congressional Elections,3,26.0,Nov/30/2011 16:55:26
639651,HOUSE.DEM.2012,The Democrats to control the House of Representatives after 2012 Congressional Elections,1,26.0,Dec/03/2011 07:17:32
639651,HOUSE.DEM.2012,The Democrats to control the House of Representatives after 2012 Congressional Elections,1,26.1,Dec/07/2011 15:17:33
639651,HOUSE.DEM.2012,The Democrats to control the House of Representatives after 2012 Congressional Elections,2,26.1,Dec/07/2011 15:17:33
639651,HOUSE.DEM.2012,The Democrats to control the House of Representatives after 2012 Congressional Elections,2,26.2,Dec/07/2011 15:17:33
639651,HOUSE.DEM.2012,The Democrats to control the House of Representatives after 2012 Congressional Elections,2,26.2,Dec/07/2011 15:17:33
639651,HOUSE.DEM.2012,The Democrats to control the House of Representatives after 2012 Congressional Elections,2,26.1,Dec/07/2011 15:17:33
639651,HOUSE.DEM.2012,The Democrats to control the House of Representatives after 2012 Congressional Elections,2,26.0,Dec/07/2011 15:17:33
639651,HOUSE.DEM.2012,The Democrats to control the House of Representatives after 2012 Congressional Elections,100,26.0,Dec/07/2011 15:17:33
639651,HOUSE.DEM.2012,The Democrats to control the House of Representatives after 2012 Congressional Elections,2,25.0,Dec/09/2011 12:17:13
639651,HOUSE.DEM.2012,The Democrats to control the House of Representatives after 2012 Congressional Elections,1,25.1,Dec/09/2011 12:17:13
639651,HOUSE.DEM.2012,The Democrats to control the House of Representatives after 2012 Congressional Elections,1,25.1,Dec/09/2011 12:17:13
639651,HOUSE.DEM.2012,The Democrats to control the House of Representatives after 2012 Congressional Elections,1,25.2,Dec/09/2011 12:17:13
639651,HOUSE.DEM.2012,The Democrats to control the House of Representatives after 2012 Congressional Elections,1,25.2,Dec/09/2011 12:17:13
639651,HOUSE.DEM.2012,The Democrats to control the House of Representatives after 2012 Congressional Elections,98,25.0,Dec/09/2011 14:02:13
639651,HOUSE.DEM.2012,The Democrats to control the House of Representatives after 2012 Congressional Elections,1,25.1,Dec/09/2011 14:02:13
639651,HOUSE.DEM.2012,The Democrats to control the House of Representatives after 2012 Congressional Elections,1,25.1,Dec/09/2011 14:02:13
639651,HOUSE.DEM.2012,The Democrats to control the House of Representatives after 2012 Congressional Elections,3,25.0,Dec/09/2011 14:02:13
639651,HOUSE.DEM.2012,The Democrats to control the House of Representatives after 2012 Congressional Elections,2,27.7,Dec/09/2011 18:39:01
639651,HOUSE.DEM.2012,The Democrats to control the House of Representatives after 2012 Congressional Elections,1,27.7,Dec/09/2011 18:39:01
639651,HOUSE.DEM.2012,The Democrats to control the House of Representatives after 2012 Congressional Elections,1,27.6,Dec/09/2011 18:39:01
639651,HOUSE.DEM.2012,The Democrats to control the House of Representatives after 2012 Congressional Elections,1,27.6,Dec/09/2011 18:39:01
639651,HOUSE.DEM.2012,The Democrats to control the House of Representatives after 2012 Congressional Elections,5,28.3,Dec/09/2011 20:45:11
639651,HOUSE.DEM.2012,The Democrats to control the House of Representatives after 2012 Congressional Elections,1,27.9,Dec/09/2011 20:45:11
639651,HOUSE.DEM.2012,The Democrats to control the House of Representatives after 2012 Congressional Elections,3,28.3,Dec/09/2011 20:45:11
639651,HOUSE.DEM.2012,The Democrats to control the House of Representatives after 2012 Congressional Elections,1,27.9,Dec/09/2011 20:45:11
639651,HOUSE.DEM.2012,The Democrats to control the House of Representatives after 2012 Congressional Elections,1,27.0,Dec/10/2011 06:19:19
639651,HOUSE.DEM.2012,The Democrats to control the House of Representatives after 2012 Congressional Elections,1,29.0,Dec/14/2011 12:22:29
639651,HOUSE.DEM.2012,The Democrats to control the House of Representatives after 2012 Congressional Elections,1,29.0,Dec/14/2011 12:29:15
639651,HOUSE.DEM.2012,The Democrats to control the House of Representatives after 2012 Congressional Elections,30,27.0,Dec/14/2011 21:21:31
639651,HOUSE.DEM.2012,The Democrats to control the House of Representatives after 2012 Congressional Elections,1,27.1,Dec/14/2011 21:21:31
639651,HOUSE.DEM.2012,The Democrats to control the House of Representatives after 2012 Congressional Elections,1,27.2,Dec/14/2011 21:21:31
639651,HOUSE.DEM.2012,The Democrats to control the House of Representatives after 2012 Congressional Elections,1,27.0,Dec/15/2011 04:48:42
639651,HOUSE.DEM.2012,The Democrats to control the House of Representatives after 2012 Congressional Elections,100,27.0,Dec/17/2011 15:13:12
639651,HOUSE.DEM.2012,The Democrats to control the House of Representatives after 2012 Congressional Elections,3,27.0,Dec/17/2011 15:13:12
639651,HOUSE.DEM.2012,The Democrats to control the House of Representatives after 2012 Congressional Elections,8,29.0,Dec/19/2011 15:42:42
639651,HOUSE.DEM.2012,The Democrats to control the House of Representatives after 2012 Congressional Elections,1,28.9,Dec/19/2011 15:42:42
639651,HOUSE.DEM.2012,The Democrats to control the House of Representatives after 2012 Congressional Elections,1,28.9,Dec/19/2011 15:42:42
639651,HOUSE.DEM.2012,The Democrats to control the House of Representatives after 2012 Congressional Elections,1,29.0,Dec/19/2011 15:42:42
639651,HOUSE.DEM.2012,The Democrats to control the House of Representatives after 2012 Congressional Elections,1,29.8,Dec/20/2011 23:24:04
639651,HOUSE.DEM.2012,The Democrats to control the House of Representatives after 2012 Congressional Elections,5,30.9,Dec/21/2011 19:37:51
639651,HOUSE.DEM.2012,The Democrats to control the House of Representatives after 2012 Congressional Elections,120,28.0,Dec/22/2011 19:25:24
639651,HOUSE.DEM.2012,The Democrats to control the House of Representatives after 2012 Congressional Elections,20,31.0,Dec/25/2011 23:38:48
639651,HOUSE.DEM.2012,The Democrats to control the House of Representatives after 2012 Congressional Elections,5,30.9,Dec/25/2011 23:38:48
639651,HOUSE.DEM.2012,The Democrats to control the House of Representatives after 2012 Congressional Elections,7,30.2,Dec/27/2011 20:34:44
639651,HOUSE.DEM.2012,The Democrats to control the House of Representatives after 2012 Congressional Elections,3,30.3,Dec/27/2011 20:34:44
639651,HOUSE.DEM.2012,The Democrats to control the House of Representatives after 2012 Congressional Elections,2,30.2,Dec/28/2011 00:54:37
639651,HOUSE.DEM.2012,The Democrats to control the House of Representatives after 2012 Congressional Elections,1,30.3,Dec/30/2011 02:05:35
639651,HOUSE.DEM.2012,The Democrats to control the House of Representatives after 2012 Congressional Elections,2,30.5,Jan/03/2012 18:38:54
639651,HOUSE.DEM.2012,The Democrats to control the House of Representatives after 2012 Congressional Elections,2,30.5,Jan/03/2012 18:38:54
639651,HOUSE.DEM.2012,The Democrats to control the House of Representatives after 2012 Congressional Elections,2,28.4,Jan/04/2012 06:07:30
639651,HOUSE.DEM.2012,The Democrats to control the House of Representatives after 2012 Congressional Elections,2,28.4,Jan/04/2012 06:07:30
639651,HOUSE.DEM.2012,The Democrats to control the House of Representatives after 2012 Congressional Elections,1,28.3,Jan/04/2012 06:08:18
639651,HOUSE.DEM.2012,The Democrats to control the House of Representatives after 2012 Congressional Elections,1,29.4,Jan/05/2012 11:25:04
639651,HOUSE.DEM.2012,The Democrats to control the House of Representatives after 2012 Congressional Elections,5,28.2,Jan/06/2012 02:44:35
639651,HOUSE.DEM.2012,The Democrats to control the House of Representatives after 2012 Congressional Elections,3,28.2,Jan/06/2012 02:44:35
639651,HOUSE.DEM.2012,The Democrats to control the House of Representatives after 2012 Congressional Elections,1,28.3,Jan/06/2012 02:44:35
639651,HOUSE.DEM.2012,The Democrats to control the House of Representatives after 2012 Congressional Elections,3,26.8,Jan/06/2012 02:54:58
639651,HOUSE.DEM.2012,The Democrats to control the House of Representatives after 2012 Congressional Elections,3,26.8,Jan/06/2012 02:54:58
639651,HOUSE.DEM.2012,The Democrats to control the House of Representatives after 2012 Congressional Elections,1,28.2,Jan/06/2012 03:32:31
639651,HOUSE.DEM.2012,The Democrats to control the House of Representatives after 2012 Congressional Elections,1,26.7,Jan/06/2012 07:52:30
639651,HOUSE.DEM.2012,The Democrats to control the House of Representatives after 2012 Congressional Elections,1,26.7,Jan/06/2012 07:52:30
639651,HOUSE.DEM.2012,The Democrats to control the House of Representatives after 2012 Congressional Elections,1,29.1,Jan/06/2012 23:24:10
639651,HOUSE.DEM.2012,The Democrats to control the House of Representatives after 2012 Congressional Elections,1,29.1,Jan/06/2012 23:24:10
639651,HOUSE.DEM.2012,The Democrats to control the House of Representatives after 2012 Congressional Elections,2,29.1,Jan/06/2012 23:24:10
639651,HOUSE.DEM.2012,The Democrats to control the House of Representatives after 2012 Congressional Elections,1,29.5,Jan/09/2012 23:42:57
639651,HOUSE.DEM.2012,The Democrats to control the House of Representatives after 2012 Congressional Elections,1,29.3,Jan/09/2012 23:42:57
639651,HOUSE.DEM.2012,The Democrats to control the House of Representatives after 2012 Congressional Elections,2,29.2,Jan/09/2012 23:42:57
639651,HOUSE.DEM.2012,The Democrats to control the House of Representatives after 2012 Congressional Elections,1,29.2,Jan/09/2012 23:42:57
639651,HOUSE.DEM.2012,The Democrats to control the House of Representatives after 2012 Congressional Elections,1,29.5,Jan/09/2012 23:42:57
639651,HOUSE.DEM.2012,The Democrats to control the House of Representatives after 2012 Congressional Elections,1,29.1,Jan/09/2012 23:42:57
639651,HOUSE.DEM.2012,The Democrats to control the House of Representatives after 2012 Congressional Elections,2,29.1,Jan/09/2012 23:42:57
639651,HOUSE.DEM.2012,The Democrats to control the House of Representatives after 2012 Congressional Elections,1,29.2,Jan/09/2012 23:42:57
639651,HOUSE.DEM.2012,The Democrats to control the House of Representatives after 2012 Congressional Elections,1,29.1,Jan/09/2012 23:42:57
639651,HOUSE.DEM.2012,The Democrats to control the House of Representatives after 2012 Congressional Elections,2,29.5,Jan/09/2012 23:42:57
639651,HOUSE.DEM.2012,The Democrats to control the House of Representatives after 2012 Congressional Elections,1,29.9,Jan/10/2012 00:06:41
639651,HOUSE.DEM.2012,The Democrats to control the House of Representatives after 2012 Congressional Elections,4,30.0,Jan/10/2012 00:06:41
639651,HOUSE.DEM.2012,The Democrats to control the House of Representatives after 2012 Congressional Elections,3,30.0,Jan/10/2012 00:06:41
639651,HOUSE.DEM.2012,The Democrats to control the House of Representatives after 2012 Congressional Elections,1,30.2,Jan/10/2012 13:08:31
639651,HOUSE.DEM.2012,The Democrats to control the House of Representatives after 2012 Congressional Elections,1,30.2,Jan/10/2012 13:08:31
639651,HOUSE.DEM.2012,The Democrats to control the House of Representatives after 2012 Congressional Elections,1,30.3,Jan/10/2012 13:08:58
639651,HOUSE.DEM.2012,The Democrats to control the House of Representatives after 2012 Congressional Elections,1,30.3,Jan/10/2012 13:08:58
639651,HOUSE.DEM.2012,The Democrats to control the House of Representatives after 2012 Congressional Elections,1,28.1,Jan/11/2012 18:38:01
639651,HOUSE.DEM.2012,The Democrats to control the House of Representatives after 2012 Congressional Elections,1,28.1,Jan/11/2012 18:38:01
639651,HOUSE.DEM.2012,The Democrats to control the House of Representatives after 2012 Congressional Elections,2,28.0,Jan/11/2012 18:38:46
639651,HOUSE.DEM.2012,The Democrats to control the House of Representatives after 2012 Congressional Elections,1,28.0,Jan/11/2012 18:39:20
639651,HOUSE.DEM.2012,The Democrats to control the House of Representatives after 2012 Congressional Elections,1,30.5,Jan/12/2012 00:43:28
639651,HOUSE.DEM.2012,The Democrats to control the House of Representatives after 2012 Congressional Elections,1,30.5,Jan/12/2012 00:43:28
639651,HOUSE.DEM.2012,The Democrats to control the House of Representatives after 2012 Congressional Elections,1,33.2,Jan/15/2012 02:39:02
639651,HOUSE.DEM.2012,The Democrats to control the House of Representatives after 2012 Congressional Elections,2,33.2,Jan/15/2012 02:39:02
639651,HOUSE.DEM.2012,The Democrats to control the House of Representatives after 2012 Congressional Elections,1,33.2,Jan/15/2012 02:39:02
639651,HOUSE.DEM.2012,The Democrats to control the House of Representatives after 2012 Congressional Elections,1,33.3,Jan/15/2012 02:39:24
639651,HOUSE.DEM.2012,The Democrats to control the House of Representatives after 2012 Congressional Elections,1,33.2,Jan/16/2012 04:22:51
639651,HOUSE.DEM.2012,The Democrats to control the House of Representatives after 2012 Congressional Elections,1,33.1,Jan/16/2012 04:22:51
639651,HOUSE.DEM.2012,The Democrats to control the House of Representatives after 2012 Congressional Elections,1,33.1,Jan/16/2012 04:22:51
639651,HOUSE.DEM.2012,The Democrats to control the House of Representatives after 2012 Congressional Elections,1,33.0,Jan/16/2012 04:22:51
639651,HOUSE.DEM.2012,The Democrats to control the House of Representatives after 2012 Congressional Elections,1,33.0,Jan/16/2012 04:22:51
639651,HOUSE.DEM.2012,The Democrats to control the House of Representatives after 2012 Congressional Elections,2,33.3,Jan/16/2012 04:22:51
639651,HOUSE.DEM.2012,The Democrats to control the House of Representatives after 2012 Congressional Elections,10,29.0,Jan/16/2012 16:00:17
639651,HOUSE.DEM.2012,The Democrats to control the House of Representatives after 2012 Congressional Elections,2,29.1,Jan/16/2012 16:00:17
639651,HOUSE.DEM.2012,The Democrats to control the House of Representatives after 2012 Congressional Elections,2,29.1,Jan/16/2012 16:00:17
639651,HOUSE.DEM.2012,The Democrats to control the House of Representatives after 2012 Congressional Elections,1,30.0,Jan/17/2012 10:45:12
639651,HOUSE.DEM.2012,The Democrats to control the House of Representatives after 2012 Congressional Elections,2,30.0,Jan/17/2012 12:56:25
639651,HOUSE.DEM.2012,The Democrats to control the House of Representatives after 2012 Congressional Elections,1,32.4,Jan/18/2012 22:37:21
639651,HOUSE.DEM.2012,The Democrats to control the House of Representatives after 2012 Congressional Elections,1,32.4,Jan/18/2012 22:37:21
639651,HOUSE.DEM.2012,The Democrats to control the House of Representatives after 2012 Congressional Elections,1,32.5,Jan/18/2012 22:37:55
639651,HOUSE.DEM.2012,The Democrats to control the House of Representatives after 2012 Congressional Elections,1,32.5,Jan/18/2012 22:37:55
639651,HOUSE.DEM.2012,The Democrats to control the House of Representatives after 2012 Congressional Elections,10,32.9,Jan/19/2012 00:14:14
639651,HOUSE.DEM.2012,The Democrats to control the House of Representatives after 2012 Congressional Elections,1,32.6,Jan/19/2012 00:14:14
639651,HOUSE.DEM.2012,The Democrats to control the House of Representatives after 2012 Congressional Elections,1,32.8,Jan/19/2012 00:14:14
639651,HOUSE.DEM.2012,The Democrats to control the House of Representatives after 2012 Congressional Elections,1,32.8,Jan/19/2012 00:14:14
639651,HOUSE.DEM.2012,The Democrats to control the House of Representatives after 2012 Congressional Elections,5,32.5,Jan/19/2012 00:14:14
639651,HOUSE.DEM.2012,The Democrats to control the House of Representatives after 2012 Congressional Elections,1,32.5,Jan/19/2012 00:14:14
639651,HOUSE.DEM.2012,The Democrats to control the House of Representatives after 2012 Congressional Elections,1,32.6,Jan/19/2012 00:14:14
639651,HOUSE.DEM.2012,The Democrats to control the House of Representatives after 2012 Congressional Elections,1,32.9,Jan/19/2012 00:14:14
639651,HOUSE.DEM.2012,The Democrats to control the House of Representatives after 2012 Congressional Elections,1,30.3,Jan/19/2012 20:24:03
639651,HOUSE.DEM.2012,The Democrats to control the House of Representatives after 2012 Congressional Elections,1,30.3,Jan/19/2012 20:24:03
639651,HOUSE.DEM.2012,The Democrats to control the House of Representatives after 2012 Congressional Elections,1,32.9,Jan/21/2012 19:11:53
639651,HOUSE.DEM.2012,The Democrats to control the House of Representatives after 2012 Congressional Elections,5,33.2,Jan/21/2012 21:20:21
639651,HOUSE.DEM.2012,The Democrats to control the House of Representatives after 2012 Congressional Elections,1,33.2,Jan/21/2012 21:20:21
639651,HOUSE.DEM.2012,The Democrats to control the House of Representatives after 2012 Congressional Elections,1,33.4,Jan/21/2012 21:21:25
639651,HOUSE.DEM.2012,The Democrats to control the House of Representatives after 2012 Congressional Elections,1,33.4,Jan/21/2012 21:21:25
639651,HOUSE.DEM.2012,The Democrats to control the House of Representatives after 2012 Congressional Elections,188,30.5,Jan/22/2012 11:19:37
639651,HOUSE.DEM.2012,The Democrats to control the House of Representatives after 2012 Congressional Elections,4,31.2,Jan/22/2012 11:19:37
639651,HOUSE.DEM.2012,The Democrats to control the House of Representatives after 2012 Congressional Elections,5,31.3,Jan/22/2012 11:19:37
639651,HOUSE.DEM.2012,The Democrats to control the House of Representatives after 2012 Congressional Elections,3,31.3,Jan/22/2012 11:19:37
639651,HOUSE.DEM.2012,The Democrats to control the House of Representatives after 2012 Congressional Elections,5,33.0,Jan/22/2012 17:28:12
639651,HOUSE.DEM.2012,The Democrats to control the House of Representatives after 2012 Congressional Elections,1,33.0,Jan/22/2012 17:28:12
639651,HOUSE.DEM.2012,The Democrats to control the House of Representatives after 2012 Congressional Elections,1,33.3,Jan/22/2012 17:29:01
639651,HOUSE.DEM.2012,The Democrats to control the House of Representatives after 2012 Congressional Elections,1,33.3,Jan/22/2012 17:29:01
639651,HOUSE.DEM.2012,The Democrats to control the House of Representatives after 2012 Congressional Elections,2,30.0,Jan/23/2012 16:08:50
639651,HOUSE.DEM.2012,The Democrats to control the House of Representatives after 2012 Congressional Elections,1,30.2,Jan/23/2012 16:08:50
639651,HOUSE.DEM.2012,The Democrats to control the House of Representatives after 2012 Congressional Elections,1,30.2,Jan/23/2012 16:08:50
639651,HOUSE.DEM.2012,The Democrats to control the House of Representatives after 2012 Congressional Elections,12,30.5,Jan/23/2012 16:08:50
639651,HOUSE.DEM.2012,The Democrats to control the House of Representatives after 2012 Congressional Elections,200,29.9,Jan/23/2012 16:08:50
639651,HOUSE.DEM.2012,The Democrats to control the House of Representatives after 2012 Congressional Elections,1,30.0,Jan/23/2012 16:08:50
639651,HOUSE.DEM.2012,The Democrats to control the House of Representatives after 2012 Congressional Elections,1,30.7,Jan/23/2012 16:08:50
639651,HOUSE.DEM.2012,The Democrats to control the House of Representatives after 2012 Congressional Elections,2,30.6,Jan/23/2012 16:08:50
639651,HOUSE.DEM.2012,The Democrats to control the House of Representatives after 2012 Congressional Elections,1,30.7,Jan/23/2012 16:08:50
639651,HOUSE.DEM.2012,The Democrats to control the House of Representatives after 2012 Congressional Elections,2,30.6,Jan/23/2012 16:08:50
639651,HOUSE.DEM.2012,The Democrats to control the House of Representatives after 2012 Congressional Elections,10,33.5,Jan/24/2012 01:08:16
639651,HOUSE.DEM.2012,The Democrats to control the House of Representatives after 2012 Congressional Elections,1,33.4,Jan/24/2012 01:08:16
639651,HOUSE.DEM.2012,The Democrats to control the House of Representatives after 2012 Congressional Elections,1,33.4,Jan/24/2012 01:08:16
639651,HOUSE.DEM.2012,The Democrats to control the House of Representatives after 2012 Congressional Elections,5,33.0,Jan/24/2012 01:08:16
639651,HOUSE.DEM.2012,The Democrats to control the House of Representatives after 2012 Congressional Elections,1,33.0,Jan/24/2012 01:08:16
639651,HOUSE.DEM.2012,The Democrats to control the House of Representatives after 2012 Congressional Elections,2,32.9,Jan/24/2012 01:08:16
639651,HOUSE.DEM.2012,The Democrats to control the House of Representatives after 2012 Congressional Elections,1,32.9,Jan/24/2012 01:08:16
639651,HOUSE.DEM.2012,The Democrats to control the House of Representatives after 2012 Congressional Elections,2,33.5,Jan/24/2012 01:08:16
639651,HOUSE.DEM.2012,The Democrats to control the House of Representatives after 2012 Congressional Elections,1,29.7,Jan/26/2012 02:22:42
639651,HOUSE.DEM.2012,The Democrats to control the House of Representatives after 2012 Congressional Elections,3,33.4,Jan/26/2012 02:24:25
639651,HOUSE.DEM.2012,The Democrats to control the House of Representatives after 2012 Congressional Elections,1,29.7,Jan/26/2012 16:09:40
639651,HOUSE.DEM.2012,The Democrats to control the House of Representatives after 2012 Congressional Elections,1,29.7,Jan/26/2012 16:09:40
639651,HOUSE.DEM.2012,The Democrats to control the House of Representatives after 2012 Congressional Elections,1,29.6,Jan/26/2012 16:14:36
639651,HOUSE.DEM.2012,The Democrats to control the House of Representatives after 2012 Congressional Elections,2,29.6,Jan/27/2012 02:38:52
639651,HOUSE.DEM.2012,The Democrats to control the House of Representatives after 2012 Congressional Elections,1,34.7,Jan/27/2012 04:32:13
639651,HOUSE.DEM.2012,The Democrats to control the House of Representatives after 2012 Congressional Elections,1,34.7,Jan/27/2012 04:32:13
639651,HOUSE.DEM.2012,The Democrats to control the House of Representatives after 2012 Congressional Elections,1,34.3,Jan/27/2012 04:32:13
639651,HOUSE.DEM.2012,The Democrats to control the House of Representatives after 2012 Congressional Elections,1,34.3,Jan/27/2012 04:32:13
639651,HOUSE.DEM.2012,The Democrats to control the House of Representatives after 2012 Congressional Elections,1,33.8,Jan/27/2012 04:32:13
639651,HOUSE.DEM.2012,The Democrats to control the House of Representatives after 2012 Congressional Elections,1,33.8,Jan/27/2012 04:32:13
639651,HOUSE.DEM.2012,The Democrats to control the House of Representatives after 2012 Congressional Elections,5,34.9,Jan/27/2012 04:32:13
639651,HOUSE.DEM.2012,The Democrats to control the House of Representatives after 2012 Congressional Elections,5,34.9,Jan/27/2012 04:32:13
639651,HOUSE.DEM.2012,The Democrats to control the House of Representatives after 2012 Congressional Elections,3,33.7,Jan/27/2012 04:32:13
639651,HOUSE.DEM.2012,The Democrats to control the House of Representatives after 2012 Congressional Elections,1,33.7,Jan/27/2012 04:32:13
639651,HOUSE.DEM.2012,The Democrats to control the House of Representatives after 2012 Congressional Elections,1,34.8,Jan/27/2012 15:46:07
639651,HOUSE.DEM.2012,The Democrats to control the House of Representatives after 2012 Congressional Elections,1,34.8,Jan/27/2012 15:46:07
639651,HOUSE.DEM.2012,The Democrats to control the House of Representatives after 2012 Congressional Elections,1,29.6,Jan/27/2012 20:29:40
639651,HOUSE.DEM.2012,The Democrats to control the House of Representatives after 2012 Congressional Elections,1,29.6,Jan/27/2012 20:39:11
639651,HOUSE.DEM.2012,The Democrats to control the House of Representatives after 2012 Congressional Elections,1,29.6,Jan/27/2012 20:39:33
639651,HOUSE.DEM.2012,The Democrats to control the House of Representatives after 2012 Congressional Elections,66,29.5,Jan/27/2012 20:40:45
639651,HOUSE.DEM.2012,The Democrats to control the House of Representatives after 2012 Congressional Elections,1,34.8,Jan/27/2012 23:44:51
639651,HOUSE.DEM.2012,The Democrats to control the House of Representatives after 2012 Congressional Elections,1,34.8,Jan/27/2012 23:44:51
639651,HOUSE.DEM.2012,The Democrats to control the House of Representatives after 2012 Congressional Elections,1,34.9,Jan/27/2012 23:45:17
639651,HOUSE.DEM.2012,The Democrats to control the House of Representatives after 2012 Congressional Elections,1,34.9,Jan/27/2012 23:45:17
639651,HOUSE.DEM.2012,The Democrats to control the House of Representatives after 2012 Congressional Elections,1,35.0,Jan/27/2012 23:45:46
639651,HOUSE.DEM.2012,The Democrats to control the House of Representatives after 2012 Congressional Elections,10,35.0,Jan/27/2012 23:45:46
639651,HOUSE.DEM.2012,The Democrats to control the House of Representatives after 2012 Congressional Elections,1,35.0,Jan/27/2012 23:45:46
639651,HOUSE.DEM.2012,The Democrats to control the House of Representatives after 2012 Congressional Elections,1,29.6,Jan/29/2012 10:46:02
639651,HOUSE.DEM.2012,The Democrats to control the House of Representatives after 2012 Congressional Elections,1,32.1,Jan/30/2012 17:22:06
639651,HOUSE.DEM.2012,The Democrats to control the House of Representatives after 2012 Congressional Elections,1,32.1,Jan/30/2012 17:22:06
639651,HOUSE.DEM.2012,The Democrats to control the House of Representatives after 2012 Congressional Elections,1,32.1,Jan/30/2012 17:22:06
639651,HOUSE.DEM.2012,The Democrats to control the House of Representatives after 2012 Congressional Elections,2,32.1,Jan/30/2012 17:22:12
639651,HOUSE.DEM.2012,The Democrats to control the House of Representatives after 2012 Congressional Elections,9,30.0,Jan/30/2012 23:20:59
639651,HOUSE.DEM.2012,The Democrats to control the House of Representatives after 2012 Congressional Elections,2,31.2,Feb/01/2012 03:45:59
639651,HOUSE.DEM.2012,The Democrats to control the House of Representatives after 2012 Congressional Elections,2,30.5,Feb/01/2012 17:53:52
639651,HOUSE.DEM.2012,The Democrats to control the House of Representatives after 2012 Congressional Elections,9,30.5,Feb/01/2012 17:53:52
639651,HOUSE.DEM.2012,The Democrats to control the House of Representatives after 2012 Congressional Elections,5,30.2,Feb/01/2012 17:54:01
639651,HOUSE.DEM.2012,The Democrats to control the House of Representatives after 2012 Congressional Elections,1,30.1,Feb/01/2012 17:54:18
639651,HOUSE.DEM.2012,The Democrats to control the House of Representatives after 2012 Congressional Elections,30,30.0,Feb/01/2012 17:55:23
639651,HOUSE.DEM.2012,The Democrats to control the House of Representatives after 2012 Congressional Elections,9,30.9,Feb/02/2012 08:23:33
639651,HOUSE.DEM.2012,The Democrats to control the House of Representatives after 2012 Congressional Elections,1,30.9,Feb/02/2012 08:23:33
639651,HOUSE.DEM.2012,The Democrats to control the House of Representatives after 2012 Congressional Elections,5,30.8,Feb/05/2012 11:32:36
639651,HOUSE.DEM.2012,The Democrats to control the House of Representatives after 2012 Congressional Elections,1,30.8,Feb/05/2012 11:32:36
639651,HOUSE.DEM.2012,The Democrats to control the House of Representatives after 2012 Congressional Elections,1,30.7,Feb/05/2012 11:32:36
639651,HOUSE.DEM.2012,The Democrats to control the House of Representatives after 2012 Congressional Elections,1,30.7,Feb/05/2012 11:32:36
639651,HOUSE.DEM.2012,The Democrats to control the House of Representatives after 2012 Congressional Elections,1,31.4,Feb/06/2012 14:08:51
639651,HOUSE.DEM.2012,The Democrats to control the House of Representatives after 2012 Congressional Elections,1,31.4,Feb/06/2012 14:08:51
639651,HOUSE.DEM.2012,The Democrats to control the House of Representatives after 2012 Congressional Elections,200,30.7,Feb/06/2012 22:07:07
639651,HOUSE.DEM.2012,The Democrats to control the House of Representatives after 2012 Congressional Elections,10,30.8,Feb/06/2012 22:07:07
639651,HOUSE.DEM.2012,The Democrats to control the House of Representatives after 2012 Congressional Elections,27,30.0,Feb/07/2012 14:12:29
639651,HOUSE.DEM.2012,The Democrats to control the House of Representatives after 2012 Congressional Elections,1,32.7,Feb/07/2012 18:56:08
639651,HOUSE.DEM.2012,The Democrats to control the House of Representatives after 2012 Congressional Elections,1,32.7,Feb/07/2012 18:56:08
639651,HOUSE.DEM.2012,The Democrats to control the House of Representatives after 2012 Congressional Elections,10,32.7,Feb/07/2012 18:56:08
639651,HOUSE.DEM.2012,The Democrats to control the House of Representatives after 2012 Congressional Elections,1,32.9,Feb/07/2012 18:56:34
639651,HOUSE.DEM.2012,The Democrats to control the House of Representatives after 2012 Congressional Elections,1,32.9,Feb/07/2012 18:56:34
639651,HOUSE.DEM.2012,The Democrats to control the House of Representatives after 2012 Congressional Elections,1,34.9,Feb/07/2012 18:57:03
639651,HOUSE.DEM.2012,The Democrats to control the House of Representatives after 2012 Congressional Elections,1,34.9,Feb/07/2012 18:57:03
639651,HOUSE.DEM.2012,The Democrats to control the House of Representatives after 2012 Congressional Elections,1,35.0,Feb/07/2012 18:57:24
639651,HOUSE.DEM.2012,The Democrats to control the House of Representatives after 2012 Congressional Elections,1,35.0,Feb/07/2012 18:57:24
639651,HOUSE.DEM.2012,The Democrats to control the House of Representatives after 2012 Congressional Elections,2,35.0,Feb/07/2012 19:11:49
639651,HOUSE.DEM.2012,The Democrats to control the House of Representatives after 2012 Congressional Elections,1,34.9,Feb/07/2012 20:56:20
639651,HOUSE.DEM.2012,The Democrats to control the House of Representatives after 2012 Congressional Elections,1,34.9,Feb/07/2012 20:56:20
639651,HOUSE.DEM.2012,The Democrats to control the House of Representatives after 2012 Congressional Elections,2,35.0,Feb/07/2012 20:56:34
639651,HOUSE.DEM.2012,The Democrats to control the House of Representatives after 2012 Congressional Elections,1,35.0,Feb/07/2012 20:56:34
639651,HOUSE.DEM.2012,The Democrats to control the House of Representatives after 2012 Congressional Elections,1,34.9,Feb/08/2012 01:20:04
639651,HOUSE.DEM.2012,The Democrats to control the House of Representatives after 2012 Congressional Elections,3,35.0,Feb/08/2012 05:45:14
639651,HOUSE.DEM.2012,The Democrats to control the House of Representatives after 2012 Congressional Elections,1,35.0,Feb/08/2012 05:45:14
639651,HOUSE.DEM.2012,The Democrats to control the House of Representatives after 2012 Congressional Elections,6,35.0,Feb/08/2012 05:45:19
639651,HOUSE.DEM.2012,The Democrats to control the House of Representatives after 2012 Congressional Elections,1,37.1,Feb/08/2012 06:59:59
639651,HOUSE.DEM.2012,The Democrats to control the House of Representatives after 2012 Congressional Elections,1,37.1,Feb/08/2012 06:59:59
639651,HOUSE.DEM.2012,The Democrats to control the House of Representatives after 2012 Congressional Elections,2,37.2,Feb/08/2012 07:00:25
639651,HOUSE.DEM.2012,The Democrats to control the House of Representatives after 2012 Congressional Elections,1,37.2,Feb/08/2012 07:00:25
639651,HOUSE.DEM.2012,The Democrats to control the House of Representatives after 2012 Congressional Elections,5,35.0,Feb/08/2012 15:53:49
639651,HOUSE.DEM.2012,The Democrats to control the House of Representatives after 2012 Congressional Elections,1,35.0,Feb/08/2012 15:53:49
639651,HOUSE.DEM.2012,The Democrats to control the House of Representatives after 2012 Congressional Elections,1,34.9,Feb/08/2012 19:20:02
639651,HOUSE.DEM.2012,The Democrats to control the House of Representatives after 2012 Congressional Elections,1,34.9,Feb/08/2012 19:20:02
639651,HOUSE.DEM.2012,The Democrats to control the House of Representatives after 2012 Congressional Elections,5,35.0,Feb/08/2012 19:20:13
639651,HOUSE.DEM.2012,The Democrats to control the House of Representatives after 2012 Congressional Elections,1,35.0,Feb/08/2012 19:20:13
639651,HOUSE.DEM.2012,The Democrats to control the House of Representatives after 2012 Congressional Elections,10,35.0,Feb/08/2012 19:26:25
639651,HOUSE.DEM.2012,The Democrats to control the House of Representatives after 2012 Congressional Elections,10,35.0,Feb/08/2012 19:30:32
639651,HOUSE.DEM.2012,The Democrats to control the House of Representatives after 2012 Congressional Elections,10,35.0,Feb/08/2012 19:33:14
639651,HOUSE.DEM.2012,The Democrats to control the House of Representatives after 2012 Congressional Elections,10,35.0,Feb/08/2012 19:35:00
639651,HOUSE.DEM.2012,The Democrats to control the House of Representatives after 2012 Congressional Elections,10,35.0,Feb/08/2012 19:37:42
639651,HOUSE.DEM.2012,The Democrats to control the House of Representatives after 2012 Congressional Elections,10,34.9,Feb/08/2012 19:42:15
639651,HOUSE.DEM.2012,The Democrats to control the House of Representatives after 2012 Congressional Elections,10,35.0,Feb/08/2012 19:42:29
639651,HOUSE.DEM.2012,The Democrats to control the House of Representatives after 2012 Congressional Elections,2,34.9,Feb/08/2012 19:42:53
639651,HOUSE.DEM.2012,The Democrats to control the House of Representatives after 2012 Congressional Elections,70,30.3,Feb/08/2012 22:49:17
639651,HOUSE.DEM.2012,The Democrats to control the House of Representatives after 2012 Congressional Elections,10,30.5,Feb/08/2012 22:49:17
639651,HOUSE.DEM.2012,The Democrats to control the House of Representatives after 2012 Congressional Elections,10,30.7,Feb/08/2012 22:49:17
639651,HOUSE.DEM.2012,The Democrats to control the House of Representatives after 2012 Congressional Elections,9,30.9,Feb/08/2012 22:49:17
639651,HOUSE.DEM.2012,The Democrats to control the House of Representatives after 2012 Congressional Elections,10,31.0,Feb/08/2012 22:49:17
639651,HOUSE.DEM.2012,The Democrats to control the House of Representatives after 2012 Congressional Elections,8,31.1,Feb/08/2012 22:49:17
639651,HOUSE.DEM.2012,The Democrats to control the House of Representatives after 2012 Congressional Elections,3,31.0,Feb/08/2012 22:49:17
639651,HOUSE.DEM.2012,The Democrats to control the House of Representatives after 2012 Congressional Elections,2,33.0,Feb/09/2012 05:02:16
639651,HOUSE.DEM.2012,The Democrats to control the House of Representatives after 2012 Congressional Elections,1,33.0,Feb/09/2012 05:02:16
639651,HOUSE.DEM.2012,The Democrats to control the House of Representatives after 2012 Congressional Elections,1,33.0,Feb/09/2012 05:02:16
639651,HOUSE.DEM.2012,The Democrats to control the House of Representatives after 2012 Congressional Elections,1,34.7,Feb/11/2012 10:27:08
639651,HOUSE.DEM.2012,The Democrats to control the House of Representatives after 2012 Congressional Elections,10,33.0,Feb/13/2012 07:57:14
639651,HOUSE.DEM.2012,The Democrats to control the House of Representatives after 2012 Congressional Elections,9,32.9,Feb/13/2012 07:57:14
639651,HOUSE.DEM.2012,The Democrats to control the House of Representatives after 2012 Congressional Elections,1,32.9,Feb/13/2012 07:57:14
639651,HOUSE.DEM.2012,The Democrats to control the House of Representatives after 2012 Congressional Elections,1,33.0,Feb/13/2012 07:57:14
639651,HOUSE.DEM.2012,The Democrats to control the House of Representatives after 2012 Congressional Elections,1,31.3,Feb/14/2012 01:37:44
639651,HOUSE.DEM.2012,The Democrats to control the House of Representatives after 2012 Congressional Elections,1,31.3,Feb/14/2012 01:38:35
639651,HOUSE.DEM.2012,The Democrats to control the House of Representatives after 2012 Congressional Elections,1,33.0,Feb/14/2012 22:50:14
639651,HOUSE.DEM.2012,The Democrats to control the House of Representatives after 2012 Congressional Elections,1,33.0,Feb/14/2012 22:50:14
639651,HOUSE.DEM.2012,The Democrats to control the House of Representatives after 2012 Congressional Elections,10,31.0,Feb/15/2012 15:45:30
639651,HOUSE.DEM.2012,The Democrats to control the House of Representatives after 2012 Congressional Elections,48,31.2,Feb/15/2012 15:45:30
639651,HOUSE.DEM.2012,The Democrats to control the House of Representatives after 2012 Congressional Elections,3,31.2,Feb/15/2012 15:45:30
639651,HOUSE.DEM.2012,The Democrats to control the House of Representatives after 2012 Congressional Elections,1,33.1,Feb/17/2012 00:56:30
639651,HOUSE.DEM.2012,The Democrats to control the House of Representatives after 2012 Congressional Elections,1,33.1,Feb/17/2012 00:56:30
639651,HOUSE.DEM.2012,The Democrats to control the House of Representatives after 2012 Congressional Elections,1,33.0,Feb/17/2012 00:56:58
639651,HOUSE.DEM.2012,The Democrats to control the House of Representatives after 2012 Congressional Elections,2,33.0,Feb/17/2012 01:17:31
639651,HOUSE.DEM.2012,The Democrats to control the House of Representatives after 2012 Congressional Elections,10,33.0,Feb/17/2012 01:17:31
639651,HOUSE.DEM.2012,The Democrats to control the House of Representatives after 2012 Congressional Elections,1,33.0,Feb/17/2012 01:17:31
639651,HOUSE.DEM.2012,The Democrats to control the House of Representatives after 2012 Congressional Elections,1,33.2,Feb/21/2012 23:37:55
639651,HOUSE.DEM.2012,The Democrats to control the House of Representatives after 2012 Congressional Elections,1,33.5,Feb/21/2012 23:39:11
639651,HOUSE.DEM.2012,The Democrats to control the House of Representatives after 2012 Congressional Elections,1,33.9,Feb/22/2012 00:04:33
639651,HOUSE.DEM.2012,The Democrats to control the House of Representatives after 2012 Congressional Elections,2,39.6,Feb/23/2012 21:18:14
639651,HOUSE.DEM.2012,The Democrats to control the House of Representatives after 2012 Congressional Elections,1,38.0,Feb/26/2012 08:32:58
639651,HOUSE.DEM.2012,The Democrats to control the House of Representatives after 2012 Congressional Elections,1,38.0,Feb/26/2012 08:32:58
639651,HOUSE.DEM.2012,The Democrats to control the House of Representatives after 2012 Congressional Elections,4,33.4,Feb/26/2012 22:18:34
639651,HOUSE.DEM.2012,The Democrats to control the House of Representatives after 2012 Congressional Elections,1,33.4,Feb/26/2012 22:18:34
639651,HOUSE.DEM.2012,The Democrats to control the House of Representatives after 2012 Congressional Elections,1,36.2,Feb/28/2012 17:55:57
639651,HOUSE.DEM.2012,The Democrats to control the House of Representatives after 2012 Congressional Elections,1,36.2,Feb/28/2012 17:55:57
639651,HOUSE.DEM.2012,The Democrats to control the House of Representatives after 2012 Congressional Elections,1,35.8,Feb/28/2012 17:55:57
639651,HOUSE.DEM.2012,The Democrats to control the House of Representatives after 2012 Congressional Elections,1,35.8,Feb/28/2012 17:55:57
639651,HOUSE.DEM.2012,The Democrats to control the House of Representatives after 2012 Congressional Elections,1,35.5,Feb/28/2012 17:55:57
639651,HOUSE.DEM.2012,The Democrats to control the House of Representatives after 2012 Congressional Elections,1,35.5,Feb/28/2012 17:55:57
639651,HOUSE.DEM.2012,The Democrats to control the House of Representatives after 2012 Congressional Elections,16,36.2,Feb/28/2012 17:55:59
639651,HOUSE.DEM.2012,The Democrats to control the House of Representatives after 2012 Congressional Elections,6,36.2,Feb/28/2012 21:38:04
639651,HOUSE.DEM.2012,The Democrats to control the House of Representatives after 2012 Congressional Elections,2,36.3,Feb/28/2012 21:38:04
639651,HOUSE.DEM.2012,The Democrats to control the House of Representatives after 2012 Congressional Elections,2,36.3,Feb/28/2012 21:38:04
639651,HOUSE.DEM.2012,The Democrats to control the House of Representatives after 2012 Congressional Elections,10,36.2,Feb/28/2012 22:36:36
639651,HOUSE.DEM.2012,The Democrats to control the House of Representatives after 2012 Congressional Elections,8,39.6,Feb/29/2012 00:09:23
639651,HOUSE.DEM.2012,The Democrats to control the House of Representatives after 2012 Congressional Elections,2,37.4,Feb/29/2012 00:09:23
639651,HOUSE.DEM.2012,The Democrats to control the House of Representatives after 2012 Congressional Elections,8,39.6,Feb/29/2012 00:09:23
639651,HOUSE.DEM.2012,The Democrats to control the House of Representatives after 2012 Congressional Elections,27,36.2,Mar/01/2012 00:55:36
639651,HOUSE.DEM.2012,The Democrats to control the House of Representatives after 2012 Congressional Elections,2,36.2,Mar/01/2012 00:55:36
639651,HOUSE.DEM.2012,The Democrats to control the House of Representatives after 2012 Congressional Elections,4,36.2,Mar/01/2012 00:55:42
639651,HOUSE.DEM.2012,The Democrats to control the House of Representatives after 2012 Congressional Elections,7,39.8,Mar/03/2012 00:45:29
639651,HOUSE.DEM.2012,The Democrats to control the House of Representatives after 2012 Congressional Elections,1,39.8,Mar/03/2012 00:45:29
639651,HOUSE.DEM.2012,The Democrats to control the House of Representatives after 2012 Congressional Elections,1,39.8,Mar/03/2012 00:45:29
639651,HOUSE.DEM.2012,The Democrats to control the House of Representatives after 2012 Congressional Elections,2,39.8,Mar/03/2012 00:45:29
639651,HOUSE.DEM.2012,The Democrats to control the House of Representatives after 2012 Congressional Elections,10,41.5,Mar/03/2012 00:46:13
639651,HOUSE.DEM.2012,The Democrats to control the House of Representatives after 2012 Congressional Elections,10,38.5,Mar/03/2012 04:05:54
639651,HOUSE.DEM.2012,The Democrats to control the House of Representatives after 2012 Congressional Elections,1,35.0,Mar/03/2012 05:01:16
639651,HOUSE.DEM.2012,The Democrats to control the House of Representatives after 2012 Congressional Elections,1,35.0,Mar/03/2012 10:28:52
639651,HOUSE.DEM.2012,The Democrats to control the House of Representatives after 2012 Congressional Elections,1,35.0,Mar/03/2012 10:28:52
639651,HOUSE.DEM.2012,The Democrats to control the House of Representatives after 2012 Congressional Elections,1,39.8,Mar/05/2012 16:40:45
639651,HOUSE.DEM.2012,The Democrats to control the House of Representatives after 2012 Congressional Elections,1,39.8,Mar/05/2012 16:40:45
639651,HOUSE.DEM.2012,The Democrats to control the House of Representatives after 2012 Congressional Elections,1,39.6,Mar/06/2012 22:28:55
639651,HOUSE.DEM.2012,The Democrats to control the House of Representatives after 2012 Congressional Elections,1,39.6,Mar/06/2012 22:28:55
639651,HOUSE.DEM.2012,The Democrats to control the House of Representatives after 2012 Congressional Elections,2,39.7,Mar/06/2012 22:29:06
639651,HOUSE.DEM.2012,The Democrats to control the House of Representatives after 2012 Congressional Elections,1,39.7,Mar/06/2012 22:29:06
639651,HOUSE.DEM.2012,The Democrats to control the House of Representatives after 2012 Congressional Elections,3,39.9,Mar/06/2012 22:29:22
639651,HOUSE.DEM.2012,The Democrats to control the House of Representatives after 2012 Congressional Elections,2,39.9,Mar/06/2012 22:29:22
639651,HOUSE.DEM.2012,The Democrats to control the House of Representatives after 2012 Congressional Elections,10,35.0,Mar/08/2012 01:37:06
639651,HOUSE.DEM.2012,The Democrats to control the House of Representatives after 2012 Congressional Elections,3,35.1,Mar/08/2012 01:37:06
639651,HOUSE.DEM.2012,The Democrats to control the House of Representatives after 2012 Congressional Elections,2,35.1,Mar/08/2012 01:37:06
639651,HOUSE.DEM.2012,The Democrats to control the House of Representatives after 2012 Congressional Elections,1,35.0,Mar/08/2012 01:37:06
639651,HOUSE.DEM.2012,The Democrats to control the House of Representatives after 2012 Congressional Elections,6,35.0,Mar/08/2012 13:22:03
639651,HOUSE.DEM.2012,The Democrats to control the House of Representatives after 2012 Congressional Elections,1,31.1,Mar/11/2012 10:26:55
639651,HOUSE.DEM.2012,The Democrats to control the House of Representatives after 2012 Congressional Elections,3,31.1,Mar/11/2012 10:26:55
639651,HOUSE.DEM.2012,The Democrats to control the House of Representatives after 2012 Congressional Elections,1,31.2,Mar/11/2012 10:26:55
639651,HOUSE.DEM.2012,The Democrats to control the House of Representatives after 2012 Congressional Elections,1,31.2,Mar/11/2012 10:26:55
639651,HOUSE.DEM.2012,The Democrats to control the House of Representatives after 2012 Congressional Elections,1,31.3,Mar/11/2012 10:26:55
639651,HOUSE.DEM.2012,The Democrats to control the House of Representatives after 2012 Congressional Elections,1,31.3,Mar/11/2012 10:26:55
639651,HOUSE.DEM.2012,The Democrats to control the House of Representatives after 2012 Congressional Elections,1,31.1,Mar/11/2012 10:26:55
639651,HOUSE.DEM.2012,The Democrats to control the House of Representatives after 2012 Congressional Elections,1,31.4,Mar/11/2012 10:26:55
639651,HOUSE.DEM.2012,The Democrats to control the House of Representatives after 2012 Congressional Elections,1,31.4,Mar/11/2012 10:26:55
