market id,market symbol,market name,trade quantity,trade price,date/time [utc]
747018,IDOL.2011.LAUREN(A),Lauren Alaina to win American Idol Season 10,5,9.9,Feb/28/2011 16:15:37
747018,IDOL.2011.LAUREN(A),Lauren Alaina to win American Idol Season 10,5,12.9,Feb/28/2011 19:16:15
747018,IDOL.2011.LAUREN(A),Lauren Alaina to win American Idol Season 10,200,14.0,Mar/01/2011 13:25:39
747018,IDOL.2011.LAUREN(A),Lauren Alaina to win American Idol Season 10,5,17.9,Mar/01/2011 13:27:10
747018,IDOL.2011.LAUREN(A),Lauren Alaina to win American Idol Season 10,1,19.9,Mar/01/2011 13:27:10
747018,IDOL.2011.LAUREN(A),Lauren Alaina to win American Idol Season 10,199,15.0,Mar/01/2011 14:43:51
747018,IDOL.2011.LAUREN(A),Lauren Alaina to win American Idol Season 10,99,15.0,Mar/01/2011 16:30:09
747018,IDOL.2011.LAUREN(A),Lauren Alaina to win American Idol Season 10,1,15.0,Mar/01/2011 16:30:09
747018,IDOL.2011.LAUREN(A),Lauren Alaina to win American Idol Season 10,101,15.0,Mar/01/2011 17:30:48
747018,IDOL.2011.LAUREN(A),Lauren Alaina to win American Idol Season 10,49,15.0,Mar/01/2011 17:30:48
747018,IDOL.2011.LAUREN(A),Lauren Alaina to win American Idol Season 10,50,15.0,Mar/01/2011 17:30:53
747018,IDOL.2011.LAUREN(A),Lauren Alaina to win American Idol Season 10,30,15.0,Mar/01/2011 17:31:00
747018,IDOL.2011.LAUREN(A),Lauren Alaina to win American Idol Season 10,20,15.0,Mar/01/2011 17:31:05
747018,IDOL.2011.LAUREN(A),Lauren Alaina to win American Idol Season 10,20,15.0,Mar/01/2011 17:31:10
747018,IDOL.2011.LAUREN(A),Lauren Alaina to win American Idol Season 10,10,15.0,Mar/01/2011 17:31:15
747018,IDOL.2011.LAUREN(A),Lauren Alaina to win American Idol Season 10,5,15.0,Mar/01/2011 17:31:24
747018,IDOL.2011.LAUREN(A),Lauren Alaina to win American Idol Season 10,1,15.0,Mar/01/2011 17:31:30
747018,IDOL.2011.LAUREN(A),Lauren Alaina to win American Idol Season 10,1,15.0,Mar/01/2011 17:31:34
747018,IDOL.2011.LAUREN(A),Lauren Alaina to win American Idol Season 10,1,15.0,Mar/01/2011 17:31:38
747018,IDOL.2011.LAUREN(A),Lauren Alaina to win American Idol Season 10,1,15.0,Mar/01/2011 17:31:42
747018,IDOL.2011.LAUREN(A),Lauren Alaina to win American Idol Season 10,1,15.0,Mar/01/2011 17:31:47
747018,IDOL.2011.LAUREN(A),Lauren Alaina to win American Idol Season 10,1,15.0,Mar/01/2011 17:31:51
747018,IDOL.2011.LAUREN(A),Lauren Alaina to win American Idol Season 10,1,15.0,Mar/01/2011 17:31:55
747018,IDOL.2011.LAUREN(A),Lauren Alaina to win American Idol Season 10,1,15.0,Mar/01/2011 17:31:58
747018,IDOL.2011.LAUREN(A),Lauren Alaina to win American Idol Season 10,1,15.0,Mar/01/2011 17:32:03
747018,IDOL.2011.LAUREN(A),Lauren Alaina to win American Idol Season 10,1,15.0,Mar/01/2011 17:32:08
747018,IDOL.2011.LAUREN(A),Lauren Alaina to win American Idol Season 10,1,15.0,Mar/01/2011 17:32:15
747018,IDOL.2011.LAUREN(A),Lauren Alaina to win American Idol Season 10,2,14.5,Mar/01/2011 17:32:21
747018,IDOL.2011.LAUREN(A),Lauren Alaina to win American Idol Season 10,1,13.6,Mar/01/2011 17:32:28
747018,IDOL.2011.LAUREN(A),Lauren Alaina to win American Idol Season 10,1,15.0,Mar/01/2011 18:29:05
747018,IDOL.2011.LAUREN(A),Lauren Alaina to win American Idol Season 10,1,15.0,Mar/01/2011 21:22:41
747018,IDOL.2011.LAUREN(A),Lauren Alaina to win American Idol Season 10,1,19.9,Mar/01/2011 22:48:32
747018,IDOL.2011.LAUREN(A),Lauren Alaina to win American Idol Season 10,50,16.0,Mar/02/2011 23:07:14
747018,IDOL.2011.LAUREN(A),Lauren Alaina to win American Idol Season 10,20,16.0,Mar/02/2011 23:07:20
747018,IDOL.2011.LAUREN(A),Lauren Alaina to win American Idol Season 10,10,16.0,Mar/02/2011 23:07:26
747018,IDOL.2011.LAUREN(A),Lauren Alaina to win American Idol Season 10,10,16.0,Mar/02/2011 23:07:34
747018,IDOL.2011.LAUREN(A),Lauren Alaina to win American Idol Season 10,5,16.0,Mar/02/2011 23:07:46
747018,IDOL.2011.LAUREN(A),Lauren Alaina to win American Idol Season 10,1,16.0,Mar/02/2011 23:07:51
747018,IDOL.2011.LAUREN(A),Lauren Alaina to win American Idol Season 10,1,16.0,Mar/02/2011 23:07:56
747018,IDOL.2011.LAUREN(A),Lauren Alaina to win American Idol Season 10,1,16.0,Mar/02/2011 23:08:01
747018,IDOL.2011.LAUREN(A),Lauren Alaina to win American Idol Season 10,2,16.0,Mar/02/2011 23:22:38
747018,IDOL.2011.LAUREN(A),Lauren Alaina to win American Idol Season 10,2,16.9,Mar/02/2011 23:23:29
747018,IDOL.2011.LAUREN(A),Lauren Alaina to win American Idol Season 10,4,15.9,Mar/03/2011 01:10:04
747018,IDOL.2011.LAUREN(A),Lauren Alaina to win American Idol Season 10,1,16.9,Mar/03/2011 01:22:39
747018,IDOL.2011.LAUREN(A),Lauren Alaina to win American Idol Season 10,1,15.9,Mar/03/2011 01:22:39
747018,IDOL.2011.LAUREN(A),Lauren Alaina to win American Idol Season 10,1,16.9,Mar/03/2011 01:51:57
747018,IDOL.2011.LAUREN(A),Lauren Alaina to win American Idol Season 10,1,16.9,Mar/03/2011 01:52:02
747018,IDOL.2011.LAUREN(A),Lauren Alaina to win American Idol Season 10,1,16.9,Mar/03/2011 01:52:06
747018,IDOL.2011.LAUREN(A),Lauren Alaina to win American Idol Season 10,1,16.9,Mar/03/2011 01:52:11
747018,IDOL.2011.LAUREN(A),Lauren Alaina to win American Idol Season 10,1,16.9,Mar/03/2011 01:52:21
747018,IDOL.2011.LAUREN(A),Lauren Alaina to win American Idol Season 10,1,16.9,Mar/03/2011 01:52:25
747018,IDOL.2011.LAUREN(A),Lauren Alaina to win American Idol Season 10,30,15.0,Mar/03/2011 03:51:02
747018,IDOL.2011.LAUREN(A),Lauren Alaina to win American Idol Season 10,50,16.0,Mar/03/2011 03:51:10
747018,IDOL.2011.LAUREN(A),Lauren Alaina to win American Idol Season 10,50,16.0,Mar/03/2011 03:51:14
747018,IDOL.2011.LAUREN(A),Lauren Alaina to win American Idol Season 10,50,16.0,Mar/03/2011 03:51:23
747018,IDOL.2011.LAUREN(A),Lauren Alaina to win American Idol Season 10,20,16.0,Mar/03/2011 03:51:28
747018,IDOL.2011.LAUREN(A),Lauren Alaina to win American Idol Season 10,20,16.0,Mar/03/2011 03:51:28
747018,IDOL.2011.LAUREN(A),Lauren Alaina to win American Idol Season 10,10,16.0,Mar/03/2011 03:51:43
747018,IDOL.2011.LAUREN(A),Lauren Alaina to win American Idol Season 10,1,16.8,Mar/03/2011 04:51:00
747018,IDOL.2011.LAUREN(A),Lauren Alaina to win American Idol Season 10,1,16.9,Mar/03/2011 04:51:12
747018,IDOL.2011.LAUREN(A),Lauren Alaina to win American Idol Season 10,5,17.5,Mar/03/2011 04:51:22
747018,IDOL.2011.LAUREN(A),Lauren Alaina to win American Idol Season 10,10,17.9,Mar/03/2011 04:51:40
747018,IDOL.2011.LAUREN(A),Lauren Alaina to win American Idol Season 10,20,17.0,Mar/03/2011 19:41:18
747018,IDOL.2011.LAUREN(A),Lauren Alaina to win American Idol Season 10,150,17.5,Mar/03/2011 19:41:24
747018,IDOL.2011.LAUREN(A),Lauren Alaina to win American Idol Season 10,30,17.5,Mar/03/2011 19:41:30
747018,IDOL.2011.LAUREN(A),Lauren Alaina to win American Idol Season 10,5,17.5,Mar/03/2011 19:41:35
747018,IDOL.2011.LAUREN(A),Lauren Alaina to win American Idol Season 10,1,17.5,Mar/03/2011 19:41:43
747018,IDOL.2011.LAUREN(A),Lauren Alaina to win American Idol Season 10,1,17.5,Mar/03/2011 19:41:47
747018,IDOL.2011.LAUREN(A),Lauren Alaina to win American Idol Season 10,1,17.5,Mar/03/2011 19:41:53
747018,IDOL.2011.LAUREN(A),Lauren Alaina to win American Idol Season 10,1,17.5,Mar/03/2011 19:41:58
747018,IDOL.2011.LAUREN(A),Lauren Alaina to win American Idol Season 10,1,17.5,Mar/03/2011 19:42:04
747018,IDOL.2011.LAUREN(A),Lauren Alaina to win American Idol Season 10,1,14.0,Mar/03/2011 19:42:40
747018,IDOL.2011.LAUREN(A),Lauren Alaina to win American Idol Season 10,1,18.9,Mar/03/2011 23:35:12
747018,IDOL.2011.LAUREN(A),Lauren Alaina to win American Idol Season 10,3,19.9,Mar/04/2011 00:31:27
747018,IDOL.2011.LAUREN(A),Lauren Alaina to win American Idol Season 10,4,18.9,Mar/04/2011 00:31:27
747018,IDOL.2011.LAUREN(A),Lauren Alaina to win American Idol Season 10,1,19.0,Mar/04/2011 01:03:37
747018,IDOL.2011.LAUREN(A),Lauren Alaina to win American Idol Season 10,1,13.0,Mar/04/2011 02:29:37
747018,IDOL.2011.LAUREN(A),Lauren Alaina to win American Idol Season 10,20,17.6,Mar/04/2011 08:12:34
747018,IDOL.2011.LAUREN(A),Lauren Alaina to win American Idol Season 10,19,19.0,Mar/04/2011 09:13:53
747018,IDOL.2011.LAUREN(A),Lauren Alaina to win American Idol Season 10,5,24.9,Mar/04/2011 09:58:44
747018,IDOL.2011.LAUREN(A),Lauren Alaina to win American Idol Season 10,1,19.0,Mar/04/2011 14:29:26
747018,IDOL.2011.LAUREN(A),Lauren Alaina to win American Idol Season 10,1,22.0,Mar/04/2011 14:29:39
747018,IDOL.2011.LAUREN(A),Lauren Alaina to win American Idol Season 10,200,20.0,Mar/04/2011 18:12:42
747018,IDOL.2011.LAUREN(A),Lauren Alaina to win American Idol Season 10,100,20.0,Mar/04/2011 18:16:54
747018,IDOL.2011.LAUREN(A),Lauren Alaina to win American Idol Season 10,3,19.7,Mar/04/2011 19:24:13
747018,IDOL.2011.LAUREN(A),Lauren Alaina to win American Idol Season 10,200,20.5,Mar/04/2011 22:03:22
747018,IDOL.2011.LAUREN(A),Lauren Alaina to win American Idol Season 10,200,20.5,Mar/04/2011 22:18:37
747018,IDOL.2011.LAUREN(A),Lauren Alaina to win American Idol Season 10,200,20.5,Mar/05/2011 00:05:34
747018,IDOL.2011.LAUREN(A),Lauren Alaina to win American Idol Season 10,5,20.5,Mar/05/2011 00:05:34
747018,IDOL.2011.LAUREN(A),Lauren Alaina to win American Idol Season 10,5,20.9,Mar/05/2011 02:47:20
747018,IDOL.2011.LAUREN(A),Lauren Alaina to win American Idol Season 10,5,22.2,Mar/05/2011 03:01:59
747018,IDOL.2011.LAUREN(A),Lauren Alaina to win American Idol Season 10,190,22.0,Mar/05/2011 06:57:14
747018,IDOL.2011.LAUREN(A),Lauren Alaina to win American Idol Season 10,10,22.0,Mar/05/2011 06:57:21
747018,IDOL.2011.LAUREN(A),Lauren Alaina to win American Idol Season 10,1,22.0,Mar/05/2011 06:57:27
747018,IDOL.2011.LAUREN(A),Lauren Alaina to win American Idol Season 10,1,22.0,Mar/05/2011 06:57:33
747018,IDOL.2011.LAUREN(A),Lauren Alaina to win American Idol Season 10,1,22.0,Mar/05/2011 06:57:37
747018,IDOL.2011.LAUREN(A),Lauren Alaina to win American Idol Season 10,1,22.0,Mar/05/2011 06:57:41
747018,IDOL.2011.LAUREN(A),Lauren Alaina to win American Idol Season 10,1,22.0,Mar/05/2011 06:57:46
747018,IDOL.2011.LAUREN(A),Lauren Alaina to win American Idol Season 10,1,19.6,Mar/05/2011 06:57:56
747018,IDOL.2011.LAUREN(A),Lauren Alaina to win American Idol Season 10,1,19.0,Mar/05/2011 06:58:02
747018,IDOL.2011.LAUREN(A),Lauren Alaina to win American Idol Season 10,20,19.5,Mar/05/2011 12:23:57
747018,IDOL.2011.LAUREN(A),Lauren Alaina to win American Idol Season 10,150,21.5,Mar/05/2011 18:44:14
747018,IDOL.2011.LAUREN(A),Lauren Alaina to win American Idol Season 10,30,21.5,Mar/05/2011 18:44:20
747018,IDOL.2011.LAUREN(A),Lauren Alaina to win American Idol Season 10,10,21.5,Mar/05/2011 18:44:26
747018,IDOL.2011.LAUREN(A),Lauren Alaina to win American Idol Season 10,1,21.5,Mar/05/2011 18:44:32
747018,IDOL.2011.LAUREN(A),Lauren Alaina to win American Idol Season 10,1,21.5,Mar/05/2011 18:44:37
747018,IDOL.2011.LAUREN(A),Lauren Alaina to win American Idol Season 10,1,21.5,Mar/05/2011 18:44:41
747018,IDOL.2011.LAUREN(A),Lauren Alaina to win American Idol Season 10,1,21.5,Mar/05/2011 18:44:46
747018,IDOL.2011.LAUREN(A),Lauren Alaina to win American Idol Season 10,1,21.5,Mar/05/2011 18:44:54
747018,IDOL.2011.LAUREN(A),Lauren Alaina to win American Idol Season 10,1,19.5,Mar/05/2011 18:45:01
747018,IDOL.2011.LAUREN(A),Lauren Alaina to win American Idol Season 10,10,19.9,Mar/06/2011 00:06:03
747018,IDOL.2011.LAUREN(A),Lauren Alaina to win American Idol Season 10,1,21.0,Mar/06/2011 19:20:07
747018,IDOL.2011.LAUREN(A),Lauren Alaina to win American Idol Season 10,1,21.0,Mar/06/2011 19:20:22
747018,IDOL.2011.LAUREN(A),Lauren Alaina to win American Idol Season 10,2,20.0,Mar/07/2011 01:02:36
747018,IDOL.2011.LAUREN(A),Lauren Alaina to win American Idol Season 10,1,19.0,Mar/07/2011 02:43:28
747018,IDOL.2011.LAUREN(A),Lauren Alaina to win American Idol Season 10,1,18.6,Mar/07/2011 02:43:36
747018,IDOL.2011.LAUREN(A),Lauren Alaina to win American Idol Season 10,5,21.5,Mar/07/2011 03:02:30
747018,IDOL.2011.LAUREN(A),Lauren Alaina to win American Idol Season 10,8,22.2,Mar/07/2011 03:02:38
747018,IDOL.2011.LAUREN(A),Lauren Alaina to win American Idol Season 10,1,25.0,Mar/07/2011 03:02:52
747018,IDOL.2011.LAUREN(A),Lauren Alaina to win American Idol Season 10,1,25.0,Mar/07/2011 03:08:34
747018,IDOL.2011.LAUREN(A),Lauren Alaina to win American Idol Season 10,180,22.5,Mar/07/2011 03:29:03
747018,IDOL.2011.LAUREN(A),Lauren Alaina to win American Idol Season 10,10,22.5,Mar/07/2011 03:29:09
747018,IDOL.2011.LAUREN(A),Lauren Alaina to win American Idol Season 10,1,22.5,Mar/07/2011 03:29:15
747018,IDOL.2011.LAUREN(A),Lauren Alaina to win American Idol Season 10,1,22.5,Mar/07/2011 03:29:19
747018,IDOL.2011.LAUREN(A),Lauren Alaina to win American Idol Season 10,1,22.5,Mar/07/2011 03:29:23
747018,IDOL.2011.LAUREN(A),Lauren Alaina to win American Idol Season 10,1,22.5,Mar/07/2011 03:29:34
747018,IDOL.2011.LAUREN(A),Lauren Alaina to win American Idol Season 10,1,22.5,Mar/07/2011 03:29:52
747018,IDOL.2011.LAUREN(A),Lauren Alaina to win American Idol Season 10,8,22.2,Mar/07/2011 03:30:02
747018,IDOL.2011.LAUREN(A),Lauren Alaina to win American Idol Season 10,1,18.6,Mar/07/2011 03:30:08
747018,IDOL.2011.LAUREN(A),Lauren Alaina to win American Idol Season 10,1,18.6,Mar/07/2011 03:30:13
747018,IDOL.2011.LAUREN(A),Lauren Alaina to win American Idol Season 10,1,18.6,Mar/07/2011 03:30:17
747018,IDOL.2011.LAUREN(A),Lauren Alaina to win American Idol Season 10,1,18.6,Mar/07/2011 03:30:23
747018,IDOL.2011.LAUREN(A),Lauren Alaina to win American Idol Season 10,1,18.1,Mar/07/2011 03:30:27
747018,IDOL.2011.LAUREN(A),Lauren Alaina to win American Idol Season 10,1,22.5,Mar/07/2011 13:43:05
747018,IDOL.2011.LAUREN(A),Lauren Alaina to win American Idol Season 10,1,19.2,Mar/07/2011 18:51:32
747018,IDOL.2011.LAUREN(A),Lauren Alaina to win American Idol Season 10,1,19.2,Mar/07/2011 19:17:25
747018,IDOL.2011.LAUREN(A),Lauren Alaina to win American Idol Season 10,1,18.1,Mar/07/2011 19:17:25
747018,IDOL.2011.LAUREN(A),Lauren Alaina to win American Idol Season 10,1,21.7,Mar/08/2011 13:53:00
747018,IDOL.2011.LAUREN(A),Lauren Alaina to win American Idol Season 10,1,21.5,Mar/08/2011 13:53:00
747018,IDOL.2011.LAUREN(A),Lauren Alaina to win American Idol Season 10,1,21.3,Mar/08/2011 13:53:00
747018,IDOL.2011.LAUREN(A),Lauren Alaina to win American Idol Season 10,1,21.1,Mar/08/2011 13:53:00
747018,IDOL.2011.LAUREN(A),Lauren Alaina to win American Idol Season 10,80,22.5,Mar/08/2011 19:14:33
747018,IDOL.2011.LAUREN(A),Lauren Alaina to win American Idol Season 10,10,22.5,Mar/08/2011 19:14:39
747018,IDOL.2011.LAUREN(A),Lauren Alaina to win American Idol Season 10,1,22.5,Mar/08/2011 19:14:49
747018,IDOL.2011.LAUREN(A),Lauren Alaina to win American Idol Season 10,1,22.5,Mar/08/2011 19:14:56
747018,IDOL.2011.LAUREN(A),Lauren Alaina to win American Idol Season 10,1,22.5,Mar/08/2011 19:15:01
747018,IDOL.2011.LAUREN(A),Lauren Alaina to win American Idol Season 10,1,22.5,Mar/08/2011 19:15:06
747018,IDOL.2011.LAUREN(A),Lauren Alaina to win American Idol Season 10,1,22.5,Mar/08/2011 19:15:15
747018,IDOL.2011.LAUREN(A),Lauren Alaina to win American Idol Season 10,1,20.1,Mar/08/2011 19:15:23
747018,IDOL.2011.LAUREN(A),Lauren Alaina to win American Idol Season 10,3,19.8,Mar/08/2011 19:15:23
747018,IDOL.2011.LAUREN(A),Lauren Alaina to win American Idol Season 10,1,19.1,Mar/08/2011 19:15:49
747018,IDOL.2011.LAUREN(A),Lauren Alaina to win American Idol Season 10,100,20.7,Mar/09/2011 13:33:55
747018,IDOL.2011.LAUREN(A),Lauren Alaina to win American Idol Season 10,1,19.1,Mar/09/2011 14:26:19
747018,IDOL.2011.LAUREN(A),Lauren Alaina to win American Idol Season 10,50,21.0,Mar/09/2011 19:36:46
747018,IDOL.2011.LAUREN(A),Lauren Alaina to win American Idol Season 10,100,22.0,Mar/09/2011 19:39:22
747018,IDOL.2011.LAUREN(A),Lauren Alaina to win American Idol Season 10,35,21.0,Mar/09/2011 19:53:19
747018,IDOL.2011.LAUREN(A),Lauren Alaina to win American Idol Season 10,15,21.0,Mar/09/2011 19:53:51
747018,IDOL.2011.LAUREN(A),Lauren Alaina to win American Idol Season 10,1,19.0,Mar/10/2011 01:05:53
747018,IDOL.2011.LAUREN(A),Lauren Alaina to win American Idol Season 10,2,19.0,Mar/10/2011 01:09:22
747018,IDOL.2011.LAUREN(A),Lauren Alaina to win American Idol Season 10,1,17.0,Mar/10/2011 01:16:08
747018,IDOL.2011.LAUREN(A),Lauren Alaina to win American Idol Season 10,1,21.0,Mar/10/2011 01:32:31
747018,IDOL.2011.LAUREN(A),Lauren Alaina to win American Idol Season 10,1,17.6,Mar/10/2011 03:13:23
747018,IDOL.2011.LAUREN(A),Lauren Alaina to win American Idol Season 10,1,21.3,Mar/10/2011 13:09:20
747018,IDOL.2011.LAUREN(A),Lauren Alaina to win American Idol Season 10,3,18.0,Mar/10/2011 13:26:28
747018,IDOL.2011.LAUREN(A),Lauren Alaina to win American Idol Season 10,2,18.8,Mar/10/2011 13:26:28
747018,IDOL.2011.LAUREN(A),Lauren Alaina to win American Idol Season 10,24,17.6,Mar/10/2011 13:26:28
747018,IDOL.2011.LAUREN(A),Lauren Alaina to win American Idol Season 10,21,17.5,Mar/10/2011 13:26:28
747018,IDOL.2011.LAUREN(A),Lauren Alaina to win American Idol Season 10,4,17.5,Mar/10/2011 21:37:07
747018,IDOL.2011.LAUREN(A),Lauren Alaina to win American Idol Season 10,20,17.5,Mar/10/2011 21:37:07
747018,IDOL.2011.LAUREN(A),Lauren Alaina to win American Idol Season 10,20,17.4,Mar/10/2011 21:37:28
747018,IDOL.2011.LAUREN(A),Lauren Alaina to win American Idol Season 10,1,17.0,Mar/11/2011 07:35:54
747018,IDOL.2011.LAUREN(A),Lauren Alaina to win American Idol Season 10,1,17.0,Mar/11/2011 07:36:00
747018,IDOL.2011.LAUREN(A),Lauren Alaina to win American Idol Season 10,1,11.5,Mar/11/2011 07:36:10
747018,IDOL.2011.LAUREN(A),Lauren Alaina to win American Idol Season 10,1,11.5,Mar/11/2011 07:36:44
747018,IDOL.2011.LAUREN(A),Lauren Alaina to win American Idol Season 10,1,11.5,Mar/11/2011 07:36:48
747018,IDOL.2011.LAUREN(A),Lauren Alaina to win American Idol Season 10,10,18.0,Mar/11/2011 16:27:14
747018,IDOL.2011.LAUREN(A),Lauren Alaina to win American Idol Season 10,100,15.6,Mar/11/2011 16:31:50
747018,IDOL.2011.LAUREN(A),Lauren Alaina to win American Idol Season 10,100,15.6,Mar/11/2011 16:36:32
747018,IDOL.2011.LAUREN(A),Lauren Alaina to win American Idol Season 10,1,19.0,Mar/11/2011 19:33:14
747018,IDOL.2011.LAUREN(A),Lauren Alaina to win American Idol Season 10,1,20.0,Mar/11/2011 19:33:14
747018,IDOL.2011.LAUREN(A),Lauren Alaina to win American Idol Season 10,1,17.2,Mar/11/2011 21:17:51
747018,IDOL.2011.LAUREN(A),Lauren Alaina to win American Idol Season 10,19,20.0,Mar/11/2011 22:22:24
747018,IDOL.2011.LAUREN(A),Lauren Alaina to win American Idol Season 10,1,17.2,Mar/12/2011 02:28:59
747018,IDOL.2011.LAUREN(A),Lauren Alaina to win American Idol Season 10,80,19.5,Mar/12/2011 22:05:53
747018,IDOL.2011.LAUREN(A),Lauren Alaina to win American Idol Season 10,5,19.5,Mar/12/2011 22:06:00
747018,IDOL.2011.LAUREN(A),Lauren Alaina to win American Idol Season 10,1,19.5,Mar/12/2011 22:06:05
747018,IDOL.2011.LAUREN(A),Lauren Alaina to win American Idol Season 10,1,19.5,Mar/12/2011 22:06:10
747018,IDOL.2011.LAUREN(A),Lauren Alaina to win American Idol Season 10,1,19.5,Mar/12/2011 22:06:14
747018,IDOL.2011.LAUREN(A),Lauren Alaina to win American Idol Season 10,1,19.5,Mar/12/2011 22:06:19
747018,IDOL.2011.LAUREN(A),Lauren Alaina to win American Idol Season 10,11,19.5,Mar/12/2011 22:06:31
747018,IDOL.2011.LAUREN(A),Lauren Alaina to win American Idol Season 10,1,17.5,Mar/12/2011 22:06:37
747018,IDOL.2011.LAUREN(A),Lauren Alaina to win American Idol Season 10,40,19.5,Mar/13/2011 01:47:55
747018,IDOL.2011.LAUREN(A),Lauren Alaina to win American Idol Season 10,30,19.5,Mar/13/2011 01:48:01
747018,IDOL.2011.LAUREN(A),Lauren Alaina to win American Idol Season 10,20,19.5,Mar/13/2011 01:48:08
747018,IDOL.2011.LAUREN(A),Lauren Alaina to win American Idol Season 10,1,17.8,Mar/13/2011 01:48:56
747018,IDOL.2011.LAUREN(A),Lauren Alaina to win American Idol Season 10,10,19.5,Mar/14/2011 05:01:48
747018,IDOL.2011.LAUREN(A),Lauren Alaina to win American Idol Season 10,10,21.5,Mar/14/2011 05:03:11
747018,IDOL.2011.LAUREN(A),Lauren Alaina to win American Idol Season 10,7,21.5,Mar/14/2011 05:09:54
747018,IDOL.2011.LAUREN(A),Lauren Alaina to win American Idol Season 10,1,18.5,Mar/14/2011 19:45:42
747018,IDOL.2011.LAUREN(A),Lauren Alaina to win American Idol Season 10,99,20.5,Mar/14/2011 21:12:36
747018,IDOL.2011.LAUREN(A),Lauren Alaina to win American Idol Season 10,1,18.5,Mar/14/2011 21:12:47
747018,IDOL.2011.LAUREN(A),Lauren Alaina to win American Idol Season 10,1,18.9,Mar/14/2011 21:28:18
747018,IDOL.2011.LAUREN(A),Lauren Alaina to win American Idol Season 10,12,20.7,Mar/15/2011 07:35:12
747018,IDOL.2011.LAUREN(A),Lauren Alaina to win American Idol Season 10,30,21.4,Mar/15/2011 07:35:21
747018,IDOL.2011.LAUREN(A),Lauren Alaina to win American Idol Season 10,20,21.4,Mar/15/2011 07:35:26
747018,IDOL.2011.LAUREN(A),Lauren Alaina to win American Idol Season 10,10,21.4,Mar/15/2011 07:35:31
747018,IDOL.2011.LAUREN(A),Lauren Alaina to win American Idol Season 10,20,21.4,Mar/15/2011 07:35:40
747018,IDOL.2011.LAUREN(A),Lauren Alaina to win American Idol Season 10,10,21.4,Mar/15/2011 07:35:45
747018,IDOL.2011.LAUREN(A),Lauren Alaina to win American Idol Season 10,10,21.4,Mar/15/2011 07:35:57
747018,IDOL.2011.LAUREN(A),Lauren Alaina to win American Idol Season 10,1,21.5,Mar/15/2011 07:36:34
747018,IDOL.2011.LAUREN(A),Lauren Alaina to win American Idol Season 10,1,21.5,Mar/15/2011 07:36:38
747018,IDOL.2011.LAUREN(A),Lauren Alaina to win American Idol Season 10,1,21.5,Mar/15/2011 07:36:43
747018,IDOL.2011.LAUREN(A),Lauren Alaina to win American Idol Season 10,1,19.0,Mar/15/2011 07:37:08
747018,IDOL.2011.LAUREN(A),Lauren Alaina to win American Idol Season 10,1,21.3,Mar/15/2011 16:06:45
747018,IDOL.2011.LAUREN(A),Lauren Alaina to win American Idol Season 10,1,18.5,Mar/16/2011 05:25:02
747018,IDOL.2011.LAUREN(A),Lauren Alaina to win American Idol Season 10,1,27.9,Mar/16/2011 15:09:03
747018,IDOL.2011.LAUREN(A),Lauren Alaina to win American Idol Season 10,1,23.0,Mar/16/2011 16:54:11
747018,IDOL.2011.LAUREN(A),Lauren Alaina to win American Idol Season 10,1,20.1,Mar/16/2011 19:51:44
747018,IDOL.2011.LAUREN(A),Lauren Alaina to win American Idol Season 10,1,20.1,Mar/16/2011 19:56:36
747018,IDOL.2011.LAUREN(A),Lauren Alaina to win American Idol Season 10,3,19.3,Mar/16/2011 19:56:36
747018,IDOL.2011.LAUREN(A),Lauren Alaina to win American Idol Season 10,2,20.0,Mar/16/2011 19:56:36
747018,IDOL.2011.LAUREN(A),Lauren Alaina to win American Idol Season 10,1,18.5,Mar/16/2011 19:56:36
747018,IDOL.2011.LAUREN(A),Lauren Alaina to win American Idol Season 10,1,18.9,Mar/16/2011 23:09:47
747018,IDOL.2011.LAUREN(A),Lauren Alaina to win American Idol Season 10,1,17.3,Mar/17/2011 01:49:06
747018,IDOL.2011.LAUREN(A),Lauren Alaina to win American Idol Season 10,1,26.4,Mar/17/2011 03:11:28
747018,IDOL.2011.LAUREN(A),Lauren Alaina to win American Idol Season 10,4,20.2,Mar/17/2011 04:50:26
747018,IDOL.2011.LAUREN(A),Lauren Alaina to win American Idol Season 10,1,19.5,Mar/17/2011 08:28:27
747018,IDOL.2011.LAUREN(A),Lauren Alaina to win American Idol Season 10,10,19.6,Mar/17/2011 13:01:36
747018,IDOL.2011.LAUREN(A),Lauren Alaina to win American Idol Season 10,100,19.0,Mar/17/2011 13:02:47
747018,IDOL.2011.LAUREN(A),Lauren Alaina to win American Idol Season 10,80,19.0,Mar/17/2011 17:59:39
747018,IDOL.2011.LAUREN(A),Lauren Alaina to win American Idol Season 10,60,19.0,Mar/17/2011 17:59:44
747018,IDOL.2011.LAUREN(A),Lauren Alaina to win American Idol Season 10,20,19.0,Mar/17/2011 18:00:24
747018,IDOL.2011.LAUREN(A),Lauren Alaina to win American Idol Season 10,10,19.0,Mar/17/2011 18:00:33
747018,IDOL.2011.LAUREN(A),Lauren Alaina to win American Idol Season 10,5,19.0,Mar/17/2011 18:00:52
747018,IDOL.2011.LAUREN(A),Lauren Alaina to win American Idol Season 10,1,19.0,Mar/17/2011 18:00:57
747018,IDOL.2011.LAUREN(A),Lauren Alaina to win American Idol Season 10,1,19.0,Mar/17/2011 18:01:08
747018,IDOL.2011.LAUREN(A),Lauren Alaina to win American Idol Season 10,1,19.0,Mar/17/2011 18:01:15
747018,IDOL.2011.LAUREN(A),Lauren Alaina to win American Idol Season 10,1,19.0,Mar/17/2011 18:01:26
747018,IDOL.2011.LAUREN(A),Lauren Alaina to win American Idol Season 10,1,19.0,Mar/17/2011 18:01:56
747018,IDOL.2011.LAUREN(A),Lauren Alaina to win American Idol Season 10,1,15.6,Mar/17/2011 18:02:03
747018,IDOL.2011.LAUREN(A),Lauren Alaina to win American Idol Season 10,1,15.8,Mar/18/2011 00:39:16
747018,IDOL.2011.LAUREN(A),Lauren Alaina to win American Idol Season 10,1,15.8,Mar/18/2011 01:01:01
747018,IDOL.2011.LAUREN(A),Lauren Alaina to win American Idol Season 10,1,20.0,Mar/18/2011 05:20:49
747018,IDOL.2011.LAUREN(A),Lauren Alaina to win American Idol Season 10,2,17.0,Mar/18/2011 23:25:20
747018,IDOL.2011.LAUREN(A),Lauren Alaina to win American Idol Season 10,7,17.6,Mar/21/2011 22:38:24
747018,IDOL.2011.LAUREN(A),Lauren Alaina to win American Idol Season 10,10,17.6,Mar/22/2011 16:17:33
747018,IDOL.2011.LAUREN(A),Lauren Alaina to win American Idol Season 10,97,18.0,Mar/23/2011 00:14:22
747018,IDOL.2011.LAUREN(A),Lauren Alaina to win American Idol Season 10,93,18.0,Mar/23/2011 00:15:44
747018,IDOL.2011.LAUREN(A),Lauren Alaina to win American Idol Season 10,1,17.5,Mar/23/2011 00:22:36
747018,IDOL.2011.LAUREN(A),Lauren Alaina to win American Idol Season 10,10,18.0,Mar/23/2011 10:22:42
747018,IDOL.2011.LAUREN(A),Lauren Alaina to win American Idol Season 10,10,19.0,Mar/23/2011 10:22:42
747018,IDOL.2011.LAUREN(A),Lauren Alaina to win American Idol Season 10,1,19.9,Mar/23/2011 10:25:22
747018,IDOL.2011.LAUREN(A),Lauren Alaina to win American Idol Season 10,90,20.0,Mar/23/2011 23:40:03
747018,IDOL.2011.LAUREN(A),Lauren Alaina to win American Idol Season 10,1,17.8,Mar/23/2011 23:40:12
747018,IDOL.2011.LAUREN(A),Lauren Alaina to win American Idol Season 10,5,18.0,Mar/24/2011 01:16:06
747018,IDOL.2011.LAUREN(A),Lauren Alaina to win American Idol Season 10,1,20.0,Mar/24/2011 15:05:34
747018,IDOL.2011.LAUREN(A),Lauren Alaina to win American Idol Season 10,1,19.5,Mar/24/2011 15:05:34
747018,IDOL.2011.LAUREN(A),Lauren Alaina to win American Idol Season 10,1,18.3,Mar/25/2011 00:35:34
747018,IDOL.2011.LAUREN(A),Lauren Alaina to win American Idol Season 10,1,18.6,Mar/25/2011 01:20:04
747018,IDOL.2011.LAUREN(A),Lauren Alaina to win American Idol Season 10,9,18.5,Mar/25/2011 01:20:04
747018,IDOL.2011.LAUREN(A),Lauren Alaina to win American Idol Season 10,24,18.3,Mar/25/2011 05:59:24
747018,IDOL.2011.LAUREN(A),Lauren Alaina to win American Idol Season 10,1,17.8,Mar/25/2011 05:59:24
747018,IDOL.2011.LAUREN(A),Lauren Alaina to win American Idol Season 10,1,18.6,Mar/25/2011 05:59:24
747018,IDOL.2011.LAUREN(A),Lauren Alaina to win American Idol Season 10,1,17.7,Mar/25/2011 11:38:19
747018,IDOL.2011.LAUREN(A),Lauren Alaina to win American Idol Season 10,10,19.2,Mar/25/2011 17:08:16
747018,IDOL.2011.LAUREN(A),Lauren Alaina to win American Idol Season 10,190,18.5,Mar/26/2011 00:16:52
747018,IDOL.2011.LAUREN(A),Lauren Alaina to win American Idol Season 10,10,18.5,Mar/26/2011 00:30:24
747018,IDOL.2011.LAUREN(A),Lauren Alaina to win American Idol Season 10,190,18.5,Mar/26/2011 00:30:24
747018,IDOL.2011.LAUREN(A),Lauren Alaina to win American Idol Season 10,100,18.5,Mar/26/2011 03:40:39
747018,IDOL.2011.LAUREN(A),Lauren Alaina to win American Idol Season 10,10,18.2,Mar/26/2011 04:45:03
747018,IDOL.2011.LAUREN(A),Lauren Alaina to win American Idol Season 10,1,17.9,Mar/26/2011 04:45:10
747018,IDOL.2011.LAUREN(A),Lauren Alaina to win American Idol Season 10,5,18.1,Mar/26/2011 09:46:41
747018,IDOL.2011.LAUREN(A),Lauren Alaina to win American Idol Season 10,25,18.0,Mar/26/2011 09:49:33
747018,IDOL.2011.LAUREN(A),Lauren Alaina to win American Idol Season 10,1,17.9,Mar/27/2011 07:15:25
747018,IDOL.2011.LAUREN(A),Lauren Alaina to win American Idol Season 10,6,18.4,Mar/29/2011 02:50:10
747018,IDOL.2011.LAUREN(A),Lauren Alaina to win American Idol Season 10,3,18.3,Mar/29/2011 02:50:43
747018,IDOL.2011.LAUREN(A),Lauren Alaina to win American Idol Season 10,3,18.3,Mar/29/2011 02:50:43
747018,IDOL.2011.LAUREN(A),Lauren Alaina to win American Idol Season 10,2,18.2,Mar/29/2011 20:37:25
747018,IDOL.2011.LAUREN(A),Lauren Alaina to win American Idol Season 10,1,17.9,Mar/29/2011 20:37:33
747018,IDOL.2011.LAUREN(A),Lauren Alaina to win American Idol Season 10,5,18.5,Mar/30/2011 18:20:31
747018,IDOL.2011.LAUREN(A),Lauren Alaina to win American Idol Season 10,1,17.5,Mar/31/2011 00:59:37
747018,IDOL.2011.LAUREN(A),Lauren Alaina to win American Idol Season 10,1,19.7,Mar/31/2011 01:03:33
747018,IDOL.2011.LAUREN(A),Lauren Alaina to win American Idol Season 10,6,19.8,Mar/31/2011 01:03:33
747018,IDOL.2011.LAUREN(A),Lauren Alaina to win American Idol Season 10,1,19.7,Mar/31/2011 01:03:33
747018,IDOL.2011.LAUREN(A),Lauren Alaina to win American Idol Season 10,2,19.7,Mar/31/2011 01:03:33
747018,IDOL.2011.LAUREN(A),Lauren Alaina to win American Idol Season 10,1,28.0,Mar/31/2011 01:03:33
747018,IDOL.2011.LAUREN(A),Lauren Alaina to win American Idol Season 10,1,18.1,Mar/31/2011 01:04:46
747018,IDOL.2011.LAUREN(A),Lauren Alaina to win American Idol Season 10,1,24.7,Mar/31/2011 03:08:51
747018,IDOL.2011.LAUREN(A),Lauren Alaina to win American Idol Season 10,8,20.0,Mar/31/2011 03:41:06
747018,IDOL.2011.LAUREN(A),Lauren Alaina to win American Idol Season 10,1,19.0,Mar/31/2011 03:41:13
747018,IDOL.2011.LAUREN(A),Lauren Alaina to win American Idol Season 10,80,20.0,Mar/31/2011 15:25:25
747018,IDOL.2011.LAUREN(A),Lauren Alaina to win American Idol Season 10,60,20.0,Mar/31/2011 15:25:31
747018,IDOL.2011.LAUREN(A),Lauren Alaina to win American Idol Season 10,40,20.0,Mar/31/2011 15:25:37
747018,IDOL.2011.LAUREN(A),Lauren Alaina to win American Idol Season 10,30,20.0,Mar/31/2011 15:25:48
747018,IDOL.2011.LAUREN(A),Lauren Alaina to win American Idol Season 10,40,20.0,Mar/31/2011 15:25:58
747018,IDOL.2011.LAUREN(A),Lauren Alaina to win American Idol Season 10,20,20.0,Mar/31/2011 15:26:04
747018,IDOL.2011.LAUREN(A),Lauren Alaina to win American Idol Season 10,10,20.0,Mar/31/2011 15:26:15
747018,IDOL.2011.LAUREN(A),Lauren Alaina to win American Idol Season 10,5,20.0,Mar/31/2011 15:26:22
747018,IDOL.2011.LAUREN(A),Lauren Alaina to win American Idol Season 10,1,20.0,Mar/31/2011 15:26:27
747018,IDOL.2011.LAUREN(A),Lauren Alaina to win American Idol Season 10,1,20.0,Mar/31/2011 15:26:31
747018,IDOL.2011.LAUREN(A),Lauren Alaina to win American Idol Season 10,1,20.0,Mar/31/2011 15:26:36
747018,IDOL.2011.LAUREN(A),Lauren Alaina to win American Idol Season 10,1,20.0,Mar/31/2011 15:26:40
747018,IDOL.2011.LAUREN(A),Lauren Alaina to win American Idol Season 10,1,20.0,Mar/31/2011 15:26:51
747018,IDOL.2011.LAUREN(A),Lauren Alaina to win American Idol Season 10,1,17.5,Mar/31/2011 15:26:57
747018,IDOL.2011.LAUREN(A),Lauren Alaina to win American Idol Season 10,1,17.5,Mar/31/2011 15:29:10
747018,IDOL.2011.LAUREN(A),Lauren Alaina to win American Idol Season 10,1,17.5,Mar/31/2011 15:31:12
747018,IDOL.2011.LAUREN(A),Lauren Alaina to win American Idol Season 10,1,17.5,Mar/31/2011 15:36:23
747018,IDOL.2011.LAUREN(A),Lauren Alaina to win American Idol Season 10,5,18.0,Mar/31/2011 15:46:24
747018,IDOL.2011.LAUREN(A),Lauren Alaina to win American Idol Season 10,1,18.0,Mar/31/2011 15:46:30
747018,IDOL.2011.LAUREN(A),Lauren Alaina to win American Idol Season 10,1,17.5,Mar/31/2011 15:46:36
747018,IDOL.2011.LAUREN(A),Lauren Alaina to win American Idol Season 10,10,17.9,Mar/31/2011 21:47:57
747018,IDOL.2011.LAUREN(A),Lauren Alaina to win American Idol Season 10,180,19.0,Apr/04/2011 20:03:24
747018,IDOL.2011.LAUREN(A),Lauren Alaina to win American Idol Season 10,20,19.0,Apr/05/2011 02:32:01
747018,IDOL.2011.LAUREN(A),Lauren Alaina to win American Idol Season 10,25,19.0,Apr/05/2011 15:52:40
747018,IDOL.2011.LAUREN(A),Lauren Alaina to win American Idol Season 10,5,19.0,Apr/05/2011 18:37:22
747018,IDOL.2011.LAUREN(A),Lauren Alaina to win American Idol Season 10,1,18.2,Apr/07/2011 00:34:15
747018,IDOL.2011.LAUREN(A),Lauren Alaina to win American Idol Season 10,1,18.2,Apr/07/2011 00:35:53
747018,IDOL.2011.LAUREN(A),Lauren Alaina to win American Idol Season 10,27,18.2,Apr/07/2011 01:26:29
747018,IDOL.2011.LAUREN(A),Lauren Alaina to win American Idol Season 10,80,18.0,Apr/07/2011 01:26:29
747018,IDOL.2011.LAUREN(A),Lauren Alaina to win American Idol Season 10,30,18.3,Apr/07/2011 01:26:29
747018,IDOL.2011.LAUREN(A),Lauren Alaina to win American Idol Season 10,93,17.5,Apr/07/2011 01:41:06
747018,IDOL.2011.LAUREN(A),Lauren Alaina to win American Idol Season 10,90,17.6,Apr/07/2011 01:41:06
747018,IDOL.2011.LAUREN(A),Lauren Alaina to win American Idol Season 10,147,17.5,Apr/07/2011 01:57:17
747018,IDOL.2011.LAUREN(A),Lauren Alaina to win American Idol Season 10,17,17.5,Apr/07/2011 01:57:17
747018,IDOL.2011.LAUREN(A),Lauren Alaina to win American Idol Season 10,10,17.0,Apr/07/2011 12:31:02
747018,IDOL.2011.LAUREN(A),Lauren Alaina to win American Idol Season 10,1,17.0,Apr/07/2011 12:31:02
747018,IDOL.2011.LAUREN(A),Lauren Alaina to win American Idol Season 10,1,17.5,Apr/07/2011 12:31:38
747018,IDOL.2011.LAUREN(A),Lauren Alaina to win American Idol Season 10,19,17.5,Apr/07/2011 18:46:44
747018,IDOL.2011.LAUREN(A),Lauren Alaina to win American Idol Season 10,80,17.7,Apr/07/2011 18:46:54
747018,IDOL.2011.LAUREN(A),Lauren Alaina to win American Idol Season 10,1,16.0,Apr/07/2011 18:47:35
747018,IDOL.2011.LAUREN(A),Lauren Alaina to win American Idol Season 10,10,20.0,Apr/08/2011 00:56:52
747018,IDOL.2011.LAUREN(A),Lauren Alaina to win American Idol Season 10,10,19.0,Apr/08/2011 00:56:52
747018,IDOL.2011.LAUREN(A),Lauren Alaina to win American Idol Season 10,10,18.0,Apr/08/2011 00:56:52
747018,IDOL.2011.LAUREN(A),Lauren Alaina to win American Idol Season 10,5,17.0,Apr/08/2011 02:25:08
747018,IDOL.2011.LAUREN(A),Lauren Alaina to win American Idol Season 10,1,24.7,Apr/08/2011 03:39:14
747018,IDOL.2011.LAUREN(A),Lauren Alaina to win American Idol Season 10,1,22.8,Apr/08/2011 05:50:50
747018,IDOL.2011.LAUREN(A),Lauren Alaina to win American Idol Season 10,1,22.0,Apr/08/2011 05:50:58
747018,IDOL.2011.LAUREN(A),Lauren Alaina to win American Idol Season 10,7,22.0,Apr/08/2011 05:56:55
747018,IDOL.2011.LAUREN(A),Lauren Alaina to win American Idol Season 10,1,21.0,Apr/08/2011 05:57:05
747018,IDOL.2011.LAUREN(A),Lauren Alaina to win American Idol Season 10,1,22.5,Apr/08/2011 12:24:33
747018,IDOL.2011.LAUREN(A),Lauren Alaina to win American Idol Season 10,1,28.9,Apr/08/2011 12:24:33
747018,IDOL.2011.LAUREN(A),Lauren Alaina to win American Idol Season 10,1,24.0,Apr/09/2011 11:45:13
747018,IDOL.2011.LAUREN(A),Lauren Alaina to win American Idol Season 10,1,23.5,Apr/09/2011 11:45:18
747018,IDOL.2011.LAUREN(A),Lauren Alaina to win American Idol Season 10,1,23.0,Apr/09/2011 11:45:23
747018,IDOL.2011.LAUREN(A),Lauren Alaina to win American Idol Season 10,1,21.8,Apr/09/2011 11:45:41
747018,IDOL.2011.LAUREN(A),Lauren Alaina to win American Idol Season 10,1,22.5,Apr/09/2011 11:45:41
747018,IDOL.2011.LAUREN(A),Lauren Alaina to win American Idol Season 10,1,21.5,Apr/09/2011 11:45:41
747018,IDOL.2011.LAUREN(A),Lauren Alaina to win American Idol Season 10,1,20.0,Apr/09/2011 11:45:41
747018,IDOL.2011.LAUREN(A),Lauren Alaina to win American Idol Season 10,1,22.0,Apr/09/2011 11:45:41
747018,IDOL.2011.LAUREN(A),Lauren Alaina to win American Idol Season 10,9,21.0,Apr/09/2011 11:45:41
747018,IDOL.2011.LAUREN(A),Lauren Alaina to win American Idol Season 10,1,20.8,Apr/09/2011 13:00:02
747018,IDOL.2011.LAUREN(A),Lauren Alaina to win American Idol Season 10,1,22.5,Apr/09/2011 16:17:19
747018,IDOL.2011.LAUREN(A),Lauren Alaina to win American Idol Season 10,1,20.2,Apr/09/2011 16:17:30
747018,IDOL.2011.LAUREN(A),Lauren Alaina to win American Idol Season 10,1,20.5,Apr/11/2011 17:51:02
747018,IDOL.2011.LAUREN(A),Lauren Alaina to win American Idol Season 10,9,20.5,Apr/12/2011 04:03:10
747018,IDOL.2011.LAUREN(A),Lauren Alaina to win American Idol Season 10,141,20.4,Apr/12/2011 12:19:57
747018,IDOL.2011.LAUREN(A),Lauren Alaina to win American Idol Season 10,5,20.4,Apr/12/2011 16:51:06
747018,IDOL.2011.LAUREN(A),Lauren Alaina to win American Idol Season 10,136,20.4,Apr/13/2011 20:35:03
747018,IDOL.2011.LAUREN(A),Lauren Alaina to win American Idol Season 10,5,20.5,Apr/13/2011 20:35:03
747018,IDOL.2011.LAUREN(A),Lauren Alaina to win American Idol Season 10,5,20.4,Apr/13/2011 20:35:03
747018,IDOL.2011.LAUREN(A),Lauren Alaina to win American Idol Season 10,100,20.4,Apr/14/2011 00:14:03
747018,IDOL.2011.LAUREN(A),Lauren Alaina to win American Idol Season 10,5,20.0,Apr/14/2011 00:21:48
747018,IDOL.2011.LAUREN(A),Lauren Alaina to win American Idol Season 10,1,20.8,Apr/14/2011 00:26:53
747018,IDOL.2011.LAUREN(A),Lauren Alaina to win American Idol Season 10,10,22.0,Apr/14/2011 03:56:49
747018,IDOL.2011.LAUREN(A),Lauren Alaina to win American Idol Season 10,1,18.1,Apr/14/2011 15:12:32
747018,IDOL.2011.LAUREN(A),Lauren Alaina to win American Idol Season 10,1,24.2,Apr/14/2011 16:50:26
747018,IDOL.2011.LAUREN(A),Lauren Alaina to win American Idol Season 10,1,21.3,Apr/14/2011 18:22:13
747018,IDOL.2011.LAUREN(A),Lauren Alaina to win American Idol Season 10,18,25.0,Apr/17/2011 02:45:37
747018,IDOL.2011.LAUREN(A),Lauren Alaina to win American Idol Season 10,8,23.0,Apr/18/2011 14:41:41
747018,IDOL.2011.LAUREN(A),Lauren Alaina to win American Idol Season 10,10,22.2,Apr/19/2011 13:47:31
747018,IDOL.2011.LAUREN(A),Lauren Alaina to win American Idol Season 10,12,22.2,Apr/20/2011 05:31:09
747018,IDOL.2011.LAUREN(A),Lauren Alaina to win American Idol Season 10,22,22.1,Apr/20/2011 05:31:25
747018,IDOL.2011.LAUREN(A),Lauren Alaina to win American Idol Season 10,50,21.1,Apr/20/2011 05:31:40
747018,IDOL.2011.LAUREN(A),Lauren Alaina to win American Idol Season 10,1,26.2,Apr/20/2011 20:22:47
747018,IDOL.2011.LAUREN(A),Lauren Alaina to win American Idol Season 10,25,24.0,Apr/21/2011 14:35:59
747018,IDOL.2011.LAUREN(A),Lauren Alaina to win American Idol Season 10,10,22.6,Apr/21/2011 14:37:25
747018,IDOL.2011.LAUREN(A),Lauren Alaina to win American Idol Season 10,1,25.0,Apr/22/2011 00:58:11
747018,IDOL.2011.LAUREN(A),Lauren Alaina to win American Idol Season 10,1,29.5,Apr/22/2011 00:58:27
747018,IDOL.2011.LAUREN(A),Lauren Alaina to win American Idol Season 10,1,25.4,Apr/23/2011 04:10:38
747018,IDOL.2011.LAUREN(A),Lauren Alaina to win American Idol Season 10,1,25.0,Apr/23/2011 04:10:59
747018,IDOL.2011.LAUREN(A),Lauren Alaina to win American Idol Season 10,9,25.0,Apr/23/2011 20:12:59
747018,IDOL.2011.LAUREN(A),Lauren Alaina to win American Idol Season 10,1,25.0,Apr/23/2011 23:15:04
747018,IDOL.2011.LAUREN(A),Lauren Alaina to win American Idol Season 10,2,25.0,Apr/24/2011 22:40:50
747018,IDOL.2011.LAUREN(A),Lauren Alaina to win American Idol Season 10,98,25.0,Apr/24/2011 22:40:50
747018,IDOL.2011.LAUREN(A),Lauren Alaina to win American Idol Season 10,2,25.0,Apr/26/2011 05:30:10
747018,IDOL.2011.LAUREN(A),Lauren Alaina to win American Idol Season 10,2,27.2,Apr/26/2011 05:30:22
747018,IDOL.2011.LAUREN(A),Lauren Alaina to win American Idol Season 10,10,25.0,Apr/26/2011 14:35:26
747018,IDOL.2011.LAUREN(A),Lauren Alaina to win American Idol Season 10,1,29.9,Apr/28/2011 00:32:06
747018,IDOL.2011.LAUREN(A),Lauren Alaina to win American Idol Season 10,10,23.0,Apr/28/2011 00:51:38
747018,IDOL.2011.LAUREN(A),Lauren Alaina to win American Idol Season 10,10,23.0,Apr/28/2011 00:56:09
747018,IDOL.2011.LAUREN(A),Lauren Alaina to win American Idol Season 10,20,23.0,Apr/28/2011 01:34:30
747018,IDOL.2011.LAUREN(A),Lauren Alaina to win American Idol Season 10,20,22.0,Apr/28/2011 01:42:04
747018,IDOL.2011.LAUREN(A),Lauren Alaina to win American Idol Season 10,20,21.0,Apr/28/2011 01:42:08
747018,IDOL.2011.LAUREN(A),Lauren Alaina to win American Idol Season 10,10,21.1,Apr/28/2011 16:50:06
747018,IDOL.2011.LAUREN(A),Lauren Alaina to win American Idol Season 10,20,25.0,Apr/28/2011 23:56:55
747018,IDOL.2011.LAUREN(A),Lauren Alaina to win American Idol Season 10,1,25.0,Apr/29/2011 01:45:06
747018,IDOL.2011.LAUREN(A),Lauren Alaina to win American Idol Season 10,1,24.0,Apr/29/2011 01:48:54
747018,IDOL.2011.LAUREN(A),Lauren Alaina to win American Idol Season 10,21,24.0,Apr/29/2011 02:44:32
747018,IDOL.2011.LAUREN(A),Lauren Alaina to win American Idol Season 10,1,26.5,Apr/29/2011 05:56:51
747018,IDOL.2011.LAUREN(A),Lauren Alaina to win American Idol Season 10,1,24.1,Apr/29/2011 14:41:22
747018,IDOL.2011.LAUREN(A),Lauren Alaina to win American Idol Season 10,1,24.0,Apr/29/2011 14:41:22
747018,IDOL.2011.LAUREN(A),Lauren Alaina to win American Idol Season 10,3,23.0,Apr/30/2011 18:21:52
747018,IDOL.2011.LAUREN(A),Lauren Alaina to win American Idol Season 10,5,23.0,Apr/30/2011 18:23:38
747018,IDOL.2011.LAUREN(A),Lauren Alaina to win American Idol Season 10,2,23.0,Apr/30/2011 18:23:43
747018,IDOL.2011.LAUREN(A),Lauren Alaina to win American Idol Season 10,10,22.0,Apr/30/2011 23:48:33
747018,IDOL.2011.LAUREN(A),Lauren Alaina to win American Idol Season 10,10,22.0,Apr/30/2011 23:48:38
747018,IDOL.2011.LAUREN(A),Lauren Alaina to win American Idol Season 10,10,22.0,Apr/30/2011 23:48:43
747018,IDOL.2011.LAUREN(A),Lauren Alaina to win American Idol Season 10,30,21.0,May/01/2011 00:51:34
747018,IDOL.2011.LAUREN(A),Lauren Alaina to win American Idol Season 10,20,21.0,May/01/2011 00:51:34
747018,IDOL.2011.LAUREN(A),Lauren Alaina to win American Idol Season 10,100,18.5,May/01/2011 15:56:35
747018,IDOL.2011.LAUREN(A),Lauren Alaina to win American Idol Season 10,80,18.5,May/01/2011 15:58:10
747018,IDOL.2011.LAUREN(A),Lauren Alaina to win American Idol Season 10,20,18.5,May/01/2011 16:12:07
747018,IDOL.2011.LAUREN(A),Lauren Alaina to win American Idol Season 10,5,16.9,May/01/2011 19:10:21
747018,IDOL.2011.LAUREN(A),Lauren Alaina to win American Idol Season 10,1,16.0,May/03/2011 20:53:06
747018,IDOL.2011.LAUREN(A),Lauren Alaina to win American Idol Season 10,5,17.0,May/04/2011 01:00:46
747018,IDOL.2011.LAUREN(A),Lauren Alaina to win American Idol Season 10,5,17.1,May/04/2011 01:01:41
747018,IDOL.2011.LAUREN(A),Lauren Alaina to win American Idol Season 10,10,17.1,May/04/2011 02:53:51
747018,IDOL.2011.LAUREN(A),Lauren Alaina to win American Idol Season 10,10,17.4,May/04/2011 03:49:22
747018,IDOL.2011.LAUREN(A),Lauren Alaina to win American Idol Season 10,25,18.0,May/04/2011 11:53:37
747018,IDOL.2011.LAUREN(A),Lauren Alaina to win American Idol Season 10,2,18.0,May/04/2011 13:58:37
747018,IDOL.2011.LAUREN(A),Lauren Alaina to win American Idol Season 10,2,18.0,May/04/2011 17:07:40
747018,IDOL.2011.LAUREN(A),Lauren Alaina to win American Idol Season 10,8,18.0,May/04/2011 17:07:45
747018,IDOL.2011.LAUREN(A),Lauren Alaina to win American Idol Season 10,1,21.9,May/05/2011 00:22:35
747018,IDOL.2011.LAUREN(A),Lauren Alaina to win American Idol Season 10,1,18.0,May/05/2011 00:27:42
747018,IDOL.2011.LAUREN(A),Lauren Alaina to win American Idol Season 10,1,23.8,May/05/2011 01:14:59
747018,IDOL.2011.LAUREN(A),Lauren Alaina to win American Idol Season 10,10,18.0,May/05/2011 01:30:03
747018,IDOL.2011.LAUREN(A),Lauren Alaina to win American Idol Season 10,1,22.0,May/05/2011 01:30:34
747018,IDOL.2011.LAUREN(A),Lauren Alaina to win American Idol Season 10,1,17.0,May/05/2011 01:30:52
747018,IDOL.2011.LAUREN(A),Lauren Alaina to win American Idol Season 10,1,20.3,May/05/2011 01:56:54
747018,IDOL.2011.LAUREN(A),Lauren Alaina to win American Idol Season 10,9,17.0,May/05/2011 02:43:26
747018,IDOL.2011.LAUREN(A),Lauren Alaina to win American Idol Season 10,10,17.0,May/05/2011 14:54:32
747018,IDOL.2011.LAUREN(A),Lauren Alaina to win American Idol Season 10,4,17.0,May/05/2011 14:58:29
747018,IDOL.2011.LAUREN(A),Lauren Alaina to win American Idol Season 10,1,17.0,May/05/2011 15:01:33
747018,IDOL.2011.LAUREN(A),Lauren Alaina to win American Idol Season 10,1,17.0,May/05/2011 18:48:34
747018,IDOL.2011.LAUREN(A),Lauren Alaina to win American Idol Season 10,1,17.0,May/05/2011 22:21:29
747018,IDOL.2011.LAUREN(A),Lauren Alaina to win American Idol Season 10,1,11.0,May/06/2011 00:54:45
747018,IDOL.2011.LAUREN(A),Lauren Alaina to win American Idol Season 10,1,11.0,May/06/2011 00:54:49
747018,IDOL.2011.LAUREN(A),Lauren Alaina to win American Idol Season 10,1,11.0,May/06/2011 00:54:53
747018,IDOL.2011.LAUREN(A),Lauren Alaina to win American Idol Season 10,1,11.0,May/06/2011 00:54:57
747018,IDOL.2011.LAUREN(A),Lauren Alaina to win American Idol Season 10,1,11.0,May/06/2011 00:55:00
747018,IDOL.2011.LAUREN(A),Lauren Alaina to win American Idol Season 10,1,16.5,May/06/2011 01:59:05
747018,IDOL.2011.LAUREN(A),Lauren Alaina to win American Idol Season 10,1,12.5,May/06/2011 01:59:17
747018,IDOL.2011.LAUREN(A),Lauren Alaina to win American Idol Season 10,120,13.0,May/06/2011 20:10:05
747018,IDOL.2011.LAUREN(A),Lauren Alaina to win American Idol Season 10,40,13.0,May/06/2011 20:31:36
747018,IDOL.2011.LAUREN(A),Lauren Alaina to win American Idol Season 10,30,13.0,May/06/2011 20:31:43
747018,IDOL.2011.LAUREN(A),Lauren Alaina to win American Idol Season 10,20,13.0,May/06/2011 20:31:49
747018,IDOL.2011.LAUREN(A),Lauren Alaina to win American Idol Season 10,40,13.0,May/06/2011 20:31:53
747018,IDOL.2011.LAUREN(A),Lauren Alaina to win American Idol Season 10,15,13.0,May/06/2011 20:31:58
747018,IDOL.2011.LAUREN(A),Lauren Alaina to win American Idol Season 10,20,13.0,May/06/2011 20:32:03
747018,IDOL.2011.LAUREN(A),Lauren Alaina to win American Idol Season 10,10,13.0,May/06/2011 20:32:07
747018,IDOL.2011.LAUREN(A),Lauren Alaina to win American Idol Season 10,25,13.0,May/06/2011 20:32:12
747018,IDOL.2011.LAUREN(A),Lauren Alaina to win American Idol Season 10,10,13.0,May/06/2011 20:32:17
747018,IDOL.2011.LAUREN(A),Lauren Alaina to win American Idol Season 10,15,13.0,May/06/2011 20:32:22
747018,IDOL.2011.LAUREN(A),Lauren Alaina to win American Idol Season 10,10,13.0,May/06/2011 20:32:28
747018,IDOL.2011.LAUREN(A),Lauren Alaina to win American Idol Season 10,5,13.0,May/06/2011 20:32:32
747018,IDOL.2011.LAUREN(A),Lauren Alaina to win American Idol Season 10,20,13.0,May/06/2011 20:32:42
747018,IDOL.2011.LAUREN(A),Lauren Alaina to win American Idol Season 10,10,13.0,May/06/2011 20:32:46
747018,IDOL.2011.LAUREN(A),Lauren Alaina to win American Idol Season 10,6,12.5,May/07/2011 04:30:31
747018,IDOL.2011.LAUREN(A),Lauren Alaina to win American Idol Season 10,4,12.5,May/07/2011 04:30:31
747018,IDOL.2011.LAUREN(A),Lauren Alaina to win American Idol Season 10,10,13.0,May/07/2011 09:50:49
747018,IDOL.2011.LAUREN(A),Lauren Alaina to win American Idol Season 10,80,13.0,May/07/2011 09:50:49
747018,IDOL.2011.LAUREN(A),Lauren Alaina to win American Idol Season 10,80,13.0,May/07/2011 09:50:55
747018,IDOL.2011.LAUREN(A),Lauren Alaina to win American Idol Season 10,40,13.0,May/07/2011 09:51:06
747018,IDOL.2011.LAUREN(A),Lauren Alaina to win American Idol Season 10,1,11.0,May/07/2011 15:50:40
747018,IDOL.2011.LAUREN(A),Lauren Alaina to win American Idol Season 10,1,12.4,May/10/2011 09:01:59
747018,IDOL.2011.LAUREN(A),Lauren Alaina to win American Idol Season 10,1,10.5,May/10/2011 18:47:52
747018,IDOL.2011.LAUREN(A),Lauren Alaina to win American Idol Season 10,1,10.5,May/10/2011 18:50:01
747018,IDOL.2011.LAUREN(A),Lauren Alaina to win American Idol Season 10,1,10.5,May/10/2011 18:57:43
747018,IDOL.2011.LAUREN(A),Lauren Alaina to win American Idol Season 10,1,10.5,May/10/2011 21:33:57
747018,IDOL.2011.LAUREN(A),Lauren Alaina to win American Idol Season 10,1,10.5,May/11/2011 04:20:05
747018,IDOL.2011.LAUREN(A),Lauren Alaina to win American Idol Season 10,1,10.5,May/11/2011 11:17:26
747018,IDOL.2011.LAUREN(A),Lauren Alaina to win American Idol Season 10,1,11.0,May/12/2011 01:24:24
747018,IDOL.2011.LAUREN(A),Lauren Alaina to win American Idol Season 10,5,11.0,May/12/2011 01:24:30
747018,IDOL.2011.LAUREN(A),Lauren Alaina to win American Idol Season 10,4,11.0,May/12/2011 01:24:35
747018,IDOL.2011.LAUREN(A),Lauren Alaina to win American Idol Season 10,1,11.0,May/12/2011 01:24:40
747018,IDOL.2011.LAUREN(A),Lauren Alaina to win American Idol Season 10,9,11.0,May/12/2011 01:24:45
747018,IDOL.2011.LAUREN(A),Lauren Alaina to win American Idol Season 10,83,11.0,May/12/2011 01:24:52
747018,IDOL.2011.LAUREN(A),Lauren Alaina to win American Idol Season 10,49,12.0,May/12/2011 01:41:29
747018,IDOL.2011.LAUREN(A),Lauren Alaina to win American Idol Season 10,35,12.0,May/12/2011 01:42:13
747018,IDOL.2011.LAUREN(A),Lauren Alaina to win American Idol Season 10,1,12.0,May/12/2011 01:42:13
747018,IDOL.2011.LAUREN(A),Lauren Alaina to win American Idol Season 10,10,12.0,May/12/2011 04:50:35
747018,IDOL.2011.LAUREN(A),Lauren Alaina to win American Idol Season 10,48,12.7,May/12/2011 05:55:37
747018,IDOL.2011.LAUREN(A),Lauren Alaina to win American Idol Season 10,1,11.0,May/12/2011 12:05:10
747018,IDOL.2011.LAUREN(A),Lauren Alaina to win American Idol Season 10,1,11.0,May/12/2011 12:07:50
747018,IDOL.2011.LAUREN(A),Lauren Alaina to win American Idol Season 10,10,12.0,May/12/2011 14:15:10
747018,IDOL.2011.LAUREN(A),Lauren Alaina to win American Idol Season 10,10,12.7,May/12/2011 16:12:35
747018,IDOL.2011.LAUREN(A),Lauren Alaina to win American Idol Season 10,10,13.0,May/12/2011 17:13:32
747018,IDOL.2011.LAUREN(A),Lauren Alaina to win American Idol Season 10,10,14.0,May/13/2011 00:20:09
747018,IDOL.2011.LAUREN(A),Lauren Alaina to win American Idol Season 10,10,15.0,May/13/2011 00:20:28
747018,IDOL.2011.LAUREN(A),Lauren Alaina to win American Idol Season 10,10,16.0,May/13/2011 00:20:33
747018,IDOL.2011.LAUREN(A),Lauren Alaina to win American Idol Season 10,1,20.0,May/13/2011 00:51:19
747018,IDOL.2011.LAUREN(A),Lauren Alaina to win American Idol Season 10,9,37.5,May/13/2011 03:05:53
747018,IDOL.2011.LAUREN(A),Lauren Alaina to win American Idol Season 10,1,20.5,May/15/2011 00:57:15
747018,IDOL.2011.LAUREN(A),Lauren Alaina to win American Idol Season 10,4,20.1,May/16/2011 16:11:43
747018,IDOL.2011.LAUREN(A),Lauren Alaina to win American Idol Season 10,10,20.0,May/16/2011 16:17:10
747018,IDOL.2011.LAUREN(A),Lauren Alaina to win American Idol Season 10,10,19.0,May/16/2011 16:35:15
747018,IDOL.2011.LAUREN(A),Lauren Alaina to win American Idol Season 10,1,18.0,May/16/2011 17:00:46
747018,IDOL.2011.LAUREN(A),Lauren Alaina to win American Idol Season 10,9,18.0,May/16/2011 20:22:25
747018,IDOL.2011.LAUREN(A),Lauren Alaina to win American Idol Season 10,3,18.0,May/18/2011 03:40:56
747018,IDOL.2011.LAUREN(A),Lauren Alaina to win American Idol Season 10,1,17.0,May/18/2011 03:40:56
747018,IDOL.2011.LAUREN(A),Lauren Alaina to win American Idol Season 10,2,17.0,May/18/2011 04:12:42
747018,IDOL.2011.LAUREN(A),Lauren Alaina to win American Idol Season 10,1,22.9,May/18/2011 10:03:20
747018,IDOL.2011.LAUREN(A),Lauren Alaina to win American Idol Season 10,2,24.1,May/18/2011 10:03:35
747018,IDOL.2011.LAUREN(A),Lauren Alaina to win American Idol Season 10,1,27.0,May/18/2011 10:03:45
747018,IDOL.2011.LAUREN(A),Lauren Alaina to win American Idol Season 10,1,27.0,May/18/2011 10:04:58
747018,IDOL.2011.LAUREN(A),Lauren Alaina to win American Idol Season 10,1,27.0,May/18/2011 10:06:04
747018,IDOL.2011.LAUREN(A),Lauren Alaina to win American Idol Season 10,5,19.0,May/18/2011 10:09:49
747018,IDOL.2011.LAUREN(A),Lauren Alaina to win American Idol Season 10,5,19.0,May/18/2011 10:09:51
747018,IDOL.2011.LAUREN(A),Lauren Alaina to win American Idol Season 10,1,27.0,May/18/2011 10:11:04
747018,IDOL.2011.LAUREN(A),Lauren Alaina to win American Idol Season 10,1,27.0,May/18/2011 10:11:44
747018,IDOL.2011.LAUREN(A),Lauren Alaina to win American Idol Season 10,1,27.0,May/18/2011 10:17:48
747018,IDOL.2011.LAUREN(A),Lauren Alaina to win American Idol Season 10,1,27.0,May/18/2011 10:19:25
747018,IDOL.2011.LAUREN(A),Lauren Alaina to win American Idol Season 10,1,27.0,May/18/2011 10:21:37
747018,IDOL.2011.LAUREN(A),Lauren Alaina to win American Idol Season 10,1,18.1,May/18/2011 17:53:15
747018,IDOL.2011.LAUREN(A),Lauren Alaina to win American Idol Season 10,1,22.9,May/18/2011 20:31:35
747018,IDOL.2011.LAUREN(A),Lauren Alaina to win American Idol Season 10,1,27.0,May/19/2011 00:20:50
747018,IDOL.2011.LAUREN(A),Lauren Alaina to win American Idol Season 10,2,18.1,May/19/2011 00:37:57
747018,IDOL.2011.LAUREN(A),Lauren Alaina to win American Idol Season 10,30,18.1,May/19/2011 00:38:15
747018,IDOL.2011.LAUREN(A),Lauren Alaina to win American Idol Season 10,1,25.0,May/19/2011 01:01:14
747018,IDOL.2011.LAUREN(A),Lauren Alaina to win American Idol Season 10,1,23.5,May/19/2011 01:05:32
747018,IDOL.2011.LAUREN(A),Lauren Alaina to win American Idol Season 10,20,21.0,May/19/2011 01:05:44
747018,IDOL.2011.LAUREN(A),Lauren Alaina to win American Idol Season 10,1,25.0,May/19/2011 01:06:07
747018,IDOL.2011.LAUREN(A),Lauren Alaina to win American Idol Season 10,3,18.1,May/19/2011 01:58:42
747018,IDOL.2011.LAUREN(A),Lauren Alaina to win American Idol Season 10,1,23.5,May/19/2011 02:10:06
747018,IDOL.2011.LAUREN(A),Lauren Alaina to win American Idol Season 10,2,17.0,May/19/2011 15:04:17
747018,IDOL.2011.LAUREN(A),Lauren Alaina to win American Idol Season 10,5,13.0,May/19/2011 16:20:40
747018,IDOL.2011.LAUREN(A),Lauren Alaina to win American Idol Season 10,10,13.0,May/19/2011 20:09:16
747018,IDOL.2011.LAUREN(A),Lauren Alaina to win American Idol Season 10,5,13.0,May/19/2011 21:39:32
747018,IDOL.2011.LAUREN(A),Lauren Alaina to win American Idol Season 10,2,13.0,May/20/2011 00:37:00
747018,IDOL.2011.LAUREN(A),Lauren Alaina to win American Idol Season 10,7,25.0,May/20/2011 00:53:35
747018,IDOL.2011.LAUREN(A),Lauren Alaina to win American Idol Season 10,18,25.0,May/20/2011 00:53:35
747018,IDOL.2011.LAUREN(A),Lauren Alaina to win American Idol Season 10,12,35.0,May/20/2011 00:53:39
747018,IDOL.2011.LAUREN(A),Lauren Alaina to win American Idol Season 10,1,45.0,May/20/2011 00:53:46
747018,IDOL.2011.LAUREN(A),Lauren Alaina to win American Idol Season 10,30,35.0,May/20/2011 00:54:19
747018,IDOL.2011.LAUREN(A),Lauren Alaina to win American Idol Season 10,1,45.0,May/20/2011 00:55:55
747018,IDOL.2011.LAUREN(A),Lauren Alaina to win American Idol Season 10,20,39.9,May/20/2011 01:07:37
747018,IDOL.2011.LAUREN(A),Lauren Alaina to win American Idol Season 10,40,40.0,May/20/2011 01:07:41
747018,IDOL.2011.LAUREN(A),Lauren Alaina to win American Idol Season 10,1,45.0,May/20/2011 01:08:02
747018,IDOL.2011.LAUREN(A),Lauren Alaina to win American Idol Season 10,1,45.0,May/20/2011 01:11:13
747018,IDOL.2011.LAUREN(A),Lauren Alaina to win American Idol Season 10,1,44.5,May/20/2011 01:15:30
747018,IDOL.2011.LAUREN(A),Lauren Alaina to win American Idol Season 10,1,40.0,May/20/2011 01:22:20
747018,IDOL.2011.LAUREN(A),Lauren Alaina to win American Idol Season 10,1,30.0,May/20/2011 01:29:19
747018,IDOL.2011.LAUREN(A),Lauren Alaina to win American Idol Season 10,1,25.0,May/20/2011 02:24:05
747018,IDOL.2011.LAUREN(A),Lauren Alaina to win American Idol Season 10,1,25.0,May/20/2011 02:32:26
747018,IDOL.2011.LAUREN(A),Lauren Alaina to win American Idol Season 10,3,25.8,May/20/2011 13:22:59
747018,IDOL.2011.LAUREN(A),Lauren Alaina to win American Idol Season 10,1,25.9,May/20/2011 13:23:12
747018,IDOL.2011.LAUREN(A),Lauren Alaina to win American Idol Season 10,1,25.0,May/20/2011 14:25:43
747018,IDOL.2011.LAUREN(A),Lauren Alaina to win American Idol Season 10,1,25.0,May/20/2011 15:44:50
747018,IDOL.2011.LAUREN(A),Lauren Alaina to win American Idol Season 10,8,20.0,May/20/2011 16:48:53
747018,IDOL.2011.LAUREN(A),Lauren Alaina to win American Idol Season 10,2,20.0,May/20/2011 16:48:53
747018,IDOL.2011.LAUREN(A),Lauren Alaina to win American Idol Season 10,10,19.0,May/20/2011 16:48:53
747018,IDOL.2011.LAUREN(A),Lauren Alaina to win American Idol Season 10,2,19.0,May/20/2011 20:01:48
747018,IDOL.2011.LAUREN(A),Lauren Alaina to win American Idol Season 10,3,19.0,May/20/2011 21:56:37
747018,IDOL.2011.LAUREN(A),Lauren Alaina to win American Idol Season 10,1,23.5,May/20/2011 21:56:43
747018,IDOL.2011.LAUREN(A),Lauren Alaina to win American Idol Season 10,1,23.5,May/20/2011 21:57:15
747018,IDOL.2011.LAUREN(A),Lauren Alaina to win American Idol Season 10,1,20.0,May/21/2011 01:57:42
747018,IDOL.2011.LAUREN(A),Lauren Alaina to win American Idol Season 10,1,21.0,May/21/2011 22:00:40
747018,IDOL.2011.LAUREN(A),Lauren Alaina to win American Idol Season 10,1,21.0,May/21/2011 22:00:44
747018,IDOL.2011.LAUREN(A),Lauren Alaina to win American Idol Season 10,2,21.0,May/22/2011 00:08:52
747018,IDOL.2011.LAUREN(A),Lauren Alaina to win American Idol Season 10,2,18.0,May/22/2011 01:10:22
747018,IDOL.2011.LAUREN(A),Lauren Alaina to win American Idol Season 10,2,21.0,May/22/2011 01:10:57
747018,IDOL.2011.LAUREN(A),Lauren Alaina to win American Idol Season 10,3,18.0,May/22/2011 05:57:41
747018,IDOL.2011.LAUREN(A),Lauren Alaina to win American Idol Season 10,5,18.0,May/22/2011 12:37:46
747018,IDOL.2011.LAUREN(A),Lauren Alaina to win American Idol Season 10,1,19.9,May/22/2011 18:17:33
747018,IDOL.2011.LAUREN(A),Lauren Alaina to win American Idol Season 10,10,17.0,May/23/2011 09:14:15
747018,IDOL.2011.LAUREN(A),Lauren Alaina to win American Idol Season 10,10,16.0,May/23/2011 09:14:34
747018,IDOL.2011.LAUREN(A),Lauren Alaina to win American Idol Season 10,2,15.0,May/23/2011 12:38:20
747018,IDOL.2011.LAUREN(A),Lauren Alaina to win American Idol Season 10,10,15.0,May/23/2011 21:39:17
747018,IDOL.2011.LAUREN(A),Lauren Alaina to win American Idol Season 10,8,15.0,May/23/2011 21:39:17
747018,IDOL.2011.LAUREN(A),Lauren Alaina to win American Idol Season 10,10,13.0,May/24/2011 01:57:05
747018,IDOL.2011.LAUREN(A),Lauren Alaina to win American Idol Season 10,10,14.0,May/24/2011 01:57:05
747018,IDOL.2011.LAUREN(A),Lauren Alaina to win American Idol Season 10,3,16.9,May/24/2011 04:11:29
747018,IDOL.2011.LAUREN(A),Lauren Alaina to win American Idol Season 10,1,17.0,May/24/2011 04:11:29
747018,IDOL.2011.LAUREN(A),Lauren Alaina to win American Idol Season 10,2,17.0,May/24/2011 04:11:29
747018,IDOL.2011.LAUREN(A),Lauren Alaina to win American Idol Season 10,5,17.0,May/24/2011 04:11:29
747018,IDOL.2011.LAUREN(A),Lauren Alaina to win American Idol Season 10,10,17.0,May/24/2011 04:11:29
747018,IDOL.2011.LAUREN(A),Lauren Alaina to win American Idol Season 10,2,15.0,May/24/2011 17:42:24
747018,IDOL.2011.LAUREN(A),Lauren Alaina to win American Idol Season 10,4,15.1,May/24/2011 19:28:57
747018,IDOL.2011.LAUREN(A),Lauren Alaina to win American Idol Season 10,30,15.0,May/24/2011 19:29:07
747018,IDOL.2011.LAUREN(A),Lauren Alaina to win American Idol Season 10,5,16.0,May/24/2011 20:48:57
747018,IDOL.2011.LAUREN(A),Lauren Alaina to win American Idol Season 10,5,16.0,May/24/2011 20:51:47
747018,IDOL.2011.LAUREN(A),Lauren Alaina to win American Idol Season 10,2,16.4,May/24/2011 21:52:38
747018,IDOL.2011.LAUREN(A),Lauren Alaina to win American Idol Season 10,80,15.0,May/24/2011 23:31:50
747018,IDOL.2011.LAUREN(A),Lauren Alaina to win American Idol Season 10,3,17.9,May/25/2011 00:05:47
747018,IDOL.2011.LAUREN(A),Lauren Alaina to win American Idol Season 10,1,18.0,May/25/2011 00:05:53
747018,IDOL.2011.LAUREN(A),Lauren Alaina to win American Idol Season 10,5,14.0,May/25/2011 00:24:31
747018,IDOL.2011.LAUREN(A),Lauren Alaina to win American Idol Season 10,17,13.0,May/25/2011 00:26:15
747018,IDOL.2011.LAUREN(A),Lauren Alaina to win American Idol Season 10,1,12.7,May/25/2011 00:27:02
747018,IDOL.2011.LAUREN(A),Lauren Alaina to win American Idol Season 10,1,17.8,May/25/2011 00:28:20
747018,IDOL.2011.LAUREN(A),Lauren Alaina to win American Idol Season 10,22,12.6,May/25/2011 00:49:22
747018,IDOL.2011.LAUREN(A),Lauren Alaina to win American Idol Season 10,1,15.5,May/25/2011 00:50:56
747018,IDOL.2011.LAUREN(A),Lauren Alaina to win American Idol Season 10,10,12.0,May/25/2011 01:07:56
747018,IDOL.2011.LAUREN(A),Lauren Alaina to win American Idol Season 10,10,11.0,May/25/2011 01:08:28
747018,IDOL.2011.LAUREN(A),Lauren Alaina to win American Idol Season 10,2,11.0,May/25/2011 01:09:52
747018,IDOL.2011.LAUREN(A),Lauren Alaina to win American Idol Season 10,1,15.4,May/25/2011 01:09:56
747018,IDOL.2011.LAUREN(A),Lauren Alaina to win American Idol Season 10,3,8.7,May/25/2011 02:23:42
747018,IDOL.2011.LAUREN(A),Lauren Alaina to win American Idol Season 10,5,8.8,May/25/2011 02:24:08
747018,IDOL.2011.LAUREN(A),Lauren Alaina to win American Idol Season 10,20,8.9,May/25/2011 02:24:34
747018,IDOL.2011.LAUREN(A),Lauren Alaina to win American Idol Season 10,100,8.9,May/25/2011 02:24:34
747018,IDOL.2011.LAUREN(A),Lauren Alaina to win American Idol Season 10,100,7.0,May/25/2011 02:32:48
747018,IDOL.2011.LAUREN(A),Lauren Alaina to win American Idol Season 10,1,8.8,May/25/2011 03:08:16
747018,IDOL.2011.LAUREN(A),Lauren Alaina to win American Idol Season 10,30,6.0,May/25/2011 03:25:46
747018,IDOL.2011.LAUREN(A),Lauren Alaina to win American Idol Season 10,3,4.4,May/25/2011 03:27:32
747018,IDOL.2011.LAUREN(A),Lauren Alaina to win American Idol Season 10,3,4.0,May/25/2011 03:27:59
747018,IDOL.2011.LAUREN(A),Lauren Alaina to win American Idol Season 10,1,3.9,May/25/2011 03:28:12
747018,IDOL.2011.LAUREN(A),Lauren Alaina to win American Idol Season 10,50,8.6,May/25/2011 03:30:38
747018,IDOL.2011.LAUREN(A),Lauren Alaina to win American Idol Season 10,3,8.3,May/25/2011 04:36:58
747018,IDOL.2011.LAUREN(A),Lauren Alaina to win American Idol Season 10,7,8.3,May/25/2011 04:56:52
747018,IDOL.2011.LAUREN(A),Lauren Alaina to win American Idol Season 10,100,8.4,May/25/2011 05:13:03
747018,IDOL.2011.LAUREN(A),Lauren Alaina to win American Idol Season 10,1,8.5,May/25/2011 05:14:12
747018,IDOL.2011.LAUREN(A),Lauren Alaina to win American Idol Season 10,20,8.6,May/25/2011 05:16:52
747018,IDOL.2011.LAUREN(A),Lauren Alaina to win American Idol Season 10,18,8.6,May/25/2011 05:28:05
747018,IDOL.2011.LAUREN(A),Lauren Alaina to win American Idol Season 10,49,8.7,May/25/2011 05:34:15
747018,IDOL.2011.LAUREN(A),Lauren Alaina to win American Idol Season 10,28,8.7,May/25/2011 05:43:41
747018,IDOL.2011.LAUREN(A),Lauren Alaina to win American Idol Season 10,17,8.7,May/25/2011 10:49:37
747018,IDOL.2011.LAUREN(A),Lauren Alaina to win American Idol Season 10,2,8.7,May/25/2011 10:53:52
747018,IDOL.2011.LAUREN(A),Lauren Alaina to win American Idol Season 10,1,8.8,May/25/2011 11:16:23
747018,IDOL.2011.LAUREN(A),Lauren Alaina to win American Idol Season 10,4,8.7,May/25/2011 11:16:23
747018,IDOL.2011.LAUREN(A),Lauren Alaina to win American Idol Season 10,40,9.0,May/25/2011 11:19:33
747018,IDOL.2011.LAUREN(A),Lauren Alaina to win American Idol Season 10,10,8.9,May/25/2011 11:40:37
747018,IDOL.2011.LAUREN(A),Lauren Alaina to win American Idol Season 10,10,8.9,May/25/2011 12:33:58
747018,IDOL.2011.LAUREN(A),Lauren Alaina to win American Idol Season 10,10,9.0,May/25/2011 12:34:15
747018,IDOL.2011.LAUREN(A),Lauren Alaina to win American Idol Season 10,100,9.9,May/25/2011 12:34:43
747018,IDOL.2011.LAUREN(A),Lauren Alaina to win American Idol Season 10,5,6.4,May/25/2011 12:36:56
747018,IDOL.2011.LAUREN(A),Lauren Alaina to win American Idol Season 10,20,6.3,May/25/2011 12:37:09
747018,IDOL.2011.LAUREN(A),Lauren Alaina to win American Idol Season 10,50,6.1,May/25/2011 12:37:21
747018,IDOL.2011.LAUREN(A),Lauren Alaina to win American Idol Season 10,1,9.7,May/25/2011 12:47:24
747018,IDOL.2011.LAUREN(A),Lauren Alaina to win American Idol Season 10,101,9.7,May/25/2011 13:49:25
747018,IDOL.2011.LAUREN(A),Lauren Alaina to win American Idol Season 10,29,9.7,May/25/2011 13:49:25
747018,IDOL.2011.LAUREN(A),Lauren Alaina to win American Idol Season 10,160,9.7,May/25/2011 13:55:43
747018,IDOL.2011.LAUREN(A),Lauren Alaina to win American Idol Season 10,100,9.0,May/25/2011 14:02:48
747018,IDOL.2011.LAUREN(A),Lauren Alaina to win American Idol Season 10,1,7.0,May/25/2011 14:50:46
747018,IDOL.2011.LAUREN(A),Lauren Alaina to win American Idol Season 10,9,7.0,May/25/2011 14:51:05
747018,IDOL.2011.LAUREN(A),Lauren Alaina to win American Idol Season 10,10,9.6,May/25/2011 14:54:16
747018,IDOL.2011.LAUREN(A),Lauren Alaina to win American Idol Season 10,26,9.6,May/25/2011 14:55:21
747018,IDOL.2011.LAUREN(A),Lauren Alaina to win American Idol Season 10,10,9.7,May/25/2011 15:01:01
747018,IDOL.2011.LAUREN(A),Lauren Alaina to win American Idol Season 10,20,9.8,May/25/2011 15:21:28
747018,IDOL.2011.LAUREN(A),Lauren Alaina to win American Idol Season 10,20,9.9,May/25/2011 15:21:56
747018,IDOL.2011.LAUREN(A),Lauren Alaina to win American Idol Season 10,45,10.0,May/25/2011 15:31:02
747018,IDOL.2011.LAUREN(A),Lauren Alaina to win American Idol Season 10,55,9.9,May/25/2011 15:31:02
747018,IDOL.2011.LAUREN(A),Lauren Alaina to win American Idol Season 10,5,10.0,May/25/2011 15:31:19
747018,IDOL.2011.LAUREN(A),Lauren Alaina to win American Idol Season 10,45,10.0,May/25/2011 15:36:16
747018,IDOL.2011.LAUREN(A),Lauren Alaina to win American Idol Season 10,1,10.1,May/25/2011 16:40:36
747018,IDOL.2011.LAUREN(A),Lauren Alaina to win American Idol Season 10,1,12.5,May/25/2011 16:41:44
747018,IDOL.2011.LAUREN(A),Lauren Alaina to win American Idol Season 10,1,12.5,May/25/2011 17:08:13
747018,IDOL.2011.LAUREN(A),Lauren Alaina to win American Idol Season 10,7,12.3,May/25/2011 17:29:35
747018,IDOL.2011.LAUREN(A),Lauren Alaina to win American Idol Season 10,2,11.0,May/25/2011 17:37:23
747018,IDOL.2011.LAUREN(A),Lauren Alaina to win American Idol Season 10,23,11.0,May/25/2011 17:39:38
747018,IDOL.2011.LAUREN(A),Lauren Alaina to win American Idol Season 10,10,6.0,May/25/2011 19:38:46
747018,IDOL.2011.LAUREN(A),Lauren Alaina to win American Idol Season 10,5,5.1,May/25/2011 19:47:51
747018,IDOL.2011.LAUREN(A),Lauren Alaina to win American Idol Season 10,5,5.0,May/25/2011 19:48:41
747018,IDOL.2011.LAUREN(A),Lauren Alaina to win American Idol Season 10,2,6.1,May/25/2011 20:01:46
747018,IDOL.2011.LAUREN(A),Lauren Alaina to win American Idol Season 10,3,6.1,May/25/2011 20:09:59
747018,IDOL.2011.LAUREN(A),Lauren Alaina to win American Idol Season 10,100,6.0,May/25/2011 20:10:09
747018,IDOL.2011.LAUREN(A),Lauren Alaina to win American Idol Season 10,1,7.9,May/25/2011 20:13:13
747018,IDOL.2011.LAUREN(A),Lauren Alaina to win American Idol Season 10,26,7.9,May/25/2011 20:18:31
747018,IDOL.2011.LAUREN(A),Lauren Alaina to win American Idol Season 10,1,7.9,May/25/2011 20:27:46
747018,IDOL.2011.LAUREN(A),Lauren Alaina to win American Idol Season 10,6,8.0,May/25/2011 20:28:31
747018,IDOL.2011.LAUREN(A),Lauren Alaina to win American Idol Season 10,1,7.9,May/25/2011 22:16:50
747018,IDOL.2011.LAUREN(A),Lauren Alaina to win American Idol Season 10,10,7.9,May/25/2011 23:27:43
747018,IDOL.2011.LAUREN(A),Lauren Alaina to win American Idol Season 10,5,7.4,May/25/2011 23:42:48
747018,IDOL.2011.LAUREN(A),Lauren Alaina to win American Idol Season 10,10,7.4,May/26/2011 00:41:56
747018,IDOL.2011.LAUREN(A),Lauren Alaina to win American Idol Season 10,10,7.4,May/26/2011 00:42:25
747018,IDOL.2011.LAUREN(A),Lauren Alaina to win American Idol Season 10,1,0.1,May/26/2011 02:11:14
747018,IDOL.2011.LAUREN(A),Lauren Alaina to win American Idol Season 10,48,0.1,May/26/2011 02:11:33
747018,IDOL.2011.LAUREN(A),Lauren Alaina to win American Idol Season 10,1,0.1,May/26/2011 03:28:49
747018,IDOL.2011.LAUREN(A),Lauren Alaina to win American Idol Season 10,4,0.1,May/26/2011 05:23:53
