market id,market symbol,market name,trade quantity,trade price,date/time [utc]
747032,IDOL.2011.HALEY,Haley Reinhart to win American Idol Season 10,2,4.0,Mar/02/2011 23:27:49
747032,IDOL.2011.HALEY,Haley Reinhart to win American Idol Season 10,5,2.9,Mar/03/2011 04:43:48
747032,IDOL.2011.HALEY,Haley Reinhart to win American Idol Season 10,5,3.8,Mar/03/2011 04:44:11
747032,IDOL.2011.HALEY,Haley Reinhart to win American Idol Season 10,5,3.9,Mar/03/2011 13:23:46
747032,IDOL.2011.HALEY,Haley Reinhart to win American Idol Season 10,20,4.0,Mar/03/2011 16:34:13
747032,IDOL.2011.HALEY,Haley Reinhart to win American Idol Season 10,5,2.9,Mar/06/2011 01:58:59
747032,IDOL.2011.HALEY,Haley Reinhart to win American Idol Season 10,1,2.5,Mar/07/2011 22:25:16
747032,IDOL.2011.HALEY,Haley Reinhart to win American Idol Season 10,20,3.0,Mar/07/2011 22:49:47
747032,IDOL.2011.HALEY,Haley Reinhart to win American Idol Season 10,2,2.6,Mar/07/2011 22:49:47
747032,IDOL.2011.HALEY,Haley Reinhart to win American Idol Season 10,2,2.7,Mar/07/2011 22:49:47
747032,IDOL.2011.HALEY,Haley Reinhart to win American Idol Season 10,4,2.8,Mar/07/2011 22:49:47
747032,IDOL.2011.HALEY,Haley Reinhart to win American Idol Season 10,4,2.9,Mar/07/2011 22:49:47
747032,IDOL.2011.HALEY,Haley Reinhart to win American Idol Season 10,4,3.0,Mar/07/2011 22:49:47
747032,IDOL.2011.HALEY,Haley Reinhart to win American Idol Season 10,4,3.1,Mar/07/2011 22:49:47
747032,IDOL.2011.HALEY,Haley Reinhart to win American Idol Season 10,4,3.2,Mar/07/2011 22:49:47
747032,IDOL.2011.HALEY,Haley Reinhart to win American Idol Season 10,4,3.3,Mar/07/2011 22:49:47
747032,IDOL.2011.HALEY,Haley Reinhart to win American Idol Season 10,2,3.4,Mar/07/2011 22:49:47
747032,IDOL.2011.HALEY,Haley Reinhart to win American Idol Season 10,1,2.6,Mar/08/2011 22:41:03
747032,IDOL.2011.HALEY,Haley Reinhart to win American Idol Season 10,1,2.6,Mar/08/2011 22:41:03
747032,IDOL.2011.HALEY,Haley Reinhart to win American Idol Season 10,3,2.7,Mar/08/2011 22:41:03
747032,IDOL.2011.HALEY,Haley Reinhart to win American Idol Season 10,3,2.8,Mar/08/2011 22:41:03
747032,IDOL.2011.HALEY,Haley Reinhart to win American Idol Season 10,1,2.9,Mar/08/2011 22:41:03
747032,IDOL.2011.HALEY,Haley Reinhart to win American Idol Season 10,20,2.8,Mar/08/2011 22:41:03
747032,IDOL.2011.HALEY,Haley Reinhart to win American Idol Season 10,48,2.5,Mar/09/2011 04:10:41
747032,IDOL.2011.HALEY,Haley Reinhart to win American Idol Season 10,1,2.9,Mar/09/2011 04:12:18
747032,IDOL.2011.HALEY,Haley Reinhart to win American Idol Season 10,1,2.5,Mar/09/2011 17:45:50
747032,IDOL.2011.HALEY,Haley Reinhart to win American Idol Season 10,50,1.0,Mar/09/2011 19:58:39
747032,IDOL.2011.HALEY,Haley Reinhart to win American Idol Season 10,80,1.0,Mar/09/2011 20:00:46
747032,IDOL.2011.HALEY,Haley Reinhart to win American Idol Season 10,60,1.0,Mar/09/2011 20:00:51
747032,IDOL.2011.HALEY,Haley Reinhart to win American Idol Season 10,5,1.0,Mar/09/2011 20:00:56
747032,IDOL.2011.HALEY,Haley Reinhart to win American Idol Season 10,1,1.0,Mar/09/2011 20:01:00
747032,IDOL.2011.HALEY,Haley Reinhart to win American Idol Season 10,1,1.0,Mar/09/2011 20:01:04
747032,IDOL.2011.HALEY,Haley Reinhart to win American Idol Season 10,1,1.0,Mar/09/2011 20:01:08
747032,IDOL.2011.HALEY,Haley Reinhart to win American Idol Season 10,1,1.0,Mar/09/2011 20:01:12
747032,IDOL.2011.HALEY,Haley Reinhart to win American Idol Season 10,1,1.0,Mar/09/2011 20:01:23
747032,IDOL.2011.HALEY,Haley Reinhart to win American Idol Season 10,1,2.5,Mar/09/2011 20:01:42
747032,IDOL.2011.HALEY,Haley Reinhart to win American Idol Season 10,180,1.0,Mar/10/2011 01:41:29
747032,IDOL.2011.HALEY,Haley Reinhart to win American Idol Season 10,10,1.0,Mar/10/2011 01:41:36
747032,IDOL.2011.HALEY,Haley Reinhart to win American Idol Season 10,1,1.0,Mar/10/2011 01:41:41
747032,IDOL.2011.HALEY,Haley Reinhart to win American Idol Season 10,1,1.0,Mar/10/2011 01:41:45
747032,IDOL.2011.HALEY,Haley Reinhart to win American Idol Season 10,1,1.0,Mar/10/2011 01:41:50
747032,IDOL.2011.HALEY,Haley Reinhart to win American Idol Season 10,1,1.0,Mar/10/2011 01:42:05
747032,IDOL.2011.HALEY,Haley Reinhart to win American Idol Season 10,1,1.0,Mar/10/2011 01:42:10
747032,IDOL.2011.HALEY,Haley Reinhart to win American Idol Season 10,1,2.6,Mar/10/2011 01:42:18
747032,IDOL.2011.HALEY,Haley Reinhart to win American Idol Season 10,1,1.0,Mar/10/2011 02:34:18
747032,IDOL.2011.HALEY,Haley Reinhart to win American Idol Season 10,1,1.0,Mar/10/2011 02:34:23
747032,IDOL.2011.HALEY,Haley Reinhart to win American Idol Season 10,1,1.0,Mar/10/2011 02:34:28
747032,IDOL.2011.HALEY,Haley Reinhart to win American Idol Season 10,1,1.0,Mar/10/2011 02:34:34
747032,IDOL.2011.HALEY,Haley Reinhart to win American Idol Season 10,1,2.6,Mar/10/2011 02:34:53
747032,IDOL.2011.HALEY,Haley Reinhart to win American Idol Season 10,10,2.6,Mar/10/2011 12:03:06
747032,IDOL.2011.HALEY,Haley Reinhart to win American Idol Season 10,90,2.6,Mar/10/2011 12:03:27
747032,IDOL.2011.HALEY,Haley Reinhart to win American Idol Season 10,5,2.0,Mar/10/2011 13:23:11
747032,IDOL.2011.HALEY,Haley Reinhart to win American Idol Season 10,2,2.1,Mar/10/2011 13:23:11
747032,IDOL.2011.HALEY,Haley Reinhart to win American Idol Season 10,2,1.9,Mar/11/2011 02:48:43
747032,IDOL.2011.HALEY,Haley Reinhart to win American Idol Season 10,1,1.0,Mar/11/2011 07:41:28
747032,IDOL.2011.HALEY,Haley Reinhart to win American Idol Season 10,79,1.0,Mar/11/2011 07:41:28
747032,IDOL.2011.HALEY,Haley Reinhart to win American Idol Season 10,5,1.0,Mar/11/2011 07:41:37
747032,IDOL.2011.HALEY,Haley Reinhart to win American Idol Season 10,1,1.0,Mar/11/2011 07:41:42
747032,IDOL.2011.HALEY,Haley Reinhart to win American Idol Season 10,1,1.0,Mar/11/2011 07:41:47
747032,IDOL.2011.HALEY,Haley Reinhart to win American Idol Season 10,1,1.0,Mar/11/2011 07:41:51
747032,IDOL.2011.HALEY,Haley Reinhart to win American Idol Season 10,1,1.0,Mar/11/2011 07:41:55
747032,IDOL.2011.HALEY,Haley Reinhart to win American Idol Season 10,1,1.0,Mar/11/2011 07:42:00
747032,IDOL.2011.HALEY,Haley Reinhart to win American Idol Season 10,1,1.0,Mar/11/2011 07:42:04
747032,IDOL.2011.HALEY,Haley Reinhart to win American Idol Season 10,1,2.5,Mar/11/2011 07:42:12
747032,IDOL.2011.HALEY,Haley Reinhart to win American Idol Season 10,5,2.4,Mar/11/2011 16:19:04
747032,IDOL.2011.HALEY,Haley Reinhart to win American Idol Season 10,45,2.4,Mar/12/2011 03:35:06
747032,IDOL.2011.HALEY,Haley Reinhart to win American Idol Season 10,49,2.5,Mar/12/2011 03:35:39
747032,IDOL.2011.HALEY,Haley Reinhart to win American Idol Season 10,20,2.8,Mar/12/2011 03:36:38
747032,IDOL.2011.HALEY,Haley Reinhart to win American Idol Season 10,100,2.5,Mar/12/2011 04:44:51
747032,IDOL.2011.HALEY,Haley Reinhart to win American Idol Season 10,1,2.9,Mar/12/2011 22:21:33
747032,IDOL.2011.HALEY,Haley Reinhart to win American Idol Season 10,23,2.6,Mar/13/2011 01:05:15
747032,IDOL.2011.HALEY,Haley Reinhart to win American Idol Season 10,61,2.6,Mar/13/2011 01:50:32
747032,IDOL.2011.HALEY,Haley Reinhart to win American Idol Season 10,10,2.5,Mar/14/2011 18:40:45
747032,IDOL.2011.HALEY,Haley Reinhart to win American Idol Season 10,10,2.6,Mar/14/2011 18:40:45
747032,IDOL.2011.HALEY,Haley Reinhart to win American Idol Season 10,50,2.5,Mar/16/2011 02:36:33
747032,IDOL.2011.HALEY,Haley Reinhart to win American Idol Season 10,50,2.6,Mar/16/2011 02:36:33
747032,IDOL.2011.HALEY,Haley Reinhart to win American Idol Season 10,50,2.8,Mar/16/2011 02:36:33
747032,IDOL.2011.HALEY,Haley Reinhart to win American Idol Season 10,1,0.9,Mar/17/2011 16:38:20
747032,IDOL.2011.HALEY,Haley Reinhart to win American Idol Season 10,10,1.5,Mar/21/2011 22:40:55
747032,IDOL.2011.HALEY,Haley Reinhart to win American Idol Season 10,80,1.5,Mar/22/2011 10:56:04
747032,IDOL.2011.HALEY,Haley Reinhart to win American Idol Season 10,60,1.5,Mar/22/2011 10:56:09
747032,IDOL.2011.HALEY,Haley Reinhart to win American Idol Season 10,40,1.5,Mar/22/2011 10:56:19
747032,IDOL.2011.HALEY,Haley Reinhart to win American Idol Season 10,90,1.5,Mar/22/2011 10:56:23
747032,IDOL.2011.HALEY,Haley Reinhart to win American Idol Season 10,20,1.5,Mar/22/2011 10:56:28
747032,IDOL.2011.HALEY,Haley Reinhart to win American Idol Season 10,70,1.5,Mar/22/2011 10:56:34
747032,IDOL.2011.HALEY,Haley Reinhart to win American Idol Season 10,30,1.5,Mar/22/2011 10:56:38
747032,IDOL.2011.HALEY,Haley Reinhart to win American Idol Season 10,20,1.5,Mar/22/2011 10:57:48
747032,IDOL.2011.HALEY,Haley Reinhart to win American Idol Season 10,30,1.5,Mar/22/2011 10:57:53
747032,IDOL.2011.HALEY,Haley Reinhart to win American Idol Season 10,20,1.5,Mar/22/2011 10:57:57
747032,IDOL.2011.HALEY,Haley Reinhart to win American Idol Season 10,5,1.5,Mar/22/2011 10:58:01
747032,IDOL.2011.HALEY,Haley Reinhart to win American Idol Season 10,1,1.5,Mar/22/2011 10:58:06
747032,IDOL.2011.HALEY,Haley Reinhart to win American Idol Season 10,1,1.5,Mar/22/2011 10:58:10
747032,IDOL.2011.HALEY,Haley Reinhart to win American Idol Season 10,1,1.5,Mar/22/2011 10:58:14
747032,IDOL.2011.HALEY,Haley Reinhart to win American Idol Season 10,1,1.5,Mar/22/2011 10:58:18
747032,IDOL.2011.HALEY,Haley Reinhart to win American Idol Season 10,1,1.5,Mar/22/2011 10:58:28
747032,IDOL.2011.HALEY,Haley Reinhart to win American Idol Season 10,1,2.2,Mar/22/2011 10:58:46
747032,IDOL.2011.HALEY,Haley Reinhart to win American Idol Season 10,20,1.5,Mar/22/2011 11:12:43
747032,IDOL.2011.HALEY,Haley Reinhart to win American Idol Season 10,1,2.3,Mar/22/2011 12:42:21
747032,IDOL.2011.HALEY,Haley Reinhart to win American Idol Season 10,100,1.2,Mar/23/2011 23:48:27
747032,IDOL.2011.HALEY,Haley Reinhart to win American Idol Season 10,1,2.3,Mar/24/2011 01:24:52
747032,IDOL.2011.HALEY,Haley Reinhart to win American Idol Season 10,190,1.2,Mar/26/2011 15:59:19
747032,IDOL.2011.HALEY,Haley Reinhart to win American Idol Season 10,1,1.9,Mar/26/2011 15:59:32
747032,IDOL.2011.HALEY,Haley Reinhart to win American Idol Season 10,1,2.3,Mar/31/2011 01:54:38
747032,IDOL.2011.HALEY,Haley Reinhart to win American Idol Season 10,10,2.2,Mar/31/2011 02:10:50
747032,IDOL.2011.HALEY,Haley Reinhart to win American Idol Season 10,100,2.2,Mar/31/2011 03:47:57
747032,IDOL.2011.HALEY,Haley Reinhart to win American Idol Season 10,1,2.3,Mar/31/2011 04:04:29
747032,IDOL.2011.HALEY,Haley Reinhart to win American Idol Season 10,1,2.3,Mar/31/2011 04:04:33
747032,IDOL.2011.HALEY,Haley Reinhart to win American Idol Season 10,1,2.3,Mar/31/2011 04:04:39
747032,IDOL.2011.HALEY,Haley Reinhart to win American Idol Season 10,1,2.3,Mar/31/2011 04:04:43
747032,IDOL.2011.HALEY,Haley Reinhart to win American Idol Season 10,1,3.5,Mar/31/2011 04:04:48
747032,IDOL.2011.HALEY,Haley Reinhart to win American Idol Season 10,60,1.3,Apr/01/2011 13:53:15
747032,IDOL.2011.HALEY,Haley Reinhart to win American Idol Season 10,40,1.3,Apr/01/2011 13:53:21
747032,IDOL.2011.HALEY,Haley Reinhart to win American Idol Season 10,80,1.2,Apr/01/2011 13:53:28
747032,IDOL.2011.HALEY,Haley Reinhart to win American Idol Season 10,40,1.2,Apr/01/2011 13:53:36
747032,IDOL.2011.HALEY,Haley Reinhart to win American Idol Season 10,20,1.2,Apr/01/2011 13:53:36
747032,IDOL.2011.HALEY,Haley Reinhart to win American Idol Season 10,20,1.2,Apr/01/2011 13:53:46
747032,IDOL.2011.HALEY,Haley Reinhart to win American Idol Season 10,20,1.2,Apr/01/2011 13:53:57
747032,IDOL.2011.HALEY,Haley Reinhart to win American Idol Season 10,5,1.2,Apr/01/2011 13:54:17
747032,IDOL.2011.HALEY,Haley Reinhart to win American Idol Season 10,1,1.2,Apr/01/2011 13:54:21
747032,IDOL.2011.HALEY,Haley Reinhart to win American Idol Season 10,1,1.2,Apr/01/2011 13:54:26
747032,IDOL.2011.HALEY,Haley Reinhart to win American Idol Season 10,1,1.2,Apr/01/2011 13:54:31
747032,IDOL.2011.HALEY,Haley Reinhart to win American Idol Season 10,1,1.2,Apr/01/2011 13:54:38
747032,IDOL.2011.HALEY,Haley Reinhart to win American Idol Season 10,1,1.2,Apr/01/2011 13:54:45
747032,IDOL.2011.HALEY,Haley Reinhart to win American Idol Season 10,1,2.4,Apr/01/2011 13:54:52
747032,IDOL.2011.HALEY,Haley Reinhart to win American Idol Season 10,47,1.6,Apr/02/2011 00:29:23
747032,IDOL.2011.HALEY,Haley Reinhart to win American Idol Season 10,10,1.2,Apr/02/2011 00:29:30
747032,IDOL.2011.HALEY,Haley Reinhart to win American Idol Season 10,30,1.2,Apr/02/2011 00:29:30
747032,IDOL.2011.HALEY,Haley Reinhart to win American Idol Season 10,30,1.2,Apr/02/2011 00:29:36
747032,IDOL.2011.HALEY,Haley Reinhart to win American Idol Season 10,10,1.2,Apr/02/2011 00:29:50
747032,IDOL.2011.HALEY,Haley Reinhart to win American Idol Season 10,5,1.2,Apr/02/2011 00:30:05
747032,IDOL.2011.HALEY,Haley Reinhart to win American Idol Season 10,1,1.2,Apr/02/2011 00:30:09
747032,IDOL.2011.HALEY,Haley Reinhart to win American Idol Season 10,1,1.2,Apr/02/2011 00:30:13
747032,IDOL.2011.HALEY,Haley Reinhart to win American Idol Season 10,1,1.2,Apr/02/2011 00:30:17
747032,IDOL.2011.HALEY,Haley Reinhart to win American Idol Season 10,1,1.2,Apr/02/2011 00:30:25
747032,IDOL.2011.HALEY,Haley Reinhart to win American Idol Season 10,1,1.2,Apr/02/2011 00:30:30
747032,IDOL.2011.HALEY,Haley Reinhart to win American Idol Season 10,1,2.2,Apr/02/2011 00:30:47
747032,IDOL.2011.HALEY,Haley Reinhart to win American Idol Season 10,13,1.3,Apr/02/2011 15:28:08
747032,IDOL.2011.HALEY,Haley Reinhart to win American Idol Season 10,20,1.2,Apr/02/2011 15:28:14
747032,IDOL.2011.HALEY,Haley Reinhart to win American Idol Season 10,60,1.2,Apr/02/2011 15:28:14
747032,IDOL.2011.HALEY,Haley Reinhart to win American Idol Season 10,60,1.2,Apr/02/2011 15:28:19
747032,IDOL.2011.HALEY,Haley Reinhart to win American Idol Season 10,40,1.2,Apr/02/2011 15:28:25
747032,IDOL.2011.HALEY,Haley Reinhart to win American Idol Season 10,20,1.2,Apr/02/2011 15:28:30
747032,IDOL.2011.HALEY,Haley Reinhart to win American Idol Season 10,30,1.2,Apr/02/2011 15:28:36
747032,IDOL.2011.HALEY,Haley Reinhart to win American Idol Season 10,20,1.2,Apr/02/2011 15:28:42
747032,IDOL.2011.HALEY,Haley Reinhart to win American Idol Season 10,10,1.2,Apr/02/2011 15:28:52
747032,IDOL.2011.HALEY,Haley Reinhart to win American Idol Season 10,20,1.2,Apr/02/2011 15:29:07
747032,IDOL.2011.HALEY,Haley Reinhart to win American Idol Season 10,10,1.2,Apr/02/2011 15:29:15
747032,IDOL.2011.HALEY,Haley Reinhart to win American Idol Season 10,5,1.2,Apr/02/2011 15:29:21
747032,IDOL.2011.HALEY,Haley Reinhart to win American Idol Season 10,1,1.2,Apr/02/2011 15:29:25
747032,IDOL.2011.HALEY,Haley Reinhart to win American Idol Season 10,1,1.2,Apr/02/2011 15:29:30
747032,IDOL.2011.HALEY,Haley Reinhart to win American Idol Season 10,1,1.2,Apr/02/2011 15:29:35
747032,IDOL.2011.HALEY,Haley Reinhart to win American Idol Season 10,1,1.2,Apr/02/2011 15:29:42
747032,IDOL.2011.HALEY,Haley Reinhart to win American Idol Season 10,1,1.2,Apr/02/2011 15:29:52
747032,IDOL.2011.HALEY,Haley Reinhart to win American Idol Season 10,1,1.2,Apr/02/2011 15:30:18
747032,IDOL.2011.HALEY,Haley Reinhart to win American Idol Season 10,1,2.2,Apr/02/2011 15:30:34
747032,IDOL.2011.HALEY,Haley Reinhart to win American Idol Season 10,20,1.6,Apr/02/2011 22:06:36
747032,IDOL.2011.HALEY,Haley Reinhart to win American Idol Season 10,20,1.6,Apr/02/2011 22:06:42
747032,IDOL.2011.HALEY,Haley Reinhart to win American Idol Season 10,9,1.6,Apr/02/2011 22:06:52
747032,IDOL.2011.HALEY,Haley Reinhart to win American Idol Season 10,1,2.2,Apr/02/2011 22:07:10
747032,IDOL.2011.HALEY,Haley Reinhart to win American Idol Season 10,80,1.8,Apr/03/2011 17:41:00
747032,IDOL.2011.HALEY,Haley Reinhart to win American Idol Season 10,2,1.8,Apr/04/2011 12:31:19
747032,IDOL.2011.HALEY,Haley Reinhart to win American Idol Season 10,41,1.7,Apr/04/2011 18:07:26
747032,IDOL.2011.HALEY,Haley Reinhart to win American Idol Season 10,109,1.3,Apr/04/2011 20:02:19
747032,IDOL.2011.HALEY,Haley Reinhart to win American Idol Season 10,80,1.4,Apr/05/2011 02:41:10
747032,IDOL.2011.HALEY,Haley Reinhart to win American Idol Season 10,18,1.6,Apr/05/2011 14:41:27
747032,IDOL.2011.HALEY,Haley Reinhart to win American Idol Season 10,60,1.6,Apr/05/2011 16:52:50
747032,IDOL.2011.HALEY,Haley Reinhart to win American Idol Season 10,22,1.6,Apr/06/2011 17:40:20
747032,IDOL.2011.HALEY,Haley Reinhart to win American Idol Season 10,90,1.4,Apr/06/2011 23:24:54
747032,IDOL.2011.HALEY,Haley Reinhart to win American Idol Season 10,1,2.6,Apr/07/2011 00:16:49
747032,IDOL.2011.HALEY,Haley Reinhart to win American Idol Season 10,25,2.5,Apr/07/2011 00:45:40
747032,IDOL.2011.HALEY,Haley Reinhart to win American Idol Season 10,24,2.4,Apr/07/2011 00:45:40
747032,IDOL.2011.HALEY,Haley Reinhart to win American Idol Season 10,1,2.5,Apr/07/2011 00:48:46
747032,IDOL.2011.HALEY,Haley Reinhart to win American Idol Season 10,1,2.4,Apr/07/2011 03:10:49
747032,IDOL.2011.HALEY,Haley Reinhart to win American Idol Season 10,30,2.4,Apr/07/2011 12:56:22
747032,IDOL.2011.HALEY,Haley Reinhart to win American Idol Season 10,75,2.5,Apr/07/2011 12:56:41
747032,IDOL.2011.HALEY,Haley Reinhart to win American Idol Season 10,29,2.6,Apr/07/2011 12:56:51
747032,IDOL.2011.HALEY,Haley Reinhart to win American Idol Season 10,20,2.8,Apr/07/2011 13:15:39
747032,IDOL.2011.HALEY,Haley Reinhart to win American Idol Season 10,24,2.4,Apr/07/2011 14:48:24
747032,IDOL.2011.HALEY,Haley Reinhart to win American Idol Season 10,5,2.9,Apr/07/2011 18:10:29
747032,IDOL.2011.HALEY,Haley Reinhart to win American Idol Season 10,100,2.8,Apr/08/2011 00:53:27
747032,IDOL.2011.HALEY,Haley Reinhart to win American Idol Season 10,20,2.9,Apr/08/2011 00:53:41
747032,IDOL.2011.HALEY,Haley Reinhart to win American Idol Season 10,50,3.0,Apr/08/2011 00:53:59
747032,IDOL.2011.HALEY,Haley Reinhart to win American Idol Season 10,100,3.8,Apr/08/2011 00:57:12
747032,IDOL.2011.HALEY,Haley Reinhart to win American Idol Season 10,50,4.0,Apr/08/2011 00:57:12
747032,IDOL.2011.HALEY,Haley Reinhart to win American Idol Season 10,50,3.4,Apr/08/2011 00:57:12
747032,IDOL.2011.HALEY,Haley Reinhart to win American Idol Season 10,49,3.5,Apr/08/2011 00:57:12
747032,IDOL.2011.HALEY,Haley Reinhart to win American Idol Season 10,100,4.8,Apr/08/2011 00:57:12
747032,IDOL.2011.HALEY,Haley Reinhart to win American Idol Season 10,20,5.0,Apr/08/2011 00:57:33
747032,IDOL.2011.HALEY,Haley Reinhart to win American Idol Season 10,50,5.0,Apr/08/2011 00:57:33
747032,IDOL.2011.HALEY,Haley Reinhart to win American Idol Season 10,18,5.0,Apr/08/2011 01:24:12
747032,IDOL.2011.HALEY,Haley Reinhart to win American Idol Season 10,40,4.8,Apr/08/2011 01:24:18
747032,IDOL.2011.HALEY,Haley Reinhart to win American Idol Season 10,30,4.8,Apr/08/2011 01:24:25
747032,IDOL.2011.HALEY,Haley Reinhart to win American Idol Season 10,20,4.8,Apr/08/2011 01:24:43
747032,IDOL.2011.HALEY,Haley Reinhart to win American Idol Season 10,30,4.8,Apr/08/2011 01:24:49
747032,IDOL.2011.HALEY,Haley Reinhart to win American Idol Season 10,20,4.8,Apr/08/2011 01:24:55
747032,IDOL.2011.HALEY,Haley Reinhart to win American Idol Season 10,30,4.8,Apr/08/2011 01:25:07
747032,IDOL.2011.HALEY,Haley Reinhart to win American Idol Season 10,16,4.8,Apr/08/2011 01:25:15
747032,IDOL.2011.HALEY,Haley Reinhart to win American Idol Season 10,1,8.7,Apr/08/2011 01:25:30
747032,IDOL.2011.HALEY,Haley Reinhart to win American Idol Season 10,1,8.7,Apr/08/2011 01:27:44
747032,IDOL.2011.HALEY,Haley Reinhart to win American Idol Season 10,1,8.4,Apr/08/2011 01:30:35
747032,IDOL.2011.HALEY,Haley Reinhart to win American Idol Season 10,1,8.4,Apr/08/2011 01:31:33
747032,IDOL.2011.HALEY,Haley Reinhart to win American Idol Season 10,1,8.4,Apr/08/2011 01:32:46
747032,IDOL.2011.HALEY,Haley Reinhart to win American Idol Season 10,20,6.0,Apr/08/2011 01:58:24
747032,IDOL.2011.HALEY,Haley Reinhart to win American Idol Season 10,5,6.0,Apr/08/2011 02:24:22
747032,IDOL.2011.HALEY,Haley Reinhart to win American Idol Season 10,5,6.0,Apr/08/2011 02:24:33
747032,IDOL.2011.HALEY,Haley Reinhart to win American Idol Season 10,1,6.4,Apr/08/2011 02:52:43
747032,IDOL.2011.HALEY,Haley Reinhart to win American Idol Season 10,1,6.0,Apr/08/2011 03:56:56
747032,IDOL.2011.HALEY,Haley Reinhart to win American Idol Season 10,1,5.5,Apr/08/2011 03:57:04
747032,IDOL.2011.HALEY,Haley Reinhart to win American Idol Season 10,1,6.0,Apr/08/2011 12:06:37
747032,IDOL.2011.HALEY,Haley Reinhart to win American Idol Season 10,47,6.0,Apr/08/2011 13:40:06
747032,IDOL.2011.HALEY,Haley Reinhart to win American Idol Season 10,1,5.9,Apr/10/2011 04:35:38
747032,IDOL.2011.HALEY,Haley Reinhart to win American Idol Season 10,49,5.9,Apr/13/2011 20:36:02
747032,IDOL.2011.HALEY,Haley Reinhart to win American Idol Season 10,50,6.0,Apr/13/2011 20:36:19
747032,IDOL.2011.HALEY,Haley Reinhart to win American Idol Season 10,45,5.5,Apr/13/2011 20:59:43
747032,IDOL.2011.HALEY,Haley Reinhart to win American Idol Season 10,10,5.5,Apr/13/2011 22:09:17
747032,IDOL.2011.HALEY,Haley Reinhart to win American Idol Season 10,40,5.5,Apr/13/2011 22:09:17
747032,IDOL.2011.HALEY,Haley Reinhart to win American Idol Season 10,20,6.0,Apr/14/2011 00:55:33
747032,IDOL.2011.HALEY,Haley Reinhart to win American Idol Season 10,50,6.0,Apr/14/2011 00:56:00
747032,IDOL.2011.HALEY,Haley Reinhart to win American Idol Season 10,20,6.1,Apr/14/2011 00:56:00
747032,IDOL.2011.HALEY,Haley Reinhart to win American Idol Season 10,20,6.2,Apr/14/2011 00:56:00
747032,IDOL.2011.HALEY,Haley Reinhart to win American Idol Season 10,20,6.3,Apr/14/2011 00:56:00
747032,IDOL.2011.HALEY,Haley Reinhart to win American Idol Season 10,19,6.4,Apr/14/2011 00:56:00
747032,IDOL.2011.HALEY,Haley Reinhart to win American Idol Season 10,1,6.4,Apr/14/2011 00:56:00
747032,IDOL.2011.HALEY,Haley Reinhart to win American Idol Season 10,20,6.5,Apr/14/2011 00:56:00
747032,IDOL.2011.HALEY,Haley Reinhart to win American Idol Season 10,65,6.1,Apr/14/2011 00:57:38
747032,IDOL.2011.HALEY,Haley Reinhart to win American Idol Season 10,50,6.5,Apr/14/2011 01:02:47
747032,IDOL.2011.HALEY,Haley Reinhart to win American Idol Season 10,378,4.4,Apr/14/2011 03:58:12
747032,IDOL.2011.HALEY,Haley Reinhart to win American Idol Season 10,1,5.5,Apr/14/2011 04:29:20
747032,IDOL.2011.HALEY,Haley Reinhart to win American Idol Season 10,10,4.7,Apr/15/2011 00:55:40
747032,IDOL.2011.HALEY,Haley Reinhart to win American Idol Season 10,1,5.0,Apr/16/2011 02:10:01
747032,IDOL.2011.HALEY,Haley Reinhart to win American Idol Season 10,1,5.0,Apr/16/2011 02:10:01
747032,IDOL.2011.HALEY,Haley Reinhart to win American Idol Season 10,20,4.5,Apr/20/2011 05:02:21
747032,IDOL.2011.HALEY,Haley Reinhart to win American Idol Season 10,25,4.8,Apr/20/2011 05:02:41
747032,IDOL.2011.HALEY,Haley Reinhart to win American Idol Season 10,42,4.9,Apr/20/2011 05:02:59
747032,IDOL.2011.HALEY,Haley Reinhart to win American Idol Season 10,50,5.0,Apr/20/2011 05:32:30
747032,IDOL.2011.HALEY,Haley Reinhart to win American Idol Season 10,480,4.0,Apr/21/2011 00:17:17
747032,IDOL.2011.HALEY,Haley Reinhart to win American Idol Season 10,20,4.0,Apr/21/2011 00:29:00
747032,IDOL.2011.HALEY,Haley Reinhart to win American Idol Season 10,200,4.0,Apr/21/2011 00:29:00
747032,IDOL.2011.HALEY,Haley Reinhart to win American Idol Season 10,10,4.0,Apr/21/2011 00:49:57
747032,IDOL.2011.HALEY,Haley Reinhart to win American Idol Season 10,10,3.9,Apr/21/2011 18:13:06
747032,IDOL.2011.HALEY,Haley Reinhart to win American Idol Season 10,20,3.2,Apr/22/2011 04:13:02
747032,IDOL.2011.HALEY,Haley Reinhart to win American Idol Season 10,10,2.9,Apr/22/2011 12:38:19
747032,IDOL.2011.HALEY,Haley Reinhart to win American Idol Season 10,15,2.9,Apr/22/2011 14:16:13
747032,IDOL.2011.HALEY,Haley Reinhart to win American Idol Season 10,180,3.2,Apr/22/2011 16:34:39
747032,IDOL.2011.HALEY,Haley Reinhart to win American Idol Season 10,1,2.8,Apr/23/2011 04:10:20
747032,IDOL.2011.HALEY,Haley Reinhart to win American Idol Season 10,10,2.7,Apr/23/2011 23:07:02
747032,IDOL.2011.HALEY,Haley Reinhart to win American Idol Season 10,10,2.5,Apr/23/2011 23:10:12
747032,IDOL.2011.HALEY,Haley Reinhart to win American Idol Season 10,10,2.1,Apr/23/2011 23:17:25
747032,IDOL.2011.HALEY,Haley Reinhart to win American Idol Season 10,10,2.6,Apr/26/2011 14:35:26
747032,IDOL.2011.HALEY,Haley Reinhart to win American Idol Season 10,188,3.2,Apr/27/2011 03:54:25
747032,IDOL.2011.HALEY,Haley Reinhart to win American Idol Season 10,178,3.2,Apr/27/2011 15:41:53
747032,IDOL.2011.HALEY,Haley Reinhart to win American Idol Season 10,22,3.2,Apr/28/2011 00:17:21
747032,IDOL.2011.HALEY,Haley Reinhart to win American Idol Season 10,50,3.4,Apr/28/2011 00:17:21
747032,IDOL.2011.HALEY,Haley Reinhart to win American Idol Season 10,50,3.5,Apr/28/2011 00:17:21
747032,IDOL.2011.HALEY,Haley Reinhart to win American Idol Season 10,74,3.5,Apr/28/2011 00:19:47
747032,IDOL.2011.HALEY,Haley Reinhart to win American Idol Season 10,100,4.0,Apr/28/2011 00:21:32
747032,IDOL.2011.HALEY,Haley Reinhart to win American Idol Season 10,200,3.8,Apr/28/2011 00:21:32
747032,IDOL.2011.HALEY,Haley Reinhart to win American Idol Season 10,50,4.6,Apr/28/2011 00:31:44
747032,IDOL.2011.HALEY,Haley Reinhart to win American Idol Season 10,300,4.8,Apr/28/2011 00:31:44
747032,IDOL.2011.HALEY,Haley Reinhart to win American Idol Season 10,10,4.0,Apr/28/2011 00:51:38
747032,IDOL.2011.HALEY,Haley Reinhart to win American Idol Season 10,10,4.0,Apr/28/2011 00:56:09
747032,IDOL.2011.HALEY,Haley Reinhart to win American Idol Season 10,350,4.0,Apr/28/2011 01:02:00
747032,IDOL.2011.HALEY,Haley Reinhart to win American Idol Season 10,16,3.3,Apr/28/2011 01:23:39
747032,IDOL.2011.HALEY,Haley Reinhart to win American Idol Season 10,1,4.5,Apr/28/2011 02:51:17
747032,IDOL.2011.HALEY,Haley Reinhart to win American Idol Season 10,20,4.2,Apr/29/2011 00:30:13
747032,IDOL.2011.HALEY,Haley Reinhart to win American Idol Season 10,50,4.3,Apr/29/2011 00:30:13
747032,IDOL.2011.HALEY,Haley Reinhart to win American Idol Season 10,29,4.5,Apr/29/2011 00:30:13
747032,IDOL.2011.HALEY,Haley Reinhart to win American Idol Season 10,50,4.8,Apr/29/2011 00:30:13
747032,IDOL.2011.HALEY,Haley Reinhart to win American Idol Season 10,50,5.0,Apr/29/2011 00:30:13
747032,IDOL.2011.HALEY,Haley Reinhart to win American Idol Season 10,50,5.0,Apr/29/2011 00:30:13
747032,IDOL.2011.HALEY,Haley Reinhart to win American Idol Season 10,6,5.0,Apr/29/2011 00:33:07
747032,IDOL.2011.HALEY,Haley Reinhart to win American Idol Season 10,55,5.0,Apr/29/2011 00:33:07
747032,IDOL.2011.HALEY,Haley Reinhart to win American Idol Season 10,39,5.0,Apr/29/2011 00:33:07
747032,IDOL.2011.HALEY,Haley Reinhart to win American Idol Season 10,1,4.8,Apr/29/2011 01:45:06
747032,IDOL.2011.HALEY,Haley Reinhart to win American Idol Season 10,1,4.8,Apr/29/2011 01:48:54
747032,IDOL.2011.HALEY,Haley Reinhart to win American Idol Season 10,28,4.8,Apr/29/2011 13:47:43
747032,IDOL.2011.HALEY,Haley Reinhart to win American Idol Season 10,10,4.7,Apr/29/2011 13:48:12
747032,IDOL.2011.HALEY,Haley Reinhart to win American Idol Season 10,10,4.6,Apr/29/2011 13:48:27
747032,IDOL.2011.HALEY,Haley Reinhart to win American Idol Season 10,10,4.5,Apr/29/2011 13:49:12
747032,IDOL.2011.HALEY,Haley Reinhart to win American Idol Season 10,2,4.4,Apr/29/2011 14:41:30
747032,IDOL.2011.HALEY,Haley Reinhart to win American Idol Season 10,3,4.4,Apr/30/2011 18:21:52
747032,IDOL.2011.HALEY,Haley Reinhart to win American Idol Season 10,5,4.4,Apr/30/2011 18:23:38
747032,IDOL.2011.HALEY,Haley Reinhart to win American Idol Season 10,2,4.3,Apr/30/2011 18:23:43
747032,IDOL.2011.HALEY,Haley Reinhart to win American Idol Season 10,10,5.0,Apr/30/2011 23:48:33
747032,IDOL.2011.HALEY,Haley Reinhart to win American Idol Season 10,10,5.0,Apr/30/2011 23:48:38
747032,IDOL.2011.HALEY,Haley Reinhart to win American Idol Season 10,10,5.0,Apr/30/2011 23:48:43
747032,IDOL.2011.HALEY,Haley Reinhart to win American Idol Season 10,400,5.0,May/01/2011 01:49:21
747032,IDOL.2011.HALEY,Haley Reinhart to win American Idol Season 10,150,5.0,May/01/2011 15:06:31
747032,IDOL.2011.HALEY,Haley Reinhart to win American Idol Season 10,100,5.0,May/01/2011 15:06:43
747032,IDOL.2011.HALEY,Haley Reinhart to win American Idol Season 10,50,5.0,May/01/2011 15:06:50
747032,IDOL.2011.HALEY,Haley Reinhart to win American Idol Season 10,50,5.0,May/01/2011 15:07:06
747032,IDOL.2011.HALEY,Haley Reinhart to win American Idol Season 10,30,5.0,May/01/2011 15:07:27
747032,IDOL.2011.HALEY,Haley Reinhart to win American Idol Season 10,20,5.0,May/01/2011 15:07:34
747032,IDOL.2011.HALEY,Haley Reinhart to win American Idol Season 10,10,5.0,May/01/2011 15:07:40
747032,IDOL.2011.HALEY,Haley Reinhart to win American Idol Season 10,5,5.0,May/01/2011 15:07:47
747032,IDOL.2011.HALEY,Haley Reinhart to win American Idol Season 10,10,5.0,May/01/2011 15:08:00
747032,IDOL.2011.HALEY,Haley Reinhart to win American Idol Season 10,5,5.0,May/01/2011 15:12:17
747032,IDOL.2011.HALEY,Haley Reinhart to win American Idol Season 10,10,5.3,May/01/2011 15:12:25
747032,IDOL.2011.HALEY,Haley Reinhart to win American Idol Season 10,5,5.3,May/01/2011 15:12:31
747032,IDOL.2011.HALEY,Haley Reinhart to win American Idol Season 10,10,5.3,May/01/2011 15:12:38
747032,IDOL.2011.HALEY,Haley Reinhart to win American Idol Season 10,5,5.3,May/01/2011 15:12:43
747032,IDOL.2011.HALEY,Haley Reinhart to win American Idol Season 10,20,5.3,May/01/2011 15:12:53
747032,IDOL.2011.HALEY,Haley Reinhart to win American Idol Season 10,5,5.0,May/01/2011 18:37:12
747032,IDOL.2011.HALEY,Haley Reinhart to win American Idol Season 10,500,5.8,May/02/2011 16:33:40
747032,IDOL.2011.HALEY,Haley Reinhart to win American Idol Season 10,1,6.0,May/02/2011 17:55:43
747032,IDOL.2011.HALEY,Haley Reinhart to win American Idol Season 10,500,5.5,May/02/2011 22:20:05
747032,IDOL.2011.HALEY,Haley Reinhart to win American Idol Season 10,5,5.0,May/04/2011 01:00:46
747032,IDOL.2011.HALEY,Haley Reinhart to win American Idol Season 10,5,5.0,May/04/2011 01:01:41
747032,IDOL.2011.HALEY,Haley Reinhart to win American Idol Season 10,10,5.0,May/04/2011 02:53:51
747032,IDOL.2011.HALEY,Haley Reinhart to win American Idol Season 10,10,5.0,May/04/2011 03:49:22
747032,IDOL.2011.HALEY,Haley Reinhart to win American Idol Season 10,2,5.2,May/04/2011 13:59:38
747032,IDOL.2011.HALEY,Haley Reinhart to win American Idol Season 10,2,5.1,May/04/2011 17:07:40
747032,IDOL.2011.HALEY,Haley Reinhart to win American Idol Season 10,8,5.1,May/04/2011 17:07:45
747032,IDOL.2011.HALEY,Haley Reinhart to win American Idol Season 10,41,5.1,May/04/2011 19:46:01
747032,IDOL.2011.HALEY,Haley Reinhart to win American Idol Season 10,30,5.0,May/04/2011 19:46:07
747032,IDOL.2011.HALEY,Haley Reinhart to win American Idol Season 10,40,5.0,May/04/2011 19:46:11
747032,IDOL.2011.HALEY,Haley Reinhart to win American Idol Season 10,30,5.0,May/04/2011 19:46:16
747032,IDOL.2011.HALEY,Haley Reinhart to win American Idol Season 10,60,5.0,May/04/2011 19:46:25
747032,IDOL.2011.HALEY,Haley Reinhart to win American Idol Season 10,40,5.0,May/04/2011 19:46:29
747032,IDOL.2011.HALEY,Haley Reinhart to win American Idol Season 10,30,5.0,May/04/2011 19:46:34
747032,IDOL.2011.HALEY,Haley Reinhart to win American Idol Season 10,50,5.0,May/04/2011 19:46:38
747032,IDOL.2011.HALEY,Haley Reinhart to win American Idol Season 10,20,5.0,May/04/2011 19:46:46
747032,IDOL.2011.HALEY,Haley Reinhart to win American Idol Season 10,60,5.0,May/04/2011 19:46:52
747032,IDOL.2011.HALEY,Haley Reinhart to win American Idol Season 10,30,5.0,May/04/2011 19:46:56
747032,IDOL.2011.HALEY,Haley Reinhart to win American Idol Season 10,20,5.0,May/04/2011 19:47:00
747032,IDOL.2011.HALEY,Haley Reinhart to win American Idol Season 10,50,5.0,May/04/2011 19:47:05
747032,IDOL.2011.HALEY,Haley Reinhart to win American Idol Season 10,40,5.0,May/04/2011 19:47:09
747032,IDOL.2011.HALEY,Haley Reinhart to win American Idol Season 10,60,5.0,May/04/2011 19:47:13
747032,IDOL.2011.HALEY,Haley Reinhart to win American Idol Season 10,30,5.0,May/04/2011 19:47:18
747032,IDOL.2011.HALEY,Haley Reinhart to win American Idol Season 10,20,5.0,May/04/2011 19:47:22
747032,IDOL.2011.HALEY,Haley Reinhart to win American Idol Season 10,40,5.0,May/04/2011 19:47:26
747032,IDOL.2011.HALEY,Haley Reinhart to win American Idol Season 10,30,5.0,May/04/2011 19:47:30
747032,IDOL.2011.HALEY,Haley Reinhart to win American Idol Season 10,15,5.0,May/04/2011 19:47:35
747032,IDOL.2011.HALEY,Haley Reinhart to win American Idol Season 10,10,5.0,May/04/2011 19:47:47
747032,IDOL.2011.HALEY,Haley Reinhart to win American Idol Season 10,20,5.9,May/05/2011 00:20:15
747032,IDOL.2011.HALEY,Haley Reinhart to win American Idol Season 10,50,6.0,May/05/2011 00:20:15
747032,IDOL.2011.HALEY,Haley Reinhart to win American Idol Season 10,1,6.0,May/05/2011 00:27:42
747032,IDOL.2011.HALEY,Haley Reinhart to win American Idol Season 10,20,6.4,May/05/2011 01:29:19
747032,IDOL.2011.HALEY,Haley Reinhart to win American Idol Season 10,100,6.8,May/05/2011 01:29:41
747032,IDOL.2011.HALEY,Haley Reinhart to win American Idol Season 10,5,7.0,May/05/2011 01:33:17
747032,IDOL.2011.HALEY,Haley Reinhart to win American Idol Season 10,30,6.0,May/05/2011 03:02:19
747032,IDOL.2011.HALEY,Haley Reinhart to win American Idol Season 10,40,6.0,May/05/2011 03:02:25
747032,IDOL.2011.HALEY,Haley Reinhart to win American Idol Season 10,20,6.0,May/05/2011 03:02:29
747032,IDOL.2011.HALEY,Haley Reinhart to win American Idol Season 10,50,6.0,May/05/2011 03:02:36
747032,IDOL.2011.HALEY,Haley Reinhart to win American Idol Season 10,40,6.0,May/05/2011 03:02:46
747032,IDOL.2011.HALEY,Haley Reinhart to win American Idol Season 10,20,6.0,May/05/2011 03:02:53
747032,IDOL.2011.HALEY,Haley Reinhart to win American Idol Season 10,30,6.0,May/05/2011 03:02:59
747032,IDOL.2011.HALEY,Haley Reinhart to win American Idol Season 10,20,6.0,May/05/2011 03:03:05
747032,IDOL.2011.HALEY,Haley Reinhart to win American Idol Season 10,50,6.0,May/05/2011 03:03:17
747032,IDOL.2011.HALEY,Haley Reinhart to win American Idol Season 10,20,6.0,May/05/2011 03:03:22
747032,IDOL.2011.HALEY,Haley Reinhart to win American Idol Season 10,30,6.0,May/05/2011 03:03:28
747032,IDOL.2011.HALEY,Haley Reinhart to win American Idol Season 10,15,6.0,May/05/2011 03:03:32
747032,IDOL.2011.HALEY,Haley Reinhart to win American Idol Season 10,20,6.0,May/05/2011 03:03:37
747032,IDOL.2011.HALEY,Haley Reinhart to win American Idol Season 10,10,6.0,May/05/2011 03:03:43
747032,IDOL.2011.HALEY,Haley Reinhart to win American Idol Season 10,5,6.0,May/05/2011 03:03:48
747032,IDOL.2011.HALEY,Haley Reinhart to win American Idol Season 10,5,6.0,May/05/2011 03:04:03
747032,IDOL.2011.HALEY,Haley Reinhart to win American Idol Season 10,1,6.0,May/05/2011 03:04:08
747032,IDOL.2011.HALEY,Haley Reinhart to win American Idol Season 10,1,6.0,May/05/2011 03:04:12
747032,IDOL.2011.HALEY,Haley Reinhart to win American Idol Season 10,1,6.0,May/05/2011 03:04:16
747032,IDOL.2011.HALEY,Haley Reinhart to win American Idol Season 10,1,6.0,May/05/2011 03:04:19
747032,IDOL.2011.HALEY,Haley Reinhart to win American Idol Season 10,1,6.0,May/05/2011 03:04:34
747032,IDOL.2011.HALEY,Haley Reinhart to win American Idol Season 10,1,6.9,May/05/2011 12:28:26
747032,IDOL.2011.HALEY,Haley Reinhart to win American Idol Season 10,1,6.9,May/05/2011 12:28:31
747032,IDOL.2011.HALEY,Haley Reinhart to win American Idol Season 10,1,6.9,May/05/2011 12:28:46
747032,IDOL.2011.HALEY,Haley Reinhart to win American Idol Season 10,1,6.9,May/05/2011 12:29:07
747032,IDOL.2011.HALEY,Haley Reinhart to win American Idol Season 10,1,6.9,May/05/2011 12:34:39
747032,IDOL.2011.HALEY,Haley Reinhart to win American Idol Season 10,20,6.8,May/05/2011 12:41:56
747032,IDOL.2011.HALEY,Haley Reinhart to win American Idol Season 10,35,6.8,May/05/2011 12:42:08
747032,IDOL.2011.HALEY,Haley Reinhart to win American Idol Season 10,68,6.0,May/05/2011 14:54:49
747032,IDOL.2011.HALEY,Haley Reinhart to win American Idol Season 10,4,6.0,May/05/2011 14:58:29
747032,IDOL.2011.HALEY,Haley Reinhart to win American Idol Season 10,1,6.0,May/05/2011 15:01:38
747032,IDOL.2011.HALEY,Haley Reinhart to win American Idol Season 10,10,6.0,May/05/2011 15:59:44
747032,IDOL.2011.HALEY,Haley Reinhart to win American Idol Season 10,17,6.0,May/05/2011 15:59:44
747032,IDOL.2011.HALEY,Haley Reinhart to win American Idol Season 10,3,6.0,May/05/2011 18:25:53
747032,IDOL.2011.HALEY,Haley Reinhart to win American Idol Season 10,10,6.0,May/05/2011 18:25:53
747032,IDOL.2011.HALEY,Haley Reinhart to win American Idol Season 10,1,6.0,May/05/2011 18:48:41
747032,IDOL.2011.HALEY,Haley Reinhart to win American Idol Season 10,20,6.8,May/05/2011 21:25:50
747032,IDOL.2011.HALEY,Haley Reinhart to win American Idol Season 10,1,6.0,May/05/2011 22:21:29
747032,IDOL.2011.HALEY,Haley Reinhart to win American Idol Season 10,10,6.0,May/05/2011 22:23:43
747032,IDOL.2011.HALEY,Haley Reinhart to win American Idol Season 10,3,6.0,May/05/2011 22:41:47
747032,IDOL.2011.HALEY,Haley Reinhart to win American Idol Season 10,1,6.0,May/05/2011 22:41:47
747032,IDOL.2011.HALEY,Haley Reinhart to win American Idol Season 10,8,6.0,May/05/2011 22:41:47
747032,IDOL.2011.HALEY,Haley Reinhart to win American Idol Season 10,30,6.0,May/05/2011 22:46:44
747032,IDOL.2011.HALEY,Haley Reinhart to win American Idol Season 10,20,6.0,May/05/2011 22:46:50
747032,IDOL.2011.HALEY,Haley Reinhart to win American Idol Season 10,10,6.0,May/05/2011 22:46:55
747032,IDOL.2011.HALEY,Haley Reinhart to win American Idol Season 10,15,6.0,May/05/2011 22:47:00
747032,IDOL.2011.HALEY,Haley Reinhart to win American Idol Season 10,30,6.0,May/05/2011 22:47:04
747032,IDOL.2011.HALEY,Haley Reinhart to win American Idol Season 10,10,6.0,May/05/2011 22:47:09
747032,IDOL.2011.HALEY,Haley Reinhart to win American Idol Season 10,25,6.0,May/05/2011 22:47:13
747032,IDOL.2011.HALEY,Haley Reinhart to win American Idol Season 10,10,6.0,May/05/2011 22:47:20
747032,IDOL.2011.HALEY,Haley Reinhart to win American Idol Season 10,15,6.0,May/05/2011 22:47:24
747032,IDOL.2011.HALEY,Haley Reinhart to win American Idol Season 10,10,6.0,May/05/2011 22:47:33
747032,IDOL.2011.HALEY,Haley Reinhart to win American Idol Season 10,5,6.0,May/05/2011 22:47:37
747032,IDOL.2011.HALEY,Haley Reinhart to win American Idol Season 10,2,6.0,May/05/2011 22:47:46
747032,IDOL.2011.HALEY,Haley Reinhart to win American Idol Season 10,3,6.0,May/05/2011 22:48:02
747032,IDOL.2011.HALEY,Haley Reinhart to win American Idol Season 10,1,6.0,May/05/2011 22:48:08
747032,IDOL.2011.HALEY,Haley Reinhart to win American Idol Season 10,4,6.0,May/05/2011 22:48:24
747032,IDOL.2011.HALEY,Haley Reinhart to win American Idol Season 10,1,6.0,May/05/2011 22:48:41
747032,IDOL.2011.HALEY,Haley Reinhart to win American Idol Season 10,2,6.0,May/05/2011 22:48:45
747032,IDOL.2011.HALEY,Haley Reinhart to win American Idol Season 10,1,6.0,May/05/2011 22:49:02
747032,IDOL.2011.HALEY,Haley Reinhart to win American Idol Season 10,2,6.0,May/05/2011 22:49:07
747032,IDOL.2011.HALEY,Haley Reinhart to win American Idol Season 10,1,6.0,May/05/2011 22:51:25
747032,IDOL.2011.HALEY,Haley Reinhart to win American Idol Season 10,100,7.8,May/06/2011 00:52:10
747032,IDOL.2011.HALEY,Haley Reinhart to win American Idol Season 10,50,8.0,May/06/2011 00:52:24
747032,IDOL.2011.HALEY,Haley Reinhart to win American Idol Season 10,20,8.4,May/06/2011 00:57:10
747032,IDOL.2011.HALEY,Haley Reinhart to win American Idol Season 10,222,8.5,May/06/2011 00:57:25
747032,IDOL.2011.HALEY,Haley Reinhart to win American Idol Season 10,1,8.4,May/06/2011 00:58:09
747032,IDOL.2011.HALEY,Haley Reinhart to win American Idol Season 10,3,8.4,May/06/2011 00:58:43
747032,IDOL.2011.HALEY,Haley Reinhart to win American Idol Season 10,218,8.4,May/06/2011 01:03:57
747032,IDOL.2011.HALEY,Haley Reinhart to win American Idol Season 10,1,8.0,May/06/2011 01:59:38
747032,IDOL.2011.HALEY,Haley Reinhart to win American Idol Season 10,1,8.4,May/06/2011 01:59:43
747032,IDOL.2011.HALEY,Haley Reinhart to win American Idol Season 10,5,8.4,May/06/2011 02:56:53
747032,IDOL.2011.HALEY,Haley Reinhart to win American Idol Season 10,1,8.7,May/06/2011 18:23:50
747032,IDOL.2011.HALEY,Haley Reinhart to win American Idol Season 10,100,8.8,May/06/2011 20:11:44
747032,IDOL.2011.HALEY,Haley Reinhart to win American Idol Season 10,5,9.0,May/07/2011 09:37:27
747032,IDOL.2011.HALEY,Haley Reinhart to win American Idol Season 10,1,9.0,May/07/2011 15:50:40
747032,IDOL.2011.HALEY,Haley Reinhart to win American Idol Season 10,1,9.5,May/08/2011 00:54:37
747032,IDOL.2011.HALEY,Haley Reinhart to win American Idol Season 10,500,9.4,May/08/2011 17:51:36
747032,IDOL.2011.HALEY,Haley Reinhart to win American Idol Season 10,200,9.5,May/08/2011 17:51:36
747032,IDOL.2011.HALEY,Haley Reinhart to win American Idol Season 10,150,9.5,May/08/2011 18:39:19
747032,IDOL.2011.HALEY,Haley Reinhart to win American Idol Season 10,48,9.5,May/08/2011 18:40:31
747032,IDOL.2011.HALEY,Haley Reinhart to win American Idol Season 10,10,9.4,May/08/2011 21:23:19
747032,IDOL.2011.HALEY,Haley Reinhart to win American Idol Season 10,1,9.5,May/08/2011 22:32:43
747032,IDOL.2011.HALEY,Haley Reinhart to win American Idol Season 10,100,9.8,May/09/2011 00:41:26
747032,IDOL.2011.HALEY,Haley Reinhart to win American Idol Season 10,50,10.0,May/09/2011 00:41:50
747032,IDOL.2011.HALEY,Haley Reinhart to win American Idol Season 10,50,9.5,May/09/2011 03:52:17
747032,IDOL.2011.HALEY,Haley Reinhart to win American Idol Season 10,9,9.5,May/09/2011 04:17:35
747032,IDOL.2011.HALEY,Haley Reinhart to win American Idol Season 10,1,10.9,May/09/2011 11:29:53
747032,IDOL.2011.HALEY,Haley Reinhart to win American Idol Season 10,5,10.6,May/09/2011 15:30:36
747032,IDOL.2011.HALEY,Haley Reinhart to win American Idol Season 10,30,10.6,May/09/2011 15:37:01
747032,IDOL.2011.HALEY,Haley Reinhart to win American Idol Season 10,10,10.6,May/09/2011 17:25:51
747032,IDOL.2011.HALEY,Haley Reinhart to win American Idol Season 10,1,10.5,May/09/2011 19:26:18
747032,IDOL.2011.HALEY,Haley Reinhart to win American Idol Season 10,1,10.9,May/09/2011 23:17:44
747032,IDOL.2011.HALEY,Haley Reinhart to win American Idol Season 10,1,10.8,May/10/2011 09:02:15
747032,IDOL.2011.HALEY,Haley Reinhart to win American Idol Season 10,8,10.9,May/10/2011 14:56:52
747032,IDOL.2011.HALEY,Haley Reinhart to win American Idol Season 10,1,11.5,May/11/2011 02:59:58
747032,IDOL.2011.HALEY,Haley Reinhart to win American Idol Season 10,4,11.0,May/11/2011 05:15:18
747032,IDOL.2011.HALEY,Haley Reinhart to win American Idol Season 10,1,11.5,May/11/2011 07:04:02
747032,IDOL.2011.HALEY,Haley Reinhart to win American Idol Season 10,1,11.5,May/11/2011 07:11:13
747032,IDOL.2011.HALEY,Haley Reinhart to win American Idol Season 10,1,11.5,May/11/2011 11:18:39
747032,IDOL.2011.HALEY,Haley Reinhart to win American Idol Season 10,14,11.4,May/11/2011 23:30:24
747032,IDOL.2011.HALEY,Haley Reinhart to win American Idol Season 10,30,11.1,May/12/2011 00:21:03
747032,IDOL.2011.HALEY,Haley Reinhart to win American Idol Season 10,10,10.0,May/12/2011 00:40:49
747032,IDOL.2011.HALEY,Haley Reinhart to win American Idol Season 10,20,8.4,May/12/2011 01:13:22
747032,IDOL.2011.HALEY,Haley Reinhart to win American Idol Season 10,10,8.0,May/12/2011 01:13:34
747032,IDOL.2011.HALEY,Haley Reinhart to win American Idol Season 10,1,8.0,May/12/2011 01:24:24
747032,IDOL.2011.HALEY,Haley Reinhart to win American Idol Season 10,5,8.0,May/12/2011 01:24:30
747032,IDOL.2011.HALEY,Haley Reinhart to win American Idol Season 10,4,8.0,May/12/2011 01:24:35
747032,IDOL.2011.HALEY,Haley Reinhart to win American Idol Season 10,1,7.0,May/12/2011 01:24:40
747032,IDOL.2011.HALEY,Haley Reinhart to win American Idol Season 10,9,7.0,May/12/2011 01:24:45
747032,IDOL.2011.HALEY,Haley Reinhart to win American Idol Season 10,1,8.0,May/12/2011 01:29:29
747032,IDOL.2011.HALEY,Haley Reinhart to win American Idol Season 10,1,9.0,May/12/2011 01:37:38
747032,IDOL.2011.HALEY,Haley Reinhart to win American Idol Season 10,10,6.0,May/12/2011 01:49:45
747032,IDOL.2011.HALEY,Haley Reinhart to win American Idol Season 10,200,5.0,May/12/2011 01:50:33
747032,IDOL.2011.HALEY,Haley Reinhart to win American Idol Season 10,10,5.0,May/12/2011 01:50:33
747032,IDOL.2011.HALEY,Haley Reinhart to win American Idol Season 10,1,8.8,May/12/2011 03:32:23
747032,IDOL.2011.HALEY,Haley Reinhart to win American Idol Season 10,1,3.1,May/12/2011 09:35:34
747032,IDOL.2011.HALEY,Haley Reinhart to win American Idol Season 10,1,3.1,May/12/2011 12:05:19
747032,IDOL.2011.HALEY,Haley Reinhart to win American Idol Season 10,1,3.1,May/12/2011 12:08:01
747032,IDOL.2011.HALEY,Haley Reinhart to win American Idol Season 10,10,3.5,May/12/2011 12:46:12
747032,IDOL.2011.HALEY,Haley Reinhart to win American Idol Season 10,2,3.5,May/12/2011 12:46:12
747032,IDOL.2011.HALEY,Haley Reinhart to win American Idol Season 10,1,7.3,May/12/2011 15:40:56
747032,IDOL.2011.HALEY,Haley Reinhart to win American Idol Season 10,20,6.0,May/12/2011 20:22:24
747032,IDOL.2011.HALEY,Haley Reinhart to win American Idol Season 10,9,6.5,May/12/2011 21:08:58
747032,IDOL.2011.HALEY,Haley Reinhart to win American Idol Season 10,1,6.5,May/12/2011 21:08:58
747032,IDOL.2011.HALEY,Haley Reinhart to win American Idol Season 10,250,7.0,May/12/2011 21:09:56
747032,IDOL.2011.HALEY,Haley Reinhart to win American Idol Season 10,10,7.0,May/12/2011 21:09:56
747032,IDOL.2011.HALEY,Haley Reinhart to win American Idol Season 10,10,7.0,May/12/2011 21:11:55
747032,IDOL.2011.HALEY,Haley Reinhart to win American Idol Season 10,10,3.0,May/12/2011 23:30:05
747032,IDOL.2011.HALEY,Haley Reinhart to win American Idol Season 10,12,6.9,May/12/2011 23:54:40
747032,IDOL.2011.HALEY,Haley Reinhart to win American Idol Season 10,10,2.9,May/13/2011 00:20:18
747032,IDOL.2011.HALEY,Haley Reinhart to win American Idol Season 10,10,2.8,May/13/2011 00:21:04
747032,IDOL.2011.HALEY,Haley Reinhart to win American Idol Season 10,10,2.6,May/13/2011 00:21:04
747032,IDOL.2011.HALEY,Haley Reinhart to win American Idol Season 10,10,2.5,May/13/2011 00:21:04
747032,IDOL.2011.HALEY,Haley Reinhart to win American Idol Season 10,10,2.4,May/13/2011 00:21:04
747032,IDOL.2011.HALEY,Haley Reinhart to win American Idol Season 10,10,2.7,May/13/2011 00:21:04
747032,IDOL.2011.HALEY,Haley Reinhart to win American Idol Season 10,10,1.7,May/13/2011 00:36:13
747032,IDOL.2011.HALEY,Haley Reinhart to win American Idol Season 10,10,1.5,May/13/2011 00:41:14
747032,IDOL.2011.HALEY,Haley Reinhart to win American Idol Season 10,240,7.0,May/13/2011 00:51:12
747032,IDOL.2011.HALEY,Haley Reinhart to win American Idol Season 10,1,20.0,May/13/2011 01:05:11
747032,IDOL.2011.HALEY,Haley Reinhart to win American Idol Season 10,8,16.0,May/13/2011 05:35:07
747032,IDOL.2011.HALEY,Haley Reinhart to win American Idol Season 10,2,17.9,May/13/2011 05:57:46
747032,IDOL.2011.HALEY,Haley Reinhart to win American Idol Season 10,12,18.0,May/13/2011 08:51:52
747032,IDOL.2011.HALEY,Haley Reinhart to win American Idol Season 10,8,17.9,May/13/2011 08:51:52
747032,IDOL.2011.HALEY,Haley Reinhart to win American Idol Season 10,8,16.5,May/13/2011 22:23:20
747032,IDOL.2011.HALEY,Haley Reinhart to win American Idol Season 10,1,17.5,May/14/2011 18:25:12
747032,IDOL.2011.HALEY,Haley Reinhart to win American Idol Season 10,2,17.5,May/15/2011 11:31:50
747032,IDOL.2011.HALEY,Haley Reinhart to win American Idol Season 10,5,17.5,May/15/2011 11:31:50
747032,IDOL.2011.HALEY,Haley Reinhart to win American Idol Season 10,15,17.9,May/15/2011 11:31:59
747032,IDOL.2011.HALEY,Haley Reinhart to win American Idol Season 10,85,17.9,May/15/2011 11:31:59
747032,IDOL.2011.HALEY,Haley Reinhart to win American Idol Season 10,50,18.0,May/15/2011 11:32:09
747032,IDOL.2011.HALEY,Haley Reinhart to win American Idol Season 10,300,19.5,May/16/2011 00:14:09
747032,IDOL.2011.HALEY,Haley Reinhart to win American Idol Season 10,85,20.0,May/16/2011 00:14:29
747032,IDOL.2011.HALEY,Haley Reinhart to win American Idol Season 10,15,20.0,May/16/2011 00:14:29
747032,IDOL.2011.HALEY,Haley Reinhart to win American Idol Season 10,5,16.0,May/16/2011 16:01:28
747032,IDOL.2011.HALEY,Haley Reinhart to win American Idol Season 10,1,19.9,May/16/2011 16:59:23
747032,IDOL.2011.HALEY,Haley Reinhart to win American Idol Season 10,1,22.0,May/17/2011 13:57:00
747032,IDOL.2011.HALEY,Haley Reinhart to win American Idol Season 10,11,19.0,May/17/2011 18:23:34
747032,IDOL.2011.HALEY,Haley Reinhart to win American Idol Season 10,1,22.0,May/18/2011 03:40:06
747032,IDOL.2011.HALEY,Haley Reinhart to win American Idol Season 10,2,20.0,May/18/2011 03:40:06
747032,IDOL.2011.HALEY,Haley Reinhart to win American Idol Season 10,3,18.5,May/18/2011 03:40:06
747032,IDOL.2011.HALEY,Haley Reinhart to win American Idol Season 10,2,21.4,May/18/2011 04:05:50
747032,IDOL.2011.HALEY,Haley Reinhart to win American Idol Season 10,24,18.0,May/18/2011 10:01:01
747032,IDOL.2011.HALEY,Haley Reinhart to win American Idol Season 10,350,18.0,May/18/2011 10:01:01
747032,IDOL.2011.HALEY,Haley Reinhart to win American Idol Season 10,1,21.5,May/18/2011 10:01:25
747032,IDOL.2011.HALEY,Haley Reinhart to win American Idol Season 10,1,21.5,May/18/2011 10:04:08
747032,IDOL.2011.HALEY,Haley Reinhart to win American Idol Season 10,1,21.5,May/18/2011 10:05:05
747032,IDOL.2011.HALEY,Haley Reinhart to win American Idol Season 10,1,21.5,May/18/2011 10:06:18
747032,IDOL.2011.HALEY,Haley Reinhart to win American Idol Season 10,1,21.5,May/18/2011 10:08:38
747032,IDOL.2011.HALEY,Haley Reinhart to win American Idol Season 10,20,19.0,May/18/2011 10:08:49
747032,IDOL.2011.HALEY,Haley Reinhart to win American Idol Season 10,1,21.5,May/18/2011 10:09:31
747032,IDOL.2011.HALEY,Haley Reinhart to win American Idol Season 10,5,19.0,May/18/2011 10:09:49
747032,IDOL.2011.HALEY,Haley Reinhart to win American Idol Season 10,5,19.0,May/18/2011 10:09:51
747032,IDOL.2011.HALEY,Haley Reinhart to win American Idol Season 10,1,21.5,May/18/2011 10:12:03
747032,IDOL.2011.HALEY,Haley Reinhart to win American Idol Season 10,20,20.0,May/18/2011 10:18:51
747032,IDOL.2011.HALEY,Haley Reinhart to win American Idol Season 10,1,21.5,May/18/2011 10:22:11
747032,IDOL.2011.HALEY,Haley Reinhart to win American Idol Season 10,1,21.5,May/18/2011 10:24:00
747032,IDOL.2011.HALEY,Haley Reinhart to win American Idol Season 10,1,18.3,May/18/2011 14:13:24
747032,IDOL.2011.HALEY,Haley Reinhart to win American Idol Season 10,99,18.3,May/18/2011 15:38:07
747032,IDOL.2011.HALEY,Haley Reinhart to win American Idol Season 10,1,20.5,May/18/2011 15:39:01
747032,IDOL.2011.HALEY,Haley Reinhart to win American Idol Season 10,1,20.5,May/18/2011 15:40:45
747032,IDOL.2011.HALEY,Haley Reinhart to win American Idol Season 10,1,20.5,May/18/2011 15:47:51
747032,IDOL.2011.HALEY,Haley Reinhart to win American Idol Season 10,1,20.5,May/18/2011 15:49:17
747032,IDOL.2011.HALEY,Haley Reinhart to win American Idol Season 10,1,20.5,May/18/2011 15:52:01
747032,IDOL.2011.HALEY,Haley Reinhart to win American Idol Season 10,1,17.0,May/18/2011 17:03:45
747032,IDOL.2011.HALEY,Haley Reinhart to win American Idol Season 10,50,18.0,May/18/2011 17:03:45
747032,IDOL.2011.HALEY,Haley Reinhart to win American Idol Season 10,50,18.3,May/18/2011 17:03:45
747032,IDOL.2011.HALEY,Haley Reinhart to win American Idol Season 10,1,19.8,May/18/2011 17:04:05
747032,IDOL.2011.HALEY,Haley Reinhart to win American Idol Season 10,1,17.0,May/18/2011 17:53:10
747032,IDOL.2011.HALEY,Haley Reinhart to win American Idol Season 10,10,18.0,May/18/2011 20:53:01
747032,IDOL.2011.HALEY,Haley Reinhart to win American Idol Season 10,1,17.0,May/18/2011 21:31:57
747032,IDOL.2011.HALEY,Haley Reinhart to win American Idol Season 10,7,17.0,May/19/2011 00:06:16
747032,IDOL.2011.HALEY,Haley Reinhart to win American Idol Season 10,20,17.0,May/19/2011 00:06:16
747032,IDOL.2011.HALEY,Haley Reinhart to win American Idol Season 10,1,19.8,May/19/2011 00:22:50
747032,IDOL.2011.HALEY,Haley Reinhart to win American Idol Season 10,5,19.7,May/19/2011 00:29:17
747032,IDOL.2011.HALEY,Haley Reinhart to win American Idol Season 10,5,19.7,May/19/2011 00:34:56
747032,IDOL.2011.HALEY,Haley Reinhart to win American Idol Season 10,1,19.8,May/19/2011 00:37:56
747032,IDOL.2011.HALEY,Haley Reinhart to win American Idol Season 10,5,19.7,May/19/2011 00:37:56
747032,IDOL.2011.HALEY,Haley Reinhart to win American Idol Season 10,5,19.7,May/19/2011 00:37:56
747032,IDOL.2011.HALEY,Haley Reinhart to win American Idol Season 10,189,19.7,May/19/2011 00:37:56
747032,IDOL.2011.HALEY,Haley Reinhart to win American Idol Season 10,198,19.8,May/19/2011 00:37:56
747032,IDOL.2011.HALEY,Haley Reinhart to win American Idol Season 10,2,19.8,May/19/2011 00:37:57
747032,IDOL.2011.HALEY,Haley Reinhart to win American Idol Season 10,20,20.0,May/19/2011 00:38:11
747032,IDOL.2011.HALEY,Haley Reinhart to win American Idol Season 10,20,21.0,May/19/2011 00:38:54
747032,IDOL.2011.HALEY,Haley Reinhart to win American Idol Season 10,20,22.0,May/19/2011 00:39:22
747032,IDOL.2011.HALEY,Haley Reinhart to win American Idol Season 10,20,23.0,May/19/2011 00:41:47
747032,IDOL.2011.HALEY,Haley Reinhart to win American Idol Season 10,20,17.0,May/19/2011 00:55:30
747032,IDOL.2011.HALEY,Haley Reinhart to win American Idol Season 10,2,15.0,May/19/2011 00:55:30
747032,IDOL.2011.HALEY,Haley Reinhart to win American Idol Season 10,1,23.3,May/19/2011 00:56:33
747032,IDOL.2011.HALEY,Haley Reinhart to win American Idol Season 10,3,15.0,May/19/2011 01:58:42
747032,IDOL.2011.HALEY,Haley Reinhart to win American Idol Season 10,1,22.0,May/19/2011 02:09:22
747032,IDOL.2011.HALEY,Haley Reinhart to win American Idol Season 10,2,17.5,May/19/2011 15:05:32
747032,IDOL.2011.HALEY,Haley Reinhart to win American Idol Season 10,10,17.5,May/19/2011 16:04:59
747032,IDOL.2011.HALEY,Haley Reinhart to win American Idol Season 10,10,16.0,May/19/2011 16:47:32
747032,IDOL.2011.HALEY,Haley Reinhart to win American Idol Season 10,4,16.1,May/19/2011 18:07:59
747032,IDOL.2011.HALEY,Haley Reinhart to win American Idol Season 10,16,16.0,May/19/2011 18:09:29
747032,IDOL.2011.HALEY,Haley Reinhart to win American Idol Season 10,10,15.5,May/19/2011 19:10:53
747032,IDOL.2011.HALEY,Haley Reinhart to win American Idol Season 10,10,15.0,May/19/2011 19:10:53
747032,IDOL.2011.HALEY,Haley Reinhart to win American Idol Season 10,4,15.1,May/19/2011 19:10:53
747032,IDOL.2011.HALEY,Haley Reinhart to win American Idol Season 10,5,14.0,May/19/2011 19:30:57
747032,IDOL.2011.HALEY,Haley Reinhart to win American Idol Season 10,1,13.0,May/19/2011 20:09:37
747032,IDOL.2011.HALEY,Haley Reinhart to win American Idol Season 10,9,14.0,May/19/2011 20:09:37
747032,IDOL.2011.HALEY,Haley Reinhart to win American Idol Season 10,5,14.7,May/19/2011 23:52:45
747032,IDOL.2011.HALEY,Haley Reinhart to win American Idol Season 10,1,14.5,May/20/2011 00:13:33
747032,IDOL.2011.HALEY,Haley Reinhart to win American Idol Season 10,2,16.5,May/20/2011 00:27:24
747032,IDOL.2011.HALEY,Haley Reinhart to win American Idol Season 10,1,22.0,May/20/2011 00:27:35
747032,IDOL.2011.HALEY,Haley Reinhart to win American Idol Season 10,35,6.0,May/20/2011 00:33:07
747032,IDOL.2011.HALEY,Haley Reinhart to win American Idol Season 10,1,13.9,May/20/2011 00:34:22
747032,IDOL.2011.HALEY,Haley Reinhart to win American Idol Season 10,1,13.5,May/20/2011 00:36:37
747032,IDOL.2011.HALEY,Haley Reinhart to win American Idol Season 10,1,13.5,May/20/2011 00:46:55
747032,IDOL.2011.HALEY,Haley Reinhart to win American Idol Season 10,10,3.6,May/20/2011 00:53:20
747032,IDOL.2011.HALEY,Haley Reinhart to win American Idol Season 10,30,3.6,May/20/2011 00:53:30
747032,IDOL.2011.HALEY,Haley Reinhart to win American Idol Season 10,100,0.1,May/20/2011 01:01:48
747032,IDOL.2011.HALEY,Haley Reinhart to win American Idol Season 10,18,0.1,May/20/2011 01:02:36
747032,IDOL.2011.HALEY,Haley Reinhart to win American Idol Season 10,482,0.1,May/20/2011 02:35:37
747032,IDOL.2011.HALEY,Haley Reinhart to win American Idol Season 10,18,0.1,May/20/2011 02:35:37
747032,IDOL.2011.HALEY,Haley Reinhart to win American Idol Season 10,16,0.1,May/23/2011 21:42:55
747032,IDOL.2011.HALEY,Haley Reinhart to win American Idol Season 10,1000,0.1,May/24/2011 22:47:17
747032,IDOL.2011.HALEY,Haley Reinhart to win American Idol Season 10,966,0.1,May/24/2011 22:48:43
747032,IDOL.2011.HALEY,Haley Reinhart to win American Idol Season 10,34,0.1,May/24/2011 22:48:43
747032,IDOL.2011.HALEY,Haley Reinhart to win American Idol Season 10,3,0.1,May/24/2011 23:14:22
747032,IDOL.2011.HALEY,Haley Reinhart to win American Idol Season 10,30,0.1,May/24/2011 23:14:22
747032,IDOL.2011.HALEY,Haley Reinhart to win American Idol Season 10,79,0.1,May/24/2011 23:14:22
747032,IDOL.2011.HALEY,Haley Reinhart to win American Idol Season 10,4966,0.1,May/24/2011 23:14:22
747032,IDOL.2011.HALEY,Haley Reinhart to win American Idol Season 10,1,0.1,May/24/2011 23:15:32
747032,IDOL.2011.HALEY,Haley Reinhart to win American Idol Season 10,10,0.1,May/24/2011 23:53:57
747032,IDOL.2011.HALEY,Haley Reinhart to win American Idol Season 10,495,0.1,May/25/2011 00:03:15
747032,IDOL.2011.HALEY,Haley Reinhart to win American Idol Season 10,200,0.1,May/25/2011 00:03:15
747032,IDOL.2011.HALEY,Haley Reinhart to win American Idol Season 10,5,0.1,May/25/2011 00:03:15
747032,IDOL.2011.HALEY,Haley Reinhart to win American Idol Season 10,205,0.1,May/25/2011 00:03:20
747032,IDOL.2011.HALEY,Haley Reinhart to win American Idol Season 10,700,0.1,May/25/2011 00:04:24
747032,IDOL.2011.HALEY,Haley Reinhart to win American Idol Season 10,700,0.1,May/25/2011 00:05:11
747032,IDOL.2011.HALEY,Haley Reinhart to win American Idol Season 10,10,0.1,May/26/2011 00:51:21
