market id,market symbol,market name,trade quantity,trade price,date/time [utc]
664227,AK.SENATE2010.OTHER,Any other candidate to win,1,29.9,Sep/18/2010 19:22:21
664227,AK.SENATE2010.OTHER,Any other candidate to win,1,16.1,Sep/23/2010 12:28:00
664227,AK.SENATE2010.OTHER,Any other candidate to win,5,16.2,Sep/23/2010 12:28:16
664227,AK.SENATE2010.OTHER,Any other candidate to win,1,16.3,Sep/23/2010 12:28:16
664227,AK.SENATE2010.OTHER,Any other candidate to win,1,16.5,Sep/23/2010 12:28:16
664227,AK.SENATE2010.OTHER,Any other candidate to win,1,16.7,Sep/23/2010 12:28:16
664227,AK.SENATE2010.OTHER,Any other candidate to win,1,16.9,Sep/23/2010 12:28:16
664227,AK.SENATE2010.OTHER,Any other candidate to win,17,20.0,Sep/23/2010 16:25:24
664227,AK.SENATE2010.OTHER,Any other candidate to win,8,20.0,Sep/23/2010 16:55:26
664227,AK.SENATE2010.OTHER,Any other candidate to win,3,15.0,Sep/26/2010 14:45:46
664227,AK.SENATE2010.OTHER,Any other candidate to win,10,20.0,Sep/28/2010 15:21:56
664227,AK.SENATE2010.OTHER,Any other candidate to win,1,23.6,Sep/29/2010 21:09:33
664227,AK.SENATE2010.OTHER,Any other candidate to win,1,23.8,Sep/29/2010 21:09:33
664227,AK.SENATE2010.OTHER,Any other candidate to win,1,24.0,Sep/29/2010 21:09:33
664227,AK.SENATE2010.OTHER,Any other candidate to win,1,25.0,Sep/29/2010 21:09:49
664227,AK.SENATE2010.OTHER,Any other candidate to win,1,24.8,Sep/29/2010 21:09:49
664227,AK.SENATE2010.OTHER,Any other candidate to win,1,24.6,Sep/29/2010 21:09:49
664227,AK.SENATE2010.OTHER,Any other candidate to win,1,24.4,Sep/29/2010 21:09:49
664227,AK.SENATE2010.OTHER,Any other candidate to win,1,24.2,Sep/29/2010 21:09:49
664227,AK.SENATE2010.OTHER,Any other candidate to win,4,25.0,Sep/29/2010 21:10:24
664227,AK.SENATE2010.OTHER,Any other candidate to win,10,27.0,Sep/29/2010 21:11:30
664227,AK.SENATE2010.OTHER,Any other candidate to win,1,32.9,Sep/30/2010 08:24:52
664227,AK.SENATE2010.OTHER,Any other candidate to win,9,33.0,Sep/30/2010 08:24:52
664227,AK.SENATE2010.OTHER,Any other candidate to win,1,34.9,Sep/30/2010 15:31:43
664227,AK.SENATE2010.OTHER,Any other candidate to win,1,33.0,Sep/30/2010 15:31:43
664227,AK.SENATE2010.OTHER,Any other candidate to win,5,34.8,Sep/30/2010 15:31:43
664227,AK.SENATE2010.OTHER,Any other candidate to win,1,30.0,Oct/02/2010 20:53:34
664227,AK.SENATE2010.OTHER,Any other candidate to win,1,29.0,Oct/02/2010 20:54:20
664227,AK.SENATE2010.OTHER,Any other candidate to win,1,24.9,Oct/11/2010 18:48:26
664227,AK.SENATE2010.OTHER,Any other candidate to win,10,25.0,Oct/11/2010 18:48:31
664227,AK.SENATE2010.OTHER,Any other candidate to win,1,23.1,Oct/12/2010 18:40:05
664227,AK.SENATE2010.OTHER,Any other candidate to win,5,25.0,Oct/13/2010 21:18:11
664227,AK.SENATE2010.OTHER,Any other candidate to win,1,28.6,Oct/14/2010 20:23:31
664227,AK.SENATE2010.OTHER,Any other candidate to win,1,28.8,Oct/14/2010 20:23:31
664227,AK.SENATE2010.OTHER,Any other candidate to win,1,29.9,Oct/14/2010 20:23:31
664227,AK.SENATE2010.OTHER,Any other candidate to win,1,28.9,Oct/14/2010 20:23:31
664227,AK.SENATE2010.OTHER,Any other candidate to win,1,29.9,Oct/14/2010 20:23:31
664227,AK.SENATE2010.OTHER,Any other candidate to win,1,31.7,Oct/15/2010 02:13:57
664227,AK.SENATE2010.OTHER,Any other candidate to win,1,31.9,Oct/15/2010 02:13:57
664227,AK.SENATE2010.OTHER,Any other candidate to win,8,32.0,Oct/15/2010 02:13:57
664227,AK.SENATE2010.OTHER,Any other candidate to win,1,29.0,Oct/15/2010 19:40:46
664227,AK.SENATE2010.OTHER,Any other candidate to win,5,27.0,Oct/15/2010 19:41:28
664227,AK.SENATE2010.OTHER,Any other candidate to win,20,33.9,Oct/18/2010 18:43:28
664227,AK.SENATE2010.OTHER,Any other candidate to win,4,27.2,Oct/19/2010 03:21:04
664227,AK.SENATE2010.OTHER,Any other candidate to win,1,30.0,Oct/20/2010 16:36:14
664227,AK.SENATE2010.OTHER,Any other candidate to win,1,30.0,Oct/20/2010 16:36:51
664227,AK.SENATE2010.OTHER,Any other candidate to win,1,30.0,Oct/20/2010 16:37:08
664227,AK.SENATE2010.OTHER,Any other candidate to win,4,34.4,Oct/20/2010 21:16:11
664227,AK.SENATE2010.OTHER,Any other candidate to win,1,34.0,Oct/20/2010 22:36:15
664227,AK.SENATE2010.OTHER,Any other candidate to win,1,33.0,Oct/20/2010 22:36:36
664227,AK.SENATE2010.OTHER,Any other candidate to win,1,32.0,Oct/21/2010 21:11:24
664227,AK.SENATE2010.OTHER,Any other candidate to win,2,33.8,Oct/21/2010 23:07:46
664227,AK.SENATE2010.OTHER,Any other candidate to win,13,33.8,Oct/21/2010 23:07:46
664227,AK.SENATE2010.OTHER,Any other candidate to win,3,33.8,Oct/22/2010 14:24:24
664227,AK.SENATE2010.OTHER,Any other candidate to win,27,28.0,Oct/23/2010 20:34:15
664227,AK.SENATE2010.OTHER,Any other candidate to win,1,29.9,Oct/23/2010 21:47:34
664227,AK.SENATE2010.OTHER,Any other candidate to win,8,30.3,Oct/24/2010 05:55:55
664227,AK.SENATE2010.OTHER,Any other candidate to win,1,30.9,Oct/24/2010 05:55:55
664227,AK.SENATE2010.OTHER,Any other candidate to win,1,30.4,Oct/24/2010 05:55:55
664227,AK.SENATE2010.OTHER,Any other candidate to win,1,31.4,Oct/24/2010 20:12:55
664227,AK.SENATE2010.OTHER,Any other candidate to win,1,31.8,Oct/24/2010 20:13:07
664227,AK.SENATE2010.OTHER,Any other candidate to win,5,30.0,Oct/25/2010 12:58:48
664227,AK.SENATE2010.OTHER,Any other candidate to win,1,34.5,Oct/26/2010 15:06:46
664227,AK.SENATE2010.OTHER,Any other candidate to win,4,34.5,Oct/26/2010 15:06:46
664227,AK.SENATE2010.OTHER,Any other candidate to win,11,34.5,Oct/26/2010 15:06:46
664227,AK.SENATE2010.OTHER,Any other candidate to win,8,34.0,Oct/26/2010 15:06:46
664227,AK.SENATE2010.OTHER,Any other candidate to win,1,34.8,Oct/26/2010 15:09:33
664227,AK.SENATE2010.OTHER,Any other candidate to win,27,35.0,Oct/26/2010 15:09:33
664227,AK.SENATE2010.OTHER,Any other candidate to win,10,35.0,Oct/27/2010 00:49:34
664227,AK.SENATE2010.OTHER,Any other candidate to win,10,30.7,Oct/27/2010 02:15:38
664227,AK.SENATE2010.OTHER,Any other candidate to win,10,31.3,Oct/27/2010 05:10:05
664227,AK.SENATE2010.OTHER,Any other candidate to win,5,31.1,Oct/27/2010 05:10:41
664227,AK.SENATE2010.OTHER,Any other candidate to win,1,34.0,Oct/27/2010 11:15:41
664227,AK.SENATE2010.OTHER,Any other candidate to win,19,34.0,Oct/27/2010 13:38:46
664227,AK.SENATE2010.OTHER,Any other candidate to win,1,34.6,Oct/27/2010 15:51:59
664227,AK.SENATE2010.OTHER,Any other candidate to win,9,34.6,Oct/27/2010 19:03:43
664227,AK.SENATE2010.OTHER,Any other candidate to win,10,34.5,Oct/27/2010 19:03:43
664227,AK.SENATE2010.OTHER,Any other candidate to win,20,34.0,Oct/27/2010 19:03:56
664227,AK.SENATE2010.OTHER,Any other candidate to win,30,34.0,Oct/27/2010 19:04:07
664227,AK.SENATE2010.OTHER,Any other candidate to win,4,30.7,Oct/27/2010 21:05:42
664227,AK.SENATE2010.OTHER,Any other candidate to win,5,31.1,Oct/27/2010 21:05:42
664227,AK.SENATE2010.OTHER,Any other candidate to win,3,30.7,Oct/27/2010 21:05:48
664227,AK.SENATE2010.OTHER,Any other candidate to win,3,30.7,Oct/27/2010 21:14:18
664227,AK.SENATE2010.OTHER,Any other candidate to win,4,29.0,Oct/27/2010 21:14:18
664227,AK.SENATE2010.OTHER,Any other candidate to win,6,29.0,Oct/27/2010 21:37:50
664227,AK.SENATE2010.OTHER,Any other candidate to win,4,29.0,Oct/27/2010 22:08:03
664227,AK.SENATE2010.OTHER,Any other candidate to win,1,29.1,Oct/28/2010 04:35:27
664227,AK.SENATE2010.OTHER,Any other candidate to win,1,29.1,Oct/28/2010 04:35:27
664227,AK.SENATE2010.OTHER,Any other candidate to win,50,31.9,Oct/28/2010 11:37:39
664227,AK.SENATE2010.OTHER,Any other candidate to win,1,38.9,Oct/28/2010 12:54:42
664227,AK.SENATE2010.OTHER,Any other candidate to win,1,35.3,Oct/28/2010 12:54:42
664227,AK.SENATE2010.OTHER,Any other candidate to win,1,35.5,Oct/28/2010 12:54:42
664227,AK.SENATE2010.OTHER,Any other candidate to win,1,35.7,Oct/28/2010 12:54:42
664227,AK.SENATE2010.OTHER,Any other candidate to win,1,35.9,Oct/28/2010 12:54:42
664227,AK.SENATE2010.OTHER,Any other candidate to win,9,39.9,Oct/28/2010 12:55:01
664227,AK.SENATE2010.OTHER,Any other candidate to win,1,39.3,Oct/28/2010 12:55:01
664227,AK.SENATE2010.OTHER,Any other candidate to win,1,39.5,Oct/28/2010 12:55:01
664227,AK.SENATE2010.OTHER,Any other candidate to win,1,39.7,Oct/28/2010 12:55:01
664227,AK.SENATE2010.OTHER,Any other candidate to win,1,39.9,Oct/28/2010 12:55:01
664227,AK.SENATE2010.OTHER,Any other candidate to win,1,39.9,Oct/28/2010 12:55:18
664227,AK.SENATE2010.OTHER,Any other candidate to win,1,39.9,Oct/28/2010 12:55:18
664227,AK.SENATE2010.OTHER,Any other candidate to win,1,42.9,Oct/28/2010 14:37:30
664227,AK.SENATE2010.OTHER,Any other candidate to win,1,41.9,Oct/28/2010 14:37:30
664227,AK.SENATE2010.OTHER,Any other candidate to win,1,40.9,Oct/28/2010 14:37:30
664227,AK.SENATE2010.OTHER,Any other candidate to win,1,47.9,Oct/28/2010 14:38:40
664227,AK.SENATE2010.OTHER,Any other candidate to win,1,46.9,Oct/28/2010 14:38:40
664227,AK.SENATE2010.OTHER,Any other candidate to win,1,45.9,Oct/28/2010 14:38:40
664227,AK.SENATE2010.OTHER,Any other candidate to win,1,44.9,Oct/28/2010 14:38:40
664227,AK.SENATE2010.OTHER,Any other candidate to win,1,43.9,Oct/28/2010 14:38:40
664227,AK.SENATE2010.OTHER,Any other candidate to win,1,48.9,Oct/28/2010 14:38:50
664227,AK.SENATE2010.OTHER,Any other candidate to win,3,50.0,Oct/28/2010 14:39:31
664227,AK.SENATE2010.OTHER,Any other candidate to win,5,42.9,Oct/28/2010 17:17:32
664227,AK.SENATE2010.OTHER,Any other candidate to win,5,43.0,Oct/28/2010 17:17:32
664227,AK.SENATE2010.OTHER,Any other candidate to win,1,44.0,Oct/28/2010 19:14:30
664227,AK.SENATE2010.OTHER,Any other candidate to win,2,44.0,Oct/28/2010 19:28:40
664227,AK.SENATE2010.OTHER,Any other candidate to win,1,44.0,Oct/28/2010 19:52:34
664227,AK.SENATE2010.OTHER,Any other candidate to win,2,48.5,Oct/28/2010 20:48:55
664227,AK.SENATE2010.OTHER,Any other candidate to win,15,48.5,Oct/28/2010 21:04:09
664227,AK.SENATE2010.OTHER,Any other candidate to win,10,44.0,Oct/28/2010 21:07:12
664227,AK.SENATE2010.OTHER,Any other candidate to win,18,44.0,Oct/28/2010 21:12:24
664227,AK.SENATE2010.OTHER,Any other candidate to win,5,37.0,Oct/29/2010 18:40:31
664227,AK.SENATE2010.OTHER,Any other candidate to win,5,35.0,Oct/29/2010 18:40:40
664227,AK.SENATE2010.OTHER,Any other candidate to win,1,39.9,Oct/29/2010 19:21:59
664227,AK.SENATE2010.OTHER,Any other candidate to win,2,39.0,Oct/29/2010 19:41:43
664227,AK.SENATE2010.OTHER,Any other candidate to win,3,39.0,Oct/29/2010 19:47:18
664227,AK.SENATE2010.OTHER,Any other candidate to win,6,39.9,Oct/29/2010 19:47:18
664227,AK.SENATE2010.OTHER,Any other candidate to win,5,45.0,Oct/29/2010 22:49:24
664227,AK.SENATE2010.OTHER,Any other candidate to win,5,43.0,Oct/29/2010 22:49:24
664227,AK.SENATE2010.OTHER,Any other candidate to win,4,42.0,Oct/29/2010 22:49:24
664227,AK.SENATE2010.OTHER,Any other candidate to win,5,45.0,Oct/29/2010 23:00:10
664227,AK.SENATE2010.OTHER,Any other candidate to win,1,45.9,Oct/29/2010 23:01:08
664227,AK.SENATE2010.OTHER,Any other candidate to win,3,47.8,Oct/29/2010 23:13:52
664227,AK.SENATE2010.OTHER,Any other candidate to win,2,47.8,Oct/29/2010 23:14:08
664227,AK.SENATE2010.OTHER,Any other candidate to win,1,49.9,Oct/29/2010 23:14:08
664227,AK.SENATE2010.OTHER,Any other candidate to win,5,50.0,Oct/29/2010 23:14:08
664227,AK.SENATE2010.OTHER,Any other candidate to win,1,50.9,Oct/29/2010 23:22:41
664227,AK.SENATE2010.OTHER,Any other candidate to win,1,51.9,Oct/29/2010 23:22:49
664227,AK.SENATE2010.OTHER,Any other candidate to win,1,52.9,Oct/29/2010 23:24:06
664227,AK.SENATE2010.OTHER,Any other candidate to win,1,53.9,Oct/29/2010 23:24:22
664227,AK.SENATE2010.OTHER,Any other candidate to win,1,54.9,Oct/29/2010 23:24:41
664227,AK.SENATE2010.OTHER,Any other candidate to win,1,55.9,Oct/30/2010 00:06:11
664227,AK.SENATE2010.OTHER,Any other candidate to win,1,58.9,Oct/30/2010 00:06:11
664227,AK.SENATE2010.OTHER,Any other candidate to win,1,57.9,Oct/30/2010 00:06:11
664227,AK.SENATE2010.OTHER,Any other candidate to win,1,56.9,Oct/30/2010 00:06:11
664227,AK.SENATE2010.OTHER,Any other candidate to win,3,59.0,Oct/30/2010 00:06:29
664227,AK.SENATE2010.OTHER,Any other candidate to win,5,59.5,Oct/30/2010 00:25:52
664227,AK.SENATE2010.OTHER,Any other candidate to win,5,59.5,Oct/30/2010 00:25:52
664227,AK.SENATE2010.OTHER,Any other candidate to win,1,59.9,Oct/30/2010 00:29:43
664227,AK.SENATE2010.OTHER,Any other candidate to win,5,63.0,Oct/30/2010 02:44:46
664227,AK.SENATE2010.OTHER,Any other candidate to win,5,65.0,Oct/30/2010 02:44:56
664227,AK.SENATE2010.OTHER,Any other candidate to win,1,60.1,Oct/30/2010 06:21:04
664227,AK.SENATE2010.OTHER,Any other candidate to win,1,59.1,Oct/30/2010 06:50:57
664227,AK.SENATE2010.OTHER,Any other candidate to win,2,57.1,Oct/30/2010 06:50:57
664227,AK.SENATE2010.OTHER,Any other candidate to win,1,57.1,Oct/30/2010 06:50:57
664227,AK.SENATE2010.OTHER,Any other candidate to win,1,58.1,Oct/30/2010 06:50:57
664227,AK.SENATE2010.OTHER,Any other candidate to win,2,57.1,Oct/30/2010 07:24:22
664227,AK.SENATE2010.OTHER,Any other candidate to win,5,57.0,Oct/30/2010 07:24:34
664227,AK.SENATE2010.OTHER,Any other candidate to win,3,55.0,Oct/30/2010 08:33:18
664227,AK.SENATE2010.OTHER,Any other candidate to win,1,55.1,Oct/30/2010 08:33:18
664227,AK.SENATE2010.OTHER,Any other candidate to win,1,56.1,Oct/30/2010 08:33:18
664227,AK.SENATE2010.OTHER,Any other candidate to win,2,55.0,Oct/30/2010 08:33:53
664227,AK.SENATE2010.OTHER,Any other candidate to win,1,52.1,Oct/30/2010 08:34:39
664227,AK.SENATE2010.OTHER,Any other candidate to win,1,53.1,Oct/30/2010 08:34:39
664227,AK.SENATE2010.OTHER,Any other candidate to win,1,54.1,Oct/30/2010 08:34:39
664227,AK.SENATE2010.OTHER,Any other candidate to win,1,53.0,Oct/31/2010 02:41:52
664227,AK.SENATE2010.OTHER,Any other candidate to win,1,53.0,Oct/31/2010 02:42:02
664227,AK.SENATE2010.OTHER,Any other candidate to win,1,52.1,Oct/31/2010 02:43:28
664227,AK.SENATE2010.OTHER,Any other candidate to win,1,55.9,Oct/31/2010 13:59:36
664227,AK.SENATE2010.OTHER,Any other candidate to win,2,56.0,Oct/31/2010 14:01:22
664227,AK.SENATE2010.OTHER,Any other candidate to win,5,57.9,Oct/31/2010 15:35:25
664227,AK.SENATE2010.OTHER,Any other candidate to win,1,56.9,Oct/31/2010 15:35:25
664227,AK.SENATE2010.OTHER,Any other candidate to win,1,57.9,Oct/31/2010 15:35:25
664227,AK.SENATE2010.OTHER,Any other candidate to win,1,59.8,Oct/31/2010 15:35:38
664227,AK.SENATE2010.OTHER,Any other candidate to win,1,58.9,Oct/31/2010 15:35:38
664227,AK.SENATE2010.OTHER,Any other candidate to win,1,59.8,Oct/31/2010 15:35:51
664227,AK.SENATE2010.OTHER,Any other candidate to win,3,55.0,Oct/31/2010 15:36:07
664227,AK.SENATE2010.OTHER,Any other candidate to win,51,53.0,Oct/31/2010 19:53:20
664227,AK.SENATE2010.OTHER,Any other candidate to win,1,53.0,Oct/31/2010 19:53:20
664227,AK.SENATE2010.OTHER,Any other candidate to win,4,52.0,Oct/31/2010 23:09:22
664227,AK.SENATE2010.OTHER,Any other candidate to win,68,50.0,Oct/31/2010 23:14:18
664227,AK.SENATE2010.OTHER,Any other candidate to win,2,50.0,Oct/31/2010 23:14:18
664227,AK.SENATE2010.OTHER,Any other candidate to win,30,50.0,Oct/31/2010 23:15:32
664227,AK.SENATE2010.OTHER,Any other candidate to win,10,55.0,Oct/31/2010 23:19:08
664227,AK.SENATE2010.OTHER,Any other candidate to win,10,55.0,Oct/31/2010 23:54:03
664227,AK.SENATE2010.OTHER,Any other candidate to win,1,58.0,Oct/31/2010 23:54:30
664227,AK.SENATE2010.OTHER,Any other candidate to win,10,58.9,Oct/31/2010 23:54:46
664227,AK.SENATE2010.OTHER,Any other candidate to win,10,58.9,Oct/31/2010 23:54:46
664227,AK.SENATE2010.OTHER,Any other candidate to win,5,59.8,Oct/31/2010 23:55:03
664227,AK.SENATE2010.OTHER,Any other candidate to win,1,59.9,Oct/31/2010 23:55:44
664227,AK.SENATE2010.OTHER,Any other candidate to win,1,60.0,Oct/31/2010 23:56:00
664227,AK.SENATE2010.OTHER,Any other candidate to win,5,60.0,Oct/31/2010 23:58:16
664227,AK.SENATE2010.OTHER,Any other candidate to win,1,60.9,Oct/31/2010 23:58:30
664227,AK.SENATE2010.OTHER,Any other candidate to win,10,61.0,Oct/31/2010 23:58:40
664227,AK.SENATE2010.OTHER,Any other candidate to win,10,60.0,Nov/01/2010 00:00:29
664227,AK.SENATE2010.OTHER,Any other candidate to win,2,59.9,Nov/01/2010 00:04:58
664227,AK.SENATE2010.OTHER,Any other candidate to win,3,48.0,Nov/01/2010 01:58:44
664227,AK.SENATE2010.OTHER,Any other candidate to win,151,45.0,Nov/01/2010 03:30:08
664227,AK.SENATE2010.OTHER,Any other candidate to win,2,45.0,Nov/01/2010 03:30:08
664227,AK.SENATE2010.OTHER,Any other candidate to win,20,42.0,Nov/01/2010 03:34:48
664227,AK.SENATE2010.OTHER,Any other candidate to win,1,26.0,Nov/01/2010 05:12:27
664227,AK.SENATE2010.OTHER,Any other candidate to win,1,30.0,Nov/01/2010 06:27:44
664227,AK.SENATE2010.OTHER,Any other candidate to win,1,30.0,Nov/01/2010 06:28:24
664227,AK.SENATE2010.OTHER,Any other candidate to win,5,30.0,Nov/01/2010 16:05:12
664227,AK.SENATE2010.OTHER,Any other candidate to win,5,30.0,Nov/01/2010 18:42:35
664227,AK.SENATE2010.OTHER,Any other candidate to win,5,25.0,Nov/02/2010 00:17:43
664227,AK.SENATE2010.OTHER,Any other candidate to win,1,20.1,Nov/02/2010 00:18:28
664227,AK.SENATE2010.OTHER,Any other candidate to win,2,20.1,Nov/02/2010 01:52:59
664227,AK.SENATE2010.OTHER,Any other candidate to win,10,26.0,Nov/02/2010 14:44:44
664227,AK.SENATE2010.OTHER,Any other candidate to win,7,24.5,Nov/02/2010 15:40:02
664227,AK.SENATE2010.OTHER,Any other candidate to win,5,23.0,Nov/02/2010 16:57:59
664227,AK.SENATE2010.OTHER,Any other candidate to win,5,22.0,Nov/02/2010 18:05:26
664227,AK.SENATE2010.OTHER,Any other candidate to win,1,24.8,Nov/02/2010 20:07:44
664227,AK.SENATE2010.OTHER,Any other candidate to win,5,23.0,Nov/02/2010 20:30:25
664227,AK.SENATE2010.OTHER,Any other candidate to win,5,25.0,Nov/02/2010 21:27:13
664227,AK.SENATE2010.OTHER,Any other candidate to win,15,25.0,Nov/02/2010 21:52:45
664227,AK.SENATE2010.OTHER,Any other candidate to win,2,29.9,Nov/02/2010 22:57:13
664227,AK.SENATE2010.OTHER,Any other candidate to win,1,29.9,Nov/02/2010 23:00:12
664227,AK.SENATE2010.OTHER,Any other candidate to win,1,19.0,Nov/03/2010 02:08:49
664227,AK.SENATE2010.OTHER,Any other candidate to win,2,15.0,Nov/03/2010 04:15:36
664227,AK.SENATE2010.OTHER,Any other candidate to win,1,29.0,Nov/03/2010 05:01:29
664227,AK.SENATE2010.OTHER,Any other candidate to win,1,29.0,Nov/03/2010 05:01:29
664227,AK.SENATE2010.OTHER,Any other candidate to win,27,15.0,Nov/03/2010 05:01:35
664227,AK.SENATE2010.OTHER,Any other candidate to win,4,29.0,Nov/03/2010 05:03:14
664227,AK.SENATE2010.OTHER,Any other candidate to win,10,45.0,Nov/03/2010 05:11:57
664227,AK.SENATE2010.OTHER,Any other candidate to win,1,45.0,Nov/03/2010 05:15:11
664227,AK.SENATE2010.OTHER,Any other candidate to win,1,45.0,Nov/03/2010 05:19:30
664227,AK.SENATE2010.OTHER,Any other candidate to win,20,65.0,Nov/03/2010 05:22:07
664227,AK.SENATE2010.OTHER,Any other candidate to win,1,55.0,Nov/03/2010 05:29:13
664227,AK.SENATE2010.OTHER,Any other candidate to win,4,59.9,Nov/03/2010 05:32:49
664227,AK.SENATE2010.OTHER,Any other candidate to win,1,60.0,Nov/03/2010 05:33:54
664227,AK.SENATE2010.OTHER,Any other candidate to win,30,65.0,Nov/03/2010 05:36:55
664227,AK.SENATE2010.OTHER,Any other candidate to win,40,65.0,Nov/03/2010 05:37:13
664227,AK.SENATE2010.OTHER,Any other candidate to win,6,65.0,Nov/03/2010 05:37:30
664227,AK.SENATE2010.OTHER,Any other candidate to win,20,68.0,Nov/03/2010 05:40:38
664227,AK.SENATE2010.OTHER,Any other candidate to win,1,61.0,Nov/03/2010 05:43:13
664227,AK.SENATE2010.OTHER,Any other candidate to win,2,61.0,Nov/03/2010 05:44:51
664227,AK.SENATE2010.OTHER,Any other candidate to win,6,69.9,Nov/03/2010 05:47:09
664227,AK.SENATE2010.OTHER,Any other candidate to win,3,69.9,Nov/03/2010 05:47:58
664227,AK.SENATE2010.OTHER,Any other candidate to win,3,69.9,Nov/03/2010 05:49:35
664227,AK.SENATE2010.OTHER,Any other candidate to win,1,85.0,Nov/03/2010 05:51:51
664227,AK.SENATE2010.OTHER,Any other candidate to win,3,84.0,Nov/03/2010 05:57:02
664227,AK.SENATE2010.OTHER,Any other candidate to win,2,84.0,Nov/03/2010 05:59:15
664227,AK.SENATE2010.OTHER,Any other candidate to win,1,79.9,Nov/03/2010 06:04:55
664227,AK.SENATE2010.OTHER,Any other candidate to win,10,67.0,Nov/03/2010 06:08:49
664227,AK.SENATE2010.OTHER,Any other candidate to win,5,66.0,Nov/03/2010 06:09:16
664227,AK.SENATE2010.OTHER,Any other candidate to win,5,65.1,Nov/03/2010 06:12:32
664227,AK.SENATE2010.OTHER,Any other candidate to win,2,75.0,Nov/03/2010 06:13:42
664227,AK.SENATE2010.OTHER,Any other candidate to win,5,61.0,Nov/03/2010 06:17:12
664227,AK.SENATE2010.OTHER,Any other candidate to win,5,65.0,Nov/03/2010 06:17:44
664227,AK.SENATE2010.OTHER,Any other candidate to win,9,64.9,Nov/03/2010 06:18:59
664227,AK.SENATE2010.OTHER,Any other candidate to win,1,65.0,Nov/03/2010 06:19:22
664227,AK.SENATE2010.OTHER,Any other candidate to win,50,65.0,Nov/03/2010 06:21:22
664227,AK.SENATE2010.OTHER,Any other candidate to win,50,69.0,Nov/03/2010 06:28:49
664227,AK.SENATE2010.OTHER,Any other candidate to win,49,65.0,Nov/03/2010 06:42:53
664227,AK.SENATE2010.OTHER,Any other candidate to win,21,75.0,Nov/03/2010 06:52:43
664227,AK.SENATE2010.OTHER,Any other candidate to win,3,85.0,Nov/03/2010 07:30:46
664227,AK.SENATE2010.OTHER,Any other candidate to win,27,85.0,Nov/03/2010 07:48:39
664227,AK.SENATE2010.OTHER,Any other candidate to win,5,85.0,Nov/03/2010 08:09:10
664227,AK.SENATE2010.OTHER,Any other candidate to win,1,80.5,Nov/03/2010 08:14:34
664227,AK.SENATE2010.OTHER,Any other candidate to win,33,85.0,Nov/03/2010 08:30:49
664227,AK.SENATE2010.OTHER,Any other candidate to win,1,84.9,Nov/03/2010 08:30:49
664227,AK.SENATE2010.OTHER,Any other candidate to win,5,85.0,Nov/03/2010 08:41:14
664227,AK.SENATE2010.OTHER,Any other candidate to win,5,90.0,Nov/03/2010 08:41:44
664227,AK.SENATE2010.OTHER,Any other candidate to win,5,90.0,Nov/03/2010 09:43:57
664227,AK.SENATE2010.OTHER,Any other candidate to win,6,85.5,Nov/03/2010 12:04:36
664227,AK.SENATE2010.OTHER,Any other candidate to win,1,90.0,Nov/03/2010 12:07:27
664227,AK.SENATE2010.OTHER,Any other candidate to win,5,95.0,Nov/03/2010 12:57:24
664227,AK.SENATE2010.OTHER,Any other candidate to win,8,94.9,Nov/03/2010 17:38:22
664227,AK.SENATE2010.OTHER,Any other candidate to win,8,95.0,Nov/03/2010 17:38:22
664227,AK.SENATE2010.OTHER,Any other candidate to win,10,95.0,Nov/03/2010 19:07:18
664227,AK.SENATE2010.OTHER,Any other candidate to win,24,95.0,Nov/03/2010 19:10:32
664227,AK.SENATE2010.OTHER,Any other candidate to win,3,95.0,Nov/03/2010 19:33:30
664227,AK.SENATE2010.OTHER,Any other candidate to win,1,94.9,Nov/03/2010 20:16:05
664227,AK.SENATE2010.OTHER,Any other candidate to win,21,95.0,Nov/03/2010 20:16:05
664227,AK.SENATE2010.OTHER,Any other candidate to win,4,95.0,Nov/03/2010 20:17:35
664227,AK.SENATE2010.OTHER,Any other candidate to win,1,95.0,Nov/03/2010 20:22:27
664227,AK.SENATE2010.OTHER,Any other candidate to win,5,95.6,Nov/03/2010 20:34:25
664227,AK.SENATE2010.OTHER,Any other candidate to win,4,95.5,Nov/03/2010 20:40:50
664227,AK.SENATE2010.OTHER,Any other candidate to win,2,95.5,Nov/03/2010 20:41:48
664227,AK.SENATE2010.OTHER,Any other candidate to win,2,95.5,Nov/03/2010 21:11:49
664227,AK.SENATE2010.OTHER,Any other candidate to win,2,95.5,Nov/03/2010 21:44:07
664227,AK.SENATE2010.OTHER,Any other candidate to win,1,95.6,Nov/03/2010 21:44:27
664227,AK.SENATE2010.OTHER,Any other candidate to win,6,95.6,Nov/03/2010 23:01:10
664227,AK.SENATE2010.OTHER,Any other candidate to win,1,95.6,Nov/03/2010 23:02:07
664227,AK.SENATE2010.OTHER,Any other candidate to win,2,96.8,Nov/04/2010 01:15:44
664227,AK.SENATE2010.OTHER,Any other candidate to win,20,96.8,Nov/04/2010 02:51:33
664227,AK.SENATE2010.OTHER,Any other candidate to win,1,95.2,Nov/04/2010 10:50:23
664227,AK.SENATE2010.OTHER,Any other candidate to win,4,95.2,Nov/04/2010 18:09:32
664227,AK.SENATE2010.OTHER,Any other candidate to win,1,95.3,Nov/04/2010 18:09:32
664227,AK.SENATE2010.OTHER,Any other candidate to win,2,95.1,Nov/04/2010 18:09:32
664227,AK.SENATE2010.OTHER,Any other candidate to win,6,96.4,Nov/04/2010 21:15:43
664227,AK.SENATE2010.OTHER,Any other candidate to win,1,95.1,Nov/04/2010 22:20:22
664227,AK.SENATE2010.OTHER,Any other candidate to win,19,95.0,Nov/04/2010 23:05:17
664227,AK.SENATE2010.OTHER,Any other candidate to win,1,94.0,Nov/05/2010 01:24:53
664227,AK.SENATE2010.OTHER,Any other candidate to win,1,95.5,Nov/05/2010 04:32:27
664227,AK.SENATE2010.OTHER,Any other candidate to win,3,96.0,Nov/05/2010 05:00:27
664227,AK.SENATE2010.OTHER,Any other candidate to win,1,96.4,Nov/05/2010 05:01:35
664227,AK.SENATE2010.OTHER,Any other candidate to win,3,96.8,Nov/05/2010 05:02:12
664227,AK.SENATE2010.OTHER,Any other candidate to win,20,96.5,Nov/05/2010 17:23:01
664227,AK.SENATE2010.OTHER,Any other candidate to win,41,97.0,Nov/05/2010 22:37:55
664227,AK.SENATE2010.OTHER,Any other candidate to win,1,95.1,Nov/06/2010 08:36:43
664227,AK.SENATE2010.OTHER,Any other candidate to win,15,95.0,Nov/06/2010 08:36:43
664227,AK.SENATE2010.OTHER,Any other candidate to win,3,96.0,Nov/06/2010 17:30:21
664227,AK.SENATE2010.OTHER,Any other candidate to win,5,97.1,Nov/07/2010 00:19:04
664227,AK.SENATE2010.OTHER,Any other candidate to win,3,97.1,Nov/07/2010 16:44:37
664227,AK.SENATE2010.OTHER,Any other candidate to win,10,96.7,Nov/08/2010 04:49:09
664227,AK.SENATE2010.OTHER,Any other candidate to win,20,96.8,Nov/08/2010 04:49:50
664227,AK.SENATE2010.OTHER,Any other candidate to win,2,95.1,Nov/08/2010 11:20:42
664227,AK.SENATE2010.OTHER,Any other candidate to win,3,95.1,Nov/08/2010 11:21:10
664227,AK.SENATE2010.OTHER,Any other candidate to win,1,95.0,Nov/08/2010 11:21:10
664227,AK.SENATE2010.OTHER,Any other candidate to win,16,95.0,Nov/08/2010 12:13:48
664227,AK.SENATE2010.OTHER,Any other candidate to win,1,94.0,Nov/09/2010 00:42:10
664227,AK.SENATE2010.OTHER,Any other candidate to win,1,94.0,Nov/09/2010 00:42:10
664227,AK.SENATE2010.OTHER,Any other candidate to win,3,94.0,Nov/09/2010 01:42:20
664227,AK.SENATE2010.OTHER,Any other candidate to win,2,92.0,Nov/09/2010 21:35:45
664227,AK.SENATE2010.OTHER,Any other candidate to win,11,92.0,Nov/11/2010 04:31:55
664227,AK.SENATE2010.OTHER,Any other candidate to win,9,92.0,Nov/11/2010 05:36:10
664227,AK.SENATE2010.OTHER,Any other candidate to win,5,93.9,Nov/11/2010 13:57:23
664227,AK.SENATE2010.OTHER,Any other candidate to win,10,94.7,Nov/11/2010 17:15:10
664227,AK.SENATE2010.OTHER,Any other candidate to win,1,94.0,Nov/11/2010 18:55:15
664227,AK.SENATE2010.OTHER,Any other candidate to win,1,94.0,Nov/11/2010 18:56:04
664227,AK.SENATE2010.OTHER,Any other candidate to win,16,94.0,Nov/11/2010 19:50:17
664227,AK.SENATE2010.OTHER,Any other candidate to win,5,95.0,Nov/11/2010 20:28:20
664227,AK.SENATE2010.OTHER,Any other candidate to win,2,95.4,Nov/11/2010 21:05:16
664227,AK.SENATE2010.OTHER,Any other candidate to win,10,95.5,Nov/11/2010 21:52:54
664227,AK.SENATE2010.OTHER,Any other candidate to win,8,96.0,Nov/11/2010 21:52:54
664227,AK.SENATE2010.OTHER,Any other candidate to win,10,95.0,Nov/11/2010 21:53:13
664227,AK.SENATE2010.OTHER,Any other candidate to win,10,96.0,Nov/12/2010 01:04:48
664227,AK.SENATE2010.OTHER,Any other candidate to win,2,97.0,Nov/12/2010 03:15:55
664227,AK.SENATE2010.OTHER,Any other candidate to win,1,96.0,Nov/12/2010 13:37:14
664227,AK.SENATE2010.OTHER,Any other candidate to win,39,96.9,Nov/14/2010 04:52:07
664227,AK.SENATE2010.OTHER,Any other candidate to win,1,96.5,Nov/14/2010 18:38:53
664227,AK.SENATE2010.OTHER,Any other candidate to win,11,97.0,Nov/15/2010 01:53:47
664227,AK.SENATE2010.OTHER,Any other candidate to win,1,97.0,Nov/15/2010 01:54:39
664227,AK.SENATE2010.OTHER,Any other candidate to win,10,95.0,Nov/16/2010 10:08:05
664227,AK.SENATE2010.OTHER,Any other candidate to win,10,96.0,Nov/16/2010 10:08:05
664227,AK.SENATE2010.OTHER,Any other candidate to win,1,97.0,Nov/17/2010 03:07:40
664227,AK.SENATE2010.OTHER,Any other candidate to win,10,96.9,Nov/17/2010 03:07:40
664227,AK.SENATE2010.OTHER,Any other candidate to win,10,97.0,Nov/17/2010 03:08:04
664227,AK.SENATE2010.OTHER,Any other candidate to win,10,98.0,Nov/17/2010 16:34:54
664227,AK.SENATE2010.OTHER,Any other candidate to win,15,99.1,Nov/18/2010 04:25:25
664227,AK.SENATE2010.OTHER,Any other candidate to win,2,99.2,Nov/18/2010 04:25:43
664227,AK.SENATE2010.OTHER,Any other candidate to win,3,99.2,Nov/18/2010 04:25:43
664227,AK.SENATE2010.OTHER,Any other candidate to win,137,95.0,Nov/20/2010 00:51:30
664227,AK.SENATE2010.OTHER,Any other candidate to win,3,95.1,Nov/20/2010 20:28:02
664227,AK.SENATE2010.OTHER,Any other candidate to win,50,95.0,Nov/20/2010 20:28:28
664227,AK.SENATE2010.OTHER,Any other candidate to win,16,95.0,Nov/20/2010 20:29:40
664227,AK.SENATE2010.OTHER,Any other candidate to win,1,99.1,Dec/27/2010 08:41:12
664227,AK.SENATE2010.OTHER,Any other candidate to win,20,99.1,Dec/27/2010 08:41:12
664227,AK.SENATE2010.OTHER,Any other candidate to win,3,99.2,Dec/28/2010 01:34:57
664227,AK.SENATE2010.OTHER,Any other candidate to win,12,99.4,Dec/28/2010 01:35:15
664227,AK.SENATE2010.OTHER,Any other candidate to win,88,99.4,Dec/28/2010 01:35:15
664227,AK.SENATE2010.OTHER,Any other candidate to win,108,99.7,Dec/30/2010 23:04:41
664227,AK.SENATE2010.OTHER,Any other candidate to win,1,99.9,Jan/01/2011 00:29:04
