market id,market symbol,market name,trade quantity,trade price,date/time [utc]
745823,PA.2012.REP,Republican nominee to win Pennsylvania,1,37.9,Jun/03/2012 11:40:26
745823,PA.2012.REP,Republican nominee to win Pennsylvania,2,22.7,Jun/07/2012 01:26:19
745823,PA.2012.REP,Republican nominee to win Pennsylvania,1,26.9,Jun/08/2012 17:16:49
745823,PA.2012.REP,Republican nominee to win Pennsylvania,1,27.0,Jun/08/2012 17:16:57
745823,PA.2012.REP,Republican nominee to win Pennsylvania,1,27.3,Jun/09/2012 02:22:13
745823,PA.2012.REP,Republican nominee to win Pennsylvania,7,27.3,Jun/10/2012 06:01:28
745823,PA.2012.REP,Republican nominee to win Pennsylvania,1,38.3,Jun/28/2012 11:30:24
745823,PA.2012.REP,Republican nominee to win Pennsylvania,10,25.1,Jul/01/2012 13:15:37
745823,PA.2012.REP,Republican nominee to win Pennsylvania,2,16.0,Jul/07/2012 18:54:04
745823,PA.2012.REP,Republican nominee to win Pennsylvania,1,25.9,Jul/18/2012 03:13:49
745823,PA.2012.REP,Republican nominee to win Pennsylvania,1,25.9,Jul/18/2012 03:13:49
745823,PA.2012.REP,Republican nominee to win Pennsylvania,1,27.0,Jul/18/2012 03:13:56
745823,PA.2012.REP,Republican nominee to win Pennsylvania,1,27.0,Jul/18/2012 03:13:56
745823,PA.2012.REP,Republican nominee to win Pennsylvania,2,27.4,Jul/18/2012 03:14:20
745823,PA.2012.REP,Republican nominee to win Pennsylvania,1,27.4,Jul/18/2012 03:14:20
745823,PA.2012.REP,Republican nominee to win Pennsylvania,1,27.4,Jul/18/2012 03:14:20
745823,PA.2012.REP,Republican nominee to win Pennsylvania,10,30.0,Jul/26/2012 21:58:41
745823,PA.2012.REP,Republican nominee to win Pennsylvania,1,27.2,Jul/27/2012 00:46:05
745823,PA.2012.REP,Republican nominee to win Pennsylvania,10,26.0,Jul/27/2012 15:36:42
745823,PA.2012.REP,Republican nominee to win Pennsylvania,1,25.0,Jul/28/2012 16:00:02
745823,PA.2012.REP,Republican nominee to win Pennsylvania,9,25.0,Jul/29/2012 18:23:03
745823,PA.2012.REP,Republican nominee to win Pennsylvania,1,22.5,Aug/01/2012 15:49:55
745823,PA.2012.REP,Republican nominee to win Pennsylvania,1,25.0,Aug/01/2012 22:46:59
745823,PA.2012.REP,Republican nominee to win Pennsylvania,1,22.5,Aug/02/2012 22:47:41
745823,PA.2012.REP,Republican nominee to win Pennsylvania,1,20.1,Aug/08/2012 17:53:11
745823,PA.2012.REP,Republican nominee to win Pennsylvania,1,20.0,Aug/08/2012 18:00:34
745823,PA.2012.REP,Republican nominee to win Pennsylvania,5,20.0,Aug/10/2012 01:21:13
745823,PA.2012.REP,Republican nominee to win Pennsylvania,1,24.9,Aug/11/2012 08:47:14
745823,PA.2012.REP,Republican nominee to win Pennsylvania,1,24.8,Aug/11/2012 08:47:14
745823,PA.2012.REP,Republican nominee to win Pennsylvania,1,23.0,Aug/11/2012 08:47:14
745823,PA.2012.REP,Republican nominee to win Pennsylvania,1,23.0,Aug/11/2012 08:47:14
745823,PA.2012.REP,Republican nominee to win Pennsylvania,1,22.5,Aug/11/2012 08:47:14
745823,PA.2012.REP,Republican nominee to win Pennsylvania,1,22.5,Aug/11/2012 08:47:14
745823,PA.2012.REP,Republican nominee to win Pennsylvania,1,24.8,Aug/11/2012 08:47:14
745823,PA.2012.REP,Republican nominee to win Pennsylvania,2,24.8,Aug/11/2012 08:47:14
745823,PA.2012.REP,Republican nominee to win Pennsylvania,1,24.9,Aug/11/2012 08:47:14
745823,PA.2012.REP,Republican nominee to win Pennsylvania,1,24.6,Aug/12/2012 22:57:09
745823,PA.2012.REP,Republican nominee to win Pennsylvania,10,20.1,Aug/12/2012 22:57:09
745823,PA.2012.REP,Republican nominee to win Pennsylvania,1,29.7,Aug/14/2012 00:02:05
745823,PA.2012.REP,Republican nominee to win Pennsylvania,1,29.7,Aug/14/2012 00:02:05
745823,PA.2012.REP,Republican nominee to win Pennsylvania,5,29.9,Aug/14/2012 00:02:23
745823,PA.2012.REP,Republican nominee to win Pennsylvania,1,29.9,Aug/14/2012 00:02:23
745823,PA.2012.REP,Republican nominee to win Pennsylvania,5,35.0,Aug/14/2012 00:02:38
745823,PA.2012.REP,Republican nominee to win Pennsylvania,5,35.0,Aug/14/2012 00:02:38
745823,PA.2012.REP,Republican nominee to win Pennsylvania,1,39.0,Aug/14/2012 00:02:56
745823,PA.2012.REP,Republican nominee to win Pennsylvania,1,39.0,Aug/14/2012 00:02:56
745823,PA.2012.REP,Republican nominee to win Pennsylvania,5,35.9,Aug/14/2012 13:10:45
745823,PA.2012.REP,Republican nominee to win Pennsylvania,1,35.9,Aug/14/2012 13:10:45
745823,PA.2012.REP,Republican nominee to win Pennsylvania,5,35.9,Aug/14/2012 13:10:45
745823,PA.2012.REP,Republican nominee to win Pennsylvania,4,20.0,Aug/14/2012 21:56:53
745823,PA.2012.REP,Republican nominee to win Pennsylvania,8,20.1,Aug/14/2012 21:56:53
745823,PA.2012.REP,Republican nominee to win Pennsylvania,1,20.1,Aug/14/2012 21:56:53
745823,PA.2012.REP,Republican nominee to win Pennsylvania,5,29.9,Aug/16/2012 12:09:45
745823,PA.2012.REP,Republican nominee to win Pennsylvania,1,29.9,Aug/16/2012 12:09:45
745823,PA.2012.REP,Republican nominee to win Pennsylvania,1,29.9,Aug/16/2012 12:09:45
745823,PA.2012.REP,Republican nominee to win Pennsylvania,2,29.0,Aug/16/2012 20:32:25
745823,PA.2012.REP,Republican nominee to win Pennsylvania,1,21.5,Aug/19/2012 08:27:22
745823,PA.2012.REP,Republican nominee to win Pennsylvania,5,21.5,Aug/19/2012 08:27:22
745823,PA.2012.REP,Republican nominee to win Pennsylvania,1,21.5,Aug/19/2012 08:27:22
745823,PA.2012.REP,Republican nominee to win Pennsylvania,10,21.5,Aug/19/2012 08:27:22
745823,PA.2012.REP,Republican nominee to win Pennsylvania,13,21.4,Aug/19/2012 21:12:39
745823,PA.2012.REP,Republican nominee to win Pennsylvania,1,21.4,Aug/19/2012 21:12:39
745823,PA.2012.REP,Republican nominee to win Pennsylvania,1,21.4,Aug/19/2012 21:12:39
745823,PA.2012.REP,Republican nominee to win Pennsylvania,1,25.9,Aug/21/2012 14:48:04
745823,PA.2012.REP,Republican nominee to win Pennsylvania,1,25.9,Aug/21/2012 14:48:04
745823,PA.2012.REP,Republican nominee to win Pennsylvania,23,27.0,Aug/21/2012 14:48:19
745823,PA.2012.REP,Republican nominee to win Pennsylvania,3,27.0,Aug/21/2012 14:48:19
745823,PA.2012.REP,Republican nominee to win Pennsylvania,5,29.9,Aug/23/2012 16:00:22
745823,PA.2012.REP,Republican nominee to win Pennsylvania,10,22.1,Aug/24/2012 23:36:58
745823,PA.2012.REP,Republican nominee to win Pennsylvania,1,21.2,Aug/25/2012 13:48:02
745823,PA.2012.REP,Republican nominee to win Pennsylvania,5,20.0,Aug/25/2012 19:03:47
745823,PA.2012.REP,Republican nominee to win Pennsylvania,16,18.1,Aug/26/2012 02:46:14
745823,PA.2012.REP,Republican nominee to win Pennsylvania,1,25.0,Aug/26/2012 06:33:56
745823,PA.2012.REP,Republican nominee to win Pennsylvania,1,25.0,Aug/26/2012 06:33:56
745823,PA.2012.REP,Republican nominee to win Pennsylvania,16,25.0,Aug/26/2012 06:33:56
745823,PA.2012.REP,Republican nominee to win Pennsylvania,1,25.0,Aug/26/2012 06:33:56
745823,PA.2012.REP,Republican nominee to win Pennsylvania,1,17.0,Aug/28/2012 17:00:22
745823,PA.2012.REP,Republican nominee to win Pennsylvania,7,15.0,Aug/28/2012 17:00:32
745823,PA.2012.REP,Republican nominee to win Pennsylvania,5,13.5,Aug/29/2012 01:15:33
745823,PA.2012.REP,Republican nominee to win Pennsylvania,10,19.9,Aug/31/2012 13:50:30
745823,PA.2012.REP,Republican nominee to win Pennsylvania,1,19.9,Aug/31/2012 13:50:30
745823,PA.2012.REP,Republican nominee to win Pennsylvania,1,19.9,Aug/31/2012 13:50:30
745823,PA.2012.REP,Republican nominee to win Pennsylvania,6,19.8,Aug/31/2012 19:44:54
745823,PA.2012.REP,Republican nominee to win Pennsylvania,1,19.8,Aug/31/2012 23:30:00
745823,PA.2012.REP,Republican nominee to win Pennsylvania,1,19.8,Aug/31/2012 23:30:00
745823,PA.2012.REP,Republican nominee to win Pennsylvania,10,19.6,Sep/03/2012 13:28:47
745823,PA.2012.REP,Republican nominee to win Pennsylvania,9,16.5,Sep/05/2012 18:29:05
745823,PA.2012.REP,Republican nominee to win Pennsylvania,1,15.0,Sep/05/2012 20:41:23
745823,PA.2012.REP,Republican nominee to win Pennsylvania,7,14.7,Sep/05/2012 20:41:23
745823,PA.2012.REP,Republican nominee to win Pennsylvania,1,16.5,Sep/05/2012 20:41:23
745823,PA.2012.REP,Republican nominee to win Pennsylvania,1,16.5,Sep/05/2012 20:41:23
745823,PA.2012.REP,Republican nominee to win Pennsylvania,4,14.7,Sep/06/2012 16:40:05
745823,PA.2012.REP,Republican nominee to win Pennsylvania,11,14.8,Sep/06/2012 16:40:05
745823,PA.2012.REP,Republican nominee to win Pennsylvania,14,20.0,Sep/07/2012 00:02:30
745823,PA.2012.REP,Republican nominee to win Pennsylvania,5,19.7,Sep/07/2012 00:02:30
745823,PA.2012.REP,Republican nominee to win Pennsylvania,11,19.7,Sep/07/2012 00:02:30
745823,PA.2012.REP,Republican nominee to win Pennsylvania,1,19.5,Sep/07/2012 00:02:30
745823,PA.2012.REP,Republican nominee to win Pennsylvania,13,19.4,Sep/07/2012 00:02:30
745823,PA.2012.REP,Republican nominee to win Pennsylvania,1,19.7,Sep/07/2012 00:02:30
745823,PA.2012.REP,Republican nominee to win Pennsylvania,11,19.2,Sep/07/2012 00:02:30
745823,PA.2012.REP,Republican nominee to win Pennsylvania,1,20.0,Sep/07/2012 00:02:30
745823,PA.2012.REP,Republican nominee to win Pennsylvania,10,19.1,Sep/07/2012 00:02:30
745823,PA.2012.REP,Republican nominee to win Pennsylvania,10,18.0,Sep/07/2012 00:02:30
745823,PA.2012.REP,Republican nominee to win Pennsylvania,1,18.0,Sep/07/2012 00:02:30
745823,PA.2012.REP,Republican nominee to win Pennsylvania,1,18.0,Sep/07/2012 00:02:30
745823,PA.2012.REP,Republican nominee to win Pennsylvania,3,19.2,Sep/07/2012 00:02:30
745823,PA.2012.REP,Republican nominee to win Pennsylvania,18,20.0,Sep/07/2012 00:02:44
745823,PA.2012.REP,Republican nominee to win Pennsylvania,43,20.0,Sep/07/2012 00:03:36
745823,PA.2012.REP,Republican nominee to win Pennsylvania,7,20.0,Sep/07/2012 00:04:08
745823,PA.2012.REP,Republican nominee to win Pennsylvania,1,17.8,Sep/07/2012 14:25:09
745823,PA.2012.REP,Republican nominee to win Pennsylvania,1,16.0,Sep/07/2012 23:41:34
745823,PA.2012.REP,Republican nominee to win Pennsylvania,1,10.9,Sep/08/2012 21:42:23
745823,PA.2012.REP,Republican nominee to win Pennsylvania,10,11.5,Sep/10/2012 12:55:37
745823,PA.2012.REP,Republican nominee to win Pennsylvania,10,15.0,Sep/10/2012 14:01:18
745823,PA.2012.REP,Republican nominee to win Pennsylvania,1,11.6,Sep/13/2012 22:46:37
745823,PA.2012.REP,Republican nominee to win Pennsylvania,1,11.8,Sep/13/2012 22:46:37
745823,PA.2012.REP,Republican nominee to win Pennsylvania,1,11.6,Sep/13/2012 23:37:46
745823,PA.2012.REP,Republican nominee to win Pennsylvania,3,11.7,Sep/14/2012 05:40:46
745823,PA.2012.REP,Republican nominee to win Pennsylvania,3,11.6,Sep/14/2012 05:41:54
745823,PA.2012.REP,Republican nominee to win Pennsylvania,1,11.6,Sep/14/2012 14:38:56
745823,PA.2012.REP,Republican nominee to win Pennsylvania,1,11.6,Sep/14/2012 14:38:56
745823,PA.2012.REP,Republican nominee to win Pennsylvania,10,13.9,Sep/14/2012 16:52:34
745823,PA.2012.REP,Republican nominee to win Pennsylvania,1,13.9,Sep/14/2012 16:52:34
745823,PA.2012.REP,Republican nominee to win Pennsylvania,10,14.0,Sep/14/2012 16:52:45
745823,PA.2012.REP,Republican nominee to win Pennsylvania,5,15.0,Sep/18/2012 15:50:36
745823,PA.2012.REP,Republican nominee to win Pennsylvania,2,15.0,Sep/18/2012 15:50:36
745823,PA.2012.REP,Republican nominee to win Pennsylvania,10,15.0,Sep/19/2012 23:19:36
745823,PA.2012.REP,Republican nominee to win Pennsylvania,10,15.0,Sep/20/2012 14:43:54
745823,PA.2012.REP,Republican nominee to win Pennsylvania,2,16.9,Sep/20/2012 18:42:48
745823,PA.2012.REP,Republican nominee to win Pennsylvania,4,16.9,Sep/20/2012 18:42:48
745823,PA.2012.REP,Republican nominee to win Pennsylvania,1,10.2,Sep/23/2012 04:11:01
745823,PA.2012.REP,Republican nominee to win Pennsylvania,3,10.1,Sep/24/2012 04:58:44
745823,PA.2012.REP,Republican nominee to win Pennsylvania,6,10.1,Sep/24/2012 04:58:44
745823,PA.2012.REP,Republican nominee to win Pennsylvania,1,11.7,Sep/27/2012 13:17:03
745823,PA.2012.REP,Republican nominee to win Pennsylvania,1,11.7,Sep/27/2012 13:17:10
745823,PA.2012.REP,Republican nominee to win Pennsylvania,1,11.7,Sep/27/2012 13:17:18
745823,PA.2012.REP,Republican nominee to win Pennsylvania,20,14.2,Sep/27/2012 13:17:48
745823,PA.2012.REP,Republican nominee to win Pennsylvania,1,11.7,Sep/27/2012 13:17:48
745823,PA.2012.REP,Republican nominee to win Pennsylvania,10,9.8,Sep/27/2012 23:31:04
745823,PA.2012.REP,Republican nominee to win Pennsylvania,2,9.9,Sep/29/2012 12:49:14
745823,PA.2012.REP,Republican nominee to win Pennsylvania,2,9.9,Sep/29/2012 13:02:28
745823,PA.2012.REP,Republican nominee to win Pennsylvania,18,9.9,Sep/29/2012 22:09:20
745823,PA.2012.REP,Republican nominee to win Pennsylvania,5,10.9,Sep/30/2012 02:18:23
745823,PA.2012.REP,Republican nominee to win Pennsylvania,1,11.9,Sep/30/2012 10:27:49
745823,PA.2012.REP,Republican nominee to win Pennsylvania,1,11.9,Sep/30/2012 10:27:52
745823,PA.2012.REP,Republican nominee to win Pennsylvania,1,11.9,Sep/30/2012 10:27:53
745823,PA.2012.REP,Republican nominee to win Pennsylvania,1,11.9,Sep/30/2012 10:27:54
745823,PA.2012.REP,Republican nominee to win Pennsylvania,2,11.9,Sep/30/2012 10:27:55
745823,PA.2012.REP,Republican nominee to win Pennsylvania,100,14.0,Sep/30/2012 10:30:07
745823,PA.2012.REP,Republican nominee to win Pennsylvania,7,12.9,Sep/30/2012 10:30:07
745823,PA.2012.REP,Republican nominee to win Pennsylvania,8,13.9,Sep/30/2012 10:30:07
745823,PA.2012.REP,Republican nominee to win Pennsylvania,1,13.8,Sep/30/2012 10:30:07
745823,PA.2012.REP,Republican nominee to win Pennsylvania,1,13.9,Sep/30/2012 10:30:07
745823,PA.2012.REP,Republican nominee to win Pennsylvania,1,14.0,Sep/30/2012 10:30:09
745823,PA.2012.REP,Republican nominee to win Pennsylvania,1,14.0,Sep/30/2012 10:30:09
745823,PA.2012.REP,Republican nominee to win Pennsylvania,1,14.5,Sep/30/2012 14:42:30
745823,PA.2012.REP,Republican nominee to win Pennsylvania,3,14.3,Sep/30/2012 14:42:30
745823,PA.2012.REP,Republican nominee to win Pennsylvania,9,14.9,Sep/30/2012 14:42:30
745823,PA.2012.REP,Republican nominee to win Pennsylvania,1,15.0,Sep/30/2012 18:07:25
745823,PA.2012.REP,Republican nominee to win Pennsylvania,1,15.0,Sep/30/2012 18:07:25
745823,PA.2012.REP,Republican nominee to win Pennsylvania,1,15.0,Sep/30/2012 18:07:28
745823,PA.2012.REP,Republican nominee to win Pennsylvania,1,15.0,Sep/30/2012 18:07:30
745823,PA.2012.REP,Republican nominee to win Pennsylvania,1,15.0,Sep/30/2012 18:07:31
745823,PA.2012.REP,Republican nominee to win Pennsylvania,10,15.9,Sep/30/2012 19:35:47
745823,PA.2012.REP,Republican nominee to win Pennsylvania,1,13.6,Sep/30/2012 22:10:10
745823,PA.2012.REP,Republican nominee to win Pennsylvania,9,10.0,Sep/30/2012 22:10:10
745823,PA.2012.REP,Republican nominee to win Pennsylvania,2,16.8,Oct/01/2012 15:30:37
745823,PA.2012.REP,Republican nominee to win Pennsylvania,1,16.6,Oct/01/2012 19:35:08
745823,PA.2012.REP,Republican nominee to win Pennsylvania,1,16.8,Oct/01/2012 19:35:09
745823,PA.2012.REP,Republican nominee to win Pennsylvania,1,16.8,Oct/01/2012 19:35:10
745823,PA.2012.REP,Republican nominee to win Pennsylvania,1,16.8,Oct/01/2012 19:35:11
745823,PA.2012.REP,Republican nominee to win Pennsylvania,1,16.8,Oct/01/2012 19:35:12
745823,PA.2012.REP,Republican nominee to win Pennsylvania,1,16.6,Oct/01/2012 19:55:25
745823,PA.2012.REP,Republican nominee to win Pennsylvania,1,13.2,Oct/03/2012 23:19:42
745823,PA.2012.REP,Republican nominee to win Pennsylvania,1,13.2,Oct/03/2012 23:19:44
745823,PA.2012.REP,Republican nominee to win Pennsylvania,1,13.2,Oct/03/2012 23:19:45
745823,PA.2012.REP,Republican nominee to win Pennsylvania,1,13.2,Oct/03/2012 23:19:46
745823,PA.2012.REP,Republican nominee to win Pennsylvania,2,13.2,Oct/03/2012 23:19:46
745823,PA.2012.REP,Republican nominee to win Pennsylvania,20,15.0,Oct/04/2012 16:14:33
745823,PA.2012.REP,Republican nominee to win Pennsylvania,6,13.9,Oct/04/2012 16:14:33
745823,PA.2012.REP,Republican nominee to win Pennsylvania,1,13.9,Oct/04/2012 16:14:33
745823,PA.2012.REP,Republican nominee to win Pennsylvania,353,15.0,Oct/04/2012 16:31:53
745823,PA.2012.REP,Republican nominee to win Pennsylvania,100,15.0,Oct/04/2012 18:27:21
745823,PA.2012.REP,Republican nominee to win Pennsylvania,1,16.9,Oct/04/2012 19:52:09
745823,PA.2012.REP,Republican nominee to win Pennsylvania,1,16.9,Oct/04/2012 19:52:10
745823,PA.2012.REP,Republican nominee to win Pennsylvania,19,16.9,Oct/04/2012 19:52:11
745823,PA.2012.REP,Republican nominee to win Pennsylvania,1,16.9,Oct/04/2012 19:52:11
745823,PA.2012.REP,Republican nominee to win Pennsylvania,1,17.0,Oct/04/2012 19:55:37
745823,PA.2012.REP,Republican nominee to win Pennsylvania,1,17.0,Oct/04/2012 19:55:37
745823,PA.2012.REP,Republican nominee to win Pennsylvania,10,16.9,Oct/04/2012 21:05:59
745823,PA.2012.REP,Republican nominee to win Pennsylvania,168,16.9,Oct/05/2012 02:08:16
745823,PA.2012.REP,Republican nominee to win Pennsylvania,2,19.9,Oct/05/2012 13:26:56
745823,PA.2012.REP,Republican nominee to win Pennsylvania,20,20.0,Oct/05/2012 13:27:34
745823,PA.2012.REP,Republican nominee to win Pennsylvania,10,20.0,Oct/05/2012 13:27:34
745823,PA.2012.REP,Republican nominee to win Pennsylvania,168,14.0,Oct/05/2012 15:25:45
745823,PA.2012.REP,Republican nominee to win Pennsylvania,1,17.0,Oct/05/2012 16:33:49
745823,PA.2012.REP,Republican nominee to win Pennsylvania,1,13.7,Oct/05/2012 17:09:30
745823,PA.2012.REP,Republican nominee to win Pennsylvania,1,12.1,Oct/06/2012 10:13:48
745823,PA.2012.REP,Republican nominee to win Pennsylvania,1,12.1,Oct/06/2012 10:13:49
745823,PA.2012.REP,Republican nominee to win Pennsylvania,1,12.1,Oct/06/2012 10:13:50
745823,PA.2012.REP,Republican nominee to win Pennsylvania,4,11.1,Oct/06/2012 10:14:58
745823,PA.2012.REP,Republican nominee to win Pennsylvania,5,11.0,Oct/06/2012 12:37:26
745823,PA.2012.REP,Republican nominee to win Pennsylvania,55,11.0,Oct/06/2012 15:22:55
745823,PA.2012.REP,Republican nominee to win Pennsylvania,10,11.0,Oct/06/2012 15:54:53
745823,PA.2012.REP,Republican nominee to win Pennsylvania,21,11.0,Oct/06/2012 16:57:14
745823,PA.2012.REP,Republican nominee to win Pennsylvania,21,11.0,Oct/06/2012 17:43:17
745823,PA.2012.REP,Republican nominee to win Pennsylvania,3,11.0,Oct/06/2012 17:44:01
745823,PA.2012.REP,Republican nominee to win Pennsylvania,3,19.6,Oct/06/2012 20:14:20
745823,PA.2012.REP,Republican nominee to win Pennsylvania,26,19.9,Oct/06/2012 20:14:20
745823,PA.2012.REP,Republican nominee to win Pennsylvania,4,19.8,Oct/06/2012 20:14:20
745823,PA.2012.REP,Republican nominee to win Pennsylvania,3,19.7,Oct/06/2012 20:14:20
745823,PA.2012.REP,Republican nominee to win Pennsylvania,1,19.7,Oct/06/2012 20:14:20
745823,PA.2012.REP,Republican nominee to win Pennsylvania,45,19.9,Oct/06/2012 22:07:29
745823,PA.2012.REP,Republican nominee to win Pennsylvania,80,19.9,Oct/06/2012 22:20:25
745823,PA.2012.REP,Republican nominee to win Pennsylvania,3,19.9,Oct/06/2012 22:26:16
745823,PA.2012.REP,Republican nominee to win Pennsylvania,46,19.9,Oct/06/2012 22:28:45
745823,PA.2012.REP,Republican nominee to win Pennsylvania,60,19.9,Oct/06/2012 22:28:47
745823,PA.2012.REP,Republican nominee to win Pennsylvania,10,20.0,Oct/06/2012 22:35:48
745823,PA.2012.REP,Republican nominee to win Pennsylvania,1,19.5,Oct/06/2012 23:07:36
745823,PA.2012.REP,Republican nominee to win Pennsylvania,6,19.0,Oct/07/2012 03:27:24
745823,PA.2012.REP,Republican nominee to win Pennsylvania,5,21.4,Oct/07/2012 03:54:57
745823,PA.2012.REP,Republican nominee to win Pennsylvania,6,22.9,Oct/07/2012 04:06:12
745823,PA.2012.REP,Republican nominee to win Pennsylvania,1,22.9,Oct/07/2012 04:06:12
745823,PA.2012.REP,Republican nominee to win Pennsylvania,3,24.3,Oct/07/2012 11:26:53
745823,PA.2012.REP,Republican nominee to win Pennsylvania,5,19.5,Oct/07/2012 16:19:01
745823,PA.2012.REP,Republican nominee to win Pennsylvania,2,22.4,Oct/07/2012 18:11:49
745823,PA.2012.REP,Republican nominee to win Pennsylvania,2,22.5,Oct/07/2012 18:12:00
745823,PA.2012.REP,Republican nominee to win Pennsylvania,10,19.5,Oct/08/2012 00:18:00
745823,PA.2012.REP,Republican nominee to win Pennsylvania,2,19.5,Oct/08/2012 00:18:52
745823,PA.2012.REP,Republican nominee to win Pennsylvania,10,19.5,Oct/08/2012 01:49:06
745823,PA.2012.REP,Republican nominee to win Pennsylvania,2,21.8,Oct/08/2012 02:14:49
745823,PA.2012.REP,Republican nominee to win Pennsylvania,5,22.0,Oct/08/2012 02:24:43
745823,PA.2012.REP,Republican nominee to win Pennsylvania,20,19.5,Oct/08/2012 11:04:23
745823,PA.2012.REP,Republican nominee to win Pennsylvania,3,19.5,Oct/08/2012 11:49:03
745823,PA.2012.REP,Republican nominee to win Pennsylvania,2,19.5,Oct/08/2012 11:49:41
745823,PA.2012.REP,Republican nominee to win Pennsylvania,1,19.5,Oct/08/2012 11:50:13
745823,PA.2012.REP,Republican nominee to win Pennsylvania,1,19.5,Oct/08/2012 11:50:42
745823,PA.2012.REP,Republican nominee to win Pennsylvania,4,19.5,Oct/08/2012 11:51:36
745823,PA.2012.REP,Republican nominee to win Pennsylvania,4,19.5,Oct/08/2012 11:52:21
745823,PA.2012.REP,Republican nominee to win Pennsylvania,38,19.5,Oct/08/2012 12:57:55
745823,PA.2012.REP,Republican nominee to win Pennsylvania,1,19.5,Oct/08/2012 12:57:55
745823,PA.2012.REP,Republican nominee to win Pennsylvania,38,19.0,Oct/08/2012 12:58:33
745823,PA.2012.REP,Republican nominee to win Pennsylvania,1,19.4,Oct/08/2012 15:04:50
745823,PA.2012.REP,Republican nominee to win Pennsylvania,1,19.2,Oct/08/2012 16:16:34
745823,PA.2012.REP,Republican nominee to win Pennsylvania,1,19.2,Oct/08/2012 16:16:49
745823,PA.2012.REP,Republican nominee to win Pennsylvania,1,19.2,Oct/08/2012 16:17:04
745823,PA.2012.REP,Republican nominee to win Pennsylvania,1,19.2,Oct/08/2012 16:17:10
745823,PA.2012.REP,Republican nominee to win Pennsylvania,1,19.2,Oct/08/2012 16:17:15
745823,PA.2012.REP,Republican nominee to win Pennsylvania,1,19.2,Oct/08/2012 16:17:23
745823,PA.2012.REP,Republican nominee to win Pennsylvania,1,19.2,Oct/08/2012 16:17:27
745823,PA.2012.REP,Republican nominee to win Pennsylvania,1,19.2,Oct/08/2012 16:17:30
745823,PA.2012.REP,Republican nominee to win Pennsylvania,1,19.2,Oct/08/2012 16:18:42
745823,PA.2012.REP,Republican nominee to win Pennsylvania,5,19.2,Oct/08/2012 16:19:09
745823,PA.2012.REP,Republican nominee to win Pennsylvania,1,19.2,Oct/08/2012 16:26:01
745823,PA.2012.REP,Republican nominee to win Pennsylvania,1,19.2,Oct/08/2012 16:26:08
745823,PA.2012.REP,Republican nominee to win Pennsylvania,1,19.2,Oct/08/2012 16:26:14
745823,PA.2012.REP,Republican nominee to win Pennsylvania,1,19.2,Oct/08/2012 16:26:21
745823,PA.2012.REP,Republican nominee to win Pennsylvania,1,19.2,Oct/08/2012 16:26:42
745823,PA.2012.REP,Republican nominee to win Pennsylvania,1,19.2,Oct/08/2012 16:27:10
745823,PA.2012.REP,Republican nominee to win Pennsylvania,1,19.2,Oct/08/2012 16:27:18
745823,PA.2012.REP,Republican nominee to win Pennsylvania,1,19.2,Oct/08/2012 16:27:55
745823,PA.2012.REP,Republican nominee to win Pennsylvania,46,19.2,Oct/08/2012 16:28:18
745823,PA.2012.REP,Republican nominee to win Pennsylvania,1,19.2,Oct/08/2012 16:29:51
745823,PA.2012.REP,Republican nominee to win Pennsylvania,1,19.2,Oct/08/2012 16:29:53
745823,PA.2012.REP,Republican nominee to win Pennsylvania,25,19.2,Oct/08/2012 16:29:53
745823,PA.2012.REP,Republican nominee to win Pennsylvania,1,19.2,Oct/08/2012 16:29:53
745823,PA.2012.REP,Republican nominee to win Pennsylvania,1,19.2,Oct/08/2012 16:30:21
745823,PA.2012.REP,Republican nominee to win Pennsylvania,1,19.2,Oct/08/2012 16:31:52
745823,PA.2012.REP,Republican nominee to win Pennsylvania,1,19.2,Oct/08/2012 16:31:58
745823,PA.2012.REP,Republican nominee to win Pennsylvania,1,19.2,Oct/08/2012 16:32:05
745823,PA.2012.REP,Republican nominee to win Pennsylvania,1,19.0,Oct/08/2012 16:33:31
745823,PA.2012.REP,Republican nominee to win Pennsylvania,1,19.0,Oct/08/2012 16:33:38
745823,PA.2012.REP,Republican nominee to win Pennsylvania,1,19.0,Oct/08/2012 16:33:57
745823,PA.2012.REP,Republican nominee to win Pennsylvania,1,19.0,Oct/08/2012 16:34:04
745823,PA.2012.REP,Republican nominee to win Pennsylvania,1,19.0,Oct/08/2012 16:36:27
745823,PA.2012.REP,Republican nominee to win Pennsylvania,1,19.0,Oct/08/2012 16:38:32
745823,PA.2012.REP,Republican nominee to win Pennsylvania,1,19.0,Oct/08/2012 16:41:08
745823,PA.2012.REP,Republican nominee to win Pennsylvania,1,19.0,Oct/08/2012 16:41:12
745823,PA.2012.REP,Republican nominee to win Pennsylvania,1,19.0,Oct/08/2012 16:41:20
745823,PA.2012.REP,Republican nominee to win Pennsylvania,1,19.0,Oct/08/2012 16:43:21
745823,PA.2012.REP,Republican nominee to win Pennsylvania,1,19.0,Oct/08/2012 16:43:27
745823,PA.2012.REP,Republican nominee to win Pennsylvania,1,19.0,Oct/08/2012 16:43:35
745823,PA.2012.REP,Republican nominee to win Pennsylvania,1,19.0,Oct/08/2012 16:43:39
745823,PA.2012.REP,Republican nominee to win Pennsylvania,1,19.0,Oct/08/2012 16:45:09
745823,PA.2012.REP,Republican nominee to win Pennsylvania,1,19.0,Oct/08/2012 16:45:13
745823,PA.2012.REP,Republican nominee to win Pennsylvania,1,19.0,Oct/08/2012 16:46:09
745823,PA.2012.REP,Republican nominee to win Pennsylvania,1,19.0,Oct/08/2012 16:46:19
745823,PA.2012.REP,Republican nominee to win Pennsylvania,1,18.0,Oct/08/2012 16:51:54
745823,PA.2012.REP,Republican nominee to win Pennsylvania,112,18.0,Oct/08/2012 17:35:36
745823,PA.2012.REP,Republican nominee to win Pennsylvania,12,18.0,Oct/08/2012 18:06:49
745823,PA.2012.REP,Republican nominee to win Pennsylvania,3,19.4,Oct/08/2012 18:06:51
745823,PA.2012.REP,Republican nominee to win Pennsylvania,1,19.5,Oct/08/2012 18:06:51
745823,PA.2012.REP,Republican nominee to win Pennsylvania,1,20.0,Oct/08/2012 18:06:53
745823,PA.2012.REP,Republican nominee to win Pennsylvania,13,20.0,Oct/08/2012 18:06:54
745823,PA.2012.REP,Republican nominee to win Pennsylvania,1,20.0,Oct/08/2012 18:06:54
745823,PA.2012.REP,Republican nominee to win Pennsylvania,1,20.0,Oct/08/2012 18:06:55
745823,PA.2012.REP,Republican nominee to win Pennsylvania,1,20.1,Oct/08/2012 18:10:42
745823,PA.2012.REP,Republican nominee to win Pennsylvania,1,20.1,Oct/08/2012 18:20:41
745823,PA.2012.REP,Republican nominee to win Pennsylvania,1,12.0,Oct/08/2012 18:39:56
745823,PA.2012.REP,Republican nominee to win Pennsylvania,1,19.3,Oct/08/2012 22:09:40
745823,PA.2012.REP,Republican nominee to win Pennsylvania,1,19.3,Oct/08/2012 23:09:16
745823,PA.2012.REP,Republican nominee to win Pennsylvania,2,19.4,Oct/08/2012 23:09:24
745823,PA.2012.REP,Republican nominee to win Pennsylvania,3,20.5,Oct/08/2012 23:15:47
745823,PA.2012.REP,Republican nominee to win Pennsylvania,1,20.5,Oct/08/2012 23:15:47
745823,PA.2012.REP,Republican nominee to win Pennsylvania,1,19.9,Oct/09/2012 02:47:22
745823,PA.2012.REP,Republican nominee to win Pennsylvania,1,22.9,Oct/09/2012 03:21:03
745823,PA.2012.REP,Republican nominee to win Pennsylvania,3,12.7,Oct/09/2012 06:11:26
745823,PA.2012.REP,Republican nominee to win Pennsylvania,3,12.7,Oct/09/2012 06:11:35
745823,PA.2012.REP,Republican nominee to win Pennsylvania,12,12.7,Oct/09/2012 08:47:52
745823,PA.2012.REP,Republican nominee to win Pennsylvania,12,12.7,Oct/09/2012 08:48:03
745823,PA.2012.REP,Republican nominee to win Pennsylvania,1,12.7,Oct/09/2012 09:52:44
745823,PA.2012.REP,Republican nominee to win Pennsylvania,1,12.7,Oct/09/2012 10:32:55
745823,PA.2012.REP,Republican nominee to win Pennsylvania,34,12.0,Oct/09/2012 11:24:41
745823,PA.2012.REP,Republican nominee to win Pennsylvania,100,12.5,Oct/09/2012 11:24:41
745823,PA.2012.REP,Republican nominee to win Pennsylvania,5,10.1,Oct/09/2012 11:24:56
745823,PA.2012.REP,Republican nominee to win Pennsylvania,5,10.0,Oct/09/2012 11:28:43
745823,PA.2012.REP,Republican nominee to win Pennsylvania,1,10.1,Oct/09/2012 11:29:01
745823,PA.2012.REP,Republican nominee to win Pennsylvania,1,10.1,Oct/09/2012 12:09:29
745823,PA.2012.REP,Republican nominee to win Pennsylvania,6,19.9,Oct/09/2012 13:51:10
745823,PA.2012.REP,Republican nominee to win Pennsylvania,1,19.9,Oct/09/2012 13:51:10
745823,PA.2012.REP,Republican nominee to win Pennsylvania,1,19.9,Oct/09/2012 13:51:10
745823,PA.2012.REP,Republican nominee to win Pennsylvania,25,12.5,Oct/09/2012 14:34:18
745823,PA.2012.REP,Republican nominee to win Pennsylvania,25,11.0,Oct/09/2012 14:52:05
745823,PA.2012.REP,Republican nominee to win Pennsylvania,1,11.0,Oct/09/2012 14:52:05
745823,PA.2012.REP,Republican nominee to win Pennsylvania,1,10.7,Oct/09/2012 15:21:40
745823,PA.2012.REP,Republican nominee to win Pennsylvania,1,11.5,Oct/09/2012 15:46:55
745823,PA.2012.REP,Republican nominee to win Pennsylvania,50,12.0,Oct/09/2012 16:19:04
745823,PA.2012.REP,Republican nominee to win Pennsylvania,10,10.7,Oct/09/2012 16:20:11
745823,PA.2012.REP,Republican nominee to win Pennsylvania,10,10.7,Oct/09/2012 16:20:50
745823,PA.2012.REP,Republican nominee to win Pennsylvania,10,10.7,Oct/09/2012 16:20:54
745823,PA.2012.REP,Republican nominee to win Pennsylvania,20,11.0,Oct/09/2012 16:21:58
745823,PA.2012.REP,Republican nominee to win Pennsylvania,20,10.9,Oct/09/2012 16:22:38
745823,PA.2012.REP,Republican nominee to win Pennsylvania,20,10.9,Oct/09/2012 16:22:52
745823,PA.2012.REP,Republican nominee to win Pennsylvania,30,10.7,Oct/09/2012 16:22:57
745823,PA.2012.REP,Republican nominee to win Pennsylvania,30,10.7,Oct/09/2012 16:23:17
745823,PA.2012.REP,Republican nominee to win Pennsylvania,1,13.8,Oct/09/2012 16:28:03
745823,PA.2012.REP,Republican nominee to win Pennsylvania,1,14.5,Oct/09/2012 17:06:16
745823,PA.2012.REP,Republican nominee to win Pennsylvania,5,17.9,Oct/09/2012 17:07:10
745823,PA.2012.REP,Republican nominee to win Pennsylvania,20,18.0,Oct/09/2012 17:43:52
745823,PA.2012.REP,Republican nominee to win Pennsylvania,10,19.6,Oct/09/2012 17:45:07
745823,PA.2012.REP,Republican nominee to win Pennsylvania,10,19.7,Oct/09/2012 17:46:09
745823,PA.2012.REP,Republican nominee to win Pennsylvania,5,17.0,Oct/09/2012 18:31:05
745823,PA.2012.REP,Republican nominee to win Pennsylvania,3,18.1,Oct/09/2012 19:49:17
745823,PA.2012.REP,Republican nominee to win Pennsylvania,5,17.1,Oct/09/2012 19:49:49
745823,PA.2012.REP,Republican nominee to win Pennsylvania,2,18.0,Oct/09/2012 20:54:46
745823,PA.2012.REP,Republican nominee to win Pennsylvania,3,19.4,Oct/09/2012 20:55:51
745823,PA.2012.REP,Republican nominee to win Pennsylvania,5,19.5,Oct/09/2012 20:56:18
745823,PA.2012.REP,Republican nominee to win Pennsylvania,20,19.7,Oct/09/2012 20:56:41
745823,PA.2012.REP,Republican nominee to win Pennsylvania,5,18.0,Oct/09/2012 22:56:18
745823,PA.2012.REP,Republican nominee to win Pennsylvania,5,19.5,Oct/09/2012 23:24:53
745823,PA.2012.REP,Republican nominee to win Pennsylvania,10,20.5,Oct/09/2012 23:25:51
745823,PA.2012.REP,Republican nominee to win Pennsylvania,1,18.0,Oct/10/2012 09:54:39
745823,PA.2012.REP,Republican nominee to win Pennsylvania,1,19.5,Oct/10/2012 12:12:01
745823,PA.2012.REP,Republican nominee to win Pennsylvania,1,19.5,Oct/10/2012 13:14:16
745823,PA.2012.REP,Republican nominee to win Pennsylvania,1,19.5,Oct/10/2012 13:41:09
745823,PA.2012.REP,Republican nominee to win Pennsylvania,31,19.2,Oct/10/2012 14:46:22
745823,PA.2012.REP,Republican nominee to win Pennsylvania,1,19.3,Oct/10/2012 14:46:33
745823,PA.2012.REP,Republican nominee to win Pennsylvania,1,19.4,Oct/10/2012 17:18:08
745823,PA.2012.REP,Republican nominee to win Pennsylvania,1,19.4,Oct/10/2012 17:18:25
745823,PA.2012.REP,Republican nominee to win Pennsylvania,1,19.4,Oct/10/2012 17:18:41
745823,PA.2012.REP,Republican nominee to win Pennsylvania,1,19.4,Oct/10/2012 17:19:00
745823,PA.2012.REP,Republican nominee to win Pennsylvania,1,19.4,Oct/10/2012 17:19:07
745823,PA.2012.REP,Republican nominee to win Pennsylvania,1,19.4,Oct/10/2012 17:19:17
745823,PA.2012.REP,Republican nominee to win Pennsylvania,1,19.4,Oct/10/2012 17:19:24
745823,PA.2012.REP,Republican nominee to win Pennsylvania,1,19.4,Oct/10/2012 17:19:32
745823,PA.2012.REP,Republican nominee to win Pennsylvania,1,19.4,Oct/10/2012 17:19:40
745823,PA.2012.REP,Republican nominee to win Pennsylvania,1,19.4,Oct/10/2012 17:19:47
745823,PA.2012.REP,Republican nominee to win Pennsylvania,1,19.8,Oct/10/2012 17:19:54
745823,PA.2012.REP,Republican nominee to win Pennsylvania,1,19.8,Oct/10/2012 17:20:00
745823,PA.2012.REP,Republican nominee to win Pennsylvania,1,19.8,Oct/10/2012 17:20:06
745823,PA.2012.REP,Republican nominee to win Pennsylvania,1,19.8,Oct/10/2012 17:20:11
745823,PA.2012.REP,Republican nominee to win Pennsylvania,1,19.8,Oct/10/2012 17:20:18
745823,PA.2012.REP,Republican nominee to win Pennsylvania,1,19.8,Oct/10/2012 17:20:27
745823,PA.2012.REP,Republican nominee to win Pennsylvania,1,19.8,Oct/10/2012 17:20:37
745823,PA.2012.REP,Republican nominee to win Pennsylvania,1,19.8,Oct/10/2012 17:20:44
745823,PA.2012.REP,Republican nominee to win Pennsylvania,1,19.8,Oct/10/2012 17:20:54
745823,PA.2012.REP,Republican nominee to win Pennsylvania,1,19.8,Oct/10/2012 17:21:05
745823,PA.2012.REP,Republican nominee to win Pennsylvania,8,19.8,Oct/10/2012 17:21:29
745823,PA.2012.REP,Republican nominee to win Pennsylvania,1,20.4,Oct/10/2012 17:21:39
745823,PA.2012.REP,Republican nominee to win Pennsylvania,5,20.5,Oct/10/2012 17:21:47
745823,PA.2012.REP,Republican nominee to win Pennsylvania,30,20.6,Oct/10/2012 17:22:04
745823,PA.2012.REP,Republican nominee to win Pennsylvania,1,20.8,Oct/10/2012 17:22:13
745823,PA.2012.REP,Republican nominee to win Pennsylvania,3,21.9,Oct/10/2012 17:22:20
745823,PA.2012.REP,Republican nominee to win Pennsylvania,9,22.9,Oct/10/2012 17:22:30
745823,PA.2012.REP,Republican nominee to win Pennsylvania,3,22.9,Oct/10/2012 17:22:30
745823,PA.2012.REP,Republican nominee to win Pennsylvania,3,23.9,Oct/10/2012 17:22:40
745823,PA.2012.REP,Republican nominee to win Pennsylvania,4,23.9,Oct/10/2012 17:22:40
745823,PA.2012.REP,Republican nominee to win Pennsylvania,1,24.0,Oct/10/2012 17:23:30
745823,PA.2012.REP,Republican nominee to win Pennsylvania,1,24.0,Oct/10/2012 17:23:44
745823,PA.2012.REP,Republican nominee to win Pennsylvania,1,24.0,Oct/10/2012 17:23:53
745823,PA.2012.REP,Republican nominee to win Pennsylvania,1,24.0,Oct/10/2012 17:23:59
745823,PA.2012.REP,Republican nominee to win Pennsylvania,1,24.0,Oct/10/2012 17:24:12
745823,PA.2012.REP,Republican nominee to win Pennsylvania,1,23.4,Oct/10/2012 17:24:15
745823,PA.2012.REP,Republican nominee to win Pennsylvania,1,23.4,Oct/10/2012 17:24:21
745823,PA.2012.REP,Republican nominee to win Pennsylvania,1,23.4,Oct/10/2012 17:24:28
745823,PA.2012.REP,Republican nominee to win Pennsylvania,1,23.4,Oct/10/2012 17:24:33
745823,PA.2012.REP,Republican nominee to win Pennsylvania,1,23.4,Oct/10/2012 17:24:39
745823,PA.2012.REP,Republican nominee to win Pennsylvania,1,23.4,Oct/10/2012 17:24:51
745823,PA.2012.REP,Republican nominee to win Pennsylvania,1,23.4,Oct/10/2012 17:24:57
745823,PA.2012.REP,Republican nominee to win Pennsylvania,1,23.4,Oct/10/2012 17:25:02
745823,PA.2012.REP,Republican nominee to win Pennsylvania,1,23.4,Oct/10/2012 17:25:11
745823,PA.2012.REP,Republican nominee to win Pennsylvania,1,23.4,Oct/10/2012 17:25:32
745823,PA.2012.REP,Republican nominee to win Pennsylvania,1,23.5,Oct/10/2012 17:25:37
745823,PA.2012.REP,Republican nominee to win Pennsylvania,1,23.5,Oct/10/2012 17:25:38
745823,PA.2012.REP,Republican nominee to win Pennsylvania,1,23.5,Oct/10/2012 17:25:58
745823,PA.2012.REP,Republican nominee to win Pennsylvania,1,23.5,Oct/10/2012 17:26:09
745823,PA.2012.REP,Republican nominee to win Pennsylvania,1,23.5,Oct/10/2012 17:26:22
745823,PA.2012.REP,Republican nominee to win Pennsylvania,45,24.0,Oct/10/2012 17:27:11
745823,PA.2012.REP,Republican nominee to win Pennsylvania,6,24.8,Oct/10/2012 17:27:21
745823,PA.2012.REP,Republican nominee to win Pennsylvania,4,24.9,Oct/10/2012 17:27:31
745823,PA.2012.REP,Republican nominee to win Pennsylvania,20,25.0,Oct/10/2012 17:27:48
745823,PA.2012.REP,Republican nominee to win Pennsylvania,20,25.1,Oct/10/2012 17:27:57
745823,PA.2012.REP,Republican nominee to win Pennsylvania,5,25.9,Oct/10/2012 17:28:06
745823,PA.2012.REP,Republican nominee to win Pennsylvania,5,26.9,Oct/10/2012 17:28:17
745823,PA.2012.REP,Republican nominee to win Pennsylvania,5,29.9,Oct/10/2012 17:28:26
745823,PA.2012.REP,Republican nominee to win Pennsylvania,20,30.0,Oct/10/2012 17:28:39
745823,PA.2012.REP,Republican nominee to win Pennsylvania,1,30.0,Oct/10/2012 17:28:39
745823,PA.2012.REP,Republican nominee to win Pennsylvania,1,30.0,Oct/10/2012 17:28:39
745823,PA.2012.REP,Republican nominee to win Pennsylvania,4,34.9,Oct/10/2012 17:28:49
745823,PA.2012.REP,Republican nominee to win Pennsylvania,1,30.0,Oct/10/2012 17:28:49
745823,PA.2012.REP,Republican nominee to win Pennsylvania,1,30.0,Oct/10/2012 17:28:54
745823,PA.2012.REP,Republican nominee to win Pennsylvania,1,30.0,Oct/10/2012 17:29:04
745823,PA.2012.REP,Republican nominee to win Pennsylvania,1,20.0,Oct/10/2012 18:15:16
745823,PA.2012.REP,Republican nominee to win Pennsylvania,7,22.5,Oct/10/2012 19:11:21
745823,PA.2012.REP,Republican nominee to win Pennsylvania,3,24.9,Oct/10/2012 19:11:52
745823,PA.2012.REP,Republican nominee to win Pennsylvania,5,24.8,Oct/10/2012 20:38:32
745823,PA.2012.REP,Republican nominee to win Pennsylvania,5,24.9,Oct/10/2012 20:38:50
745823,PA.2012.REP,Republican nominee to win Pennsylvania,1,21.1,Oct/10/2012 21:07:40
745823,PA.2012.REP,Republican nominee to win Pennsylvania,1,21.1,Oct/10/2012 21:09:03
745823,PA.2012.REP,Republican nominee to win Pennsylvania,1,21.1,Oct/10/2012 21:30:27
745823,PA.2012.REP,Republican nominee to win Pennsylvania,1,20.2,Oct/10/2012 21:30:34
745823,PA.2012.REP,Republican nominee to win Pennsylvania,1,20.2,Oct/10/2012 21:30:41
745823,PA.2012.REP,Republican nominee to win Pennsylvania,1,20.2,Oct/10/2012 21:30:50
745823,PA.2012.REP,Republican nominee to win Pennsylvania,1,20.2,Oct/10/2012 22:07:30
745823,PA.2012.REP,Republican nominee to win Pennsylvania,1,20.2,Oct/10/2012 22:07:35
745823,PA.2012.REP,Republican nominee to win Pennsylvania,1,20.2,Oct/10/2012 22:07:43
745823,PA.2012.REP,Republican nominee to win Pennsylvania,1,20.2,Oct/10/2012 22:08:13
745823,PA.2012.REP,Republican nominee to win Pennsylvania,1,20.2,Oct/10/2012 22:08:20
745823,PA.2012.REP,Republican nominee to win Pennsylvania,1,20.1,Oct/10/2012 22:11:16
745823,PA.2012.REP,Republican nominee to win Pennsylvania,1,20.1,Oct/10/2012 22:42:55
745823,PA.2012.REP,Republican nominee to win Pennsylvania,1,20.1,Oct/10/2012 22:43:01
745823,PA.2012.REP,Republican nominee to win Pennsylvania,1,20.1,Oct/10/2012 22:43:08
745823,PA.2012.REP,Republican nominee to win Pennsylvania,1,20.1,Oct/10/2012 22:43:29
745823,PA.2012.REP,Republican nominee to win Pennsylvania,1,20.1,Oct/10/2012 22:58:29
745823,PA.2012.REP,Republican nominee to win Pennsylvania,1,20.0,Oct/11/2012 03:36:52
745823,PA.2012.REP,Republican nominee to win Pennsylvania,1,20.0,Oct/11/2012 03:36:55
745823,PA.2012.REP,Republican nominee to win Pennsylvania,1,20.0,Oct/11/2012 03:37:02
745823,PA.2012.REP,Republican nominee to win Pennsylvania,1,20.0,Oct/11/2012 03:37:09
745823,PA.2012.REP,Republican nominee to win Pennsylvania,1,20.0,Oct/11/2012 03:37:16
745823,PA.2012.REP,Republican nominee to win Pennsylvania,1,19.1,Oct/11/2012 03:39:51
745823,PA.2012.REP,Republican nominee to win Pennsylvania,1,19.1,Oct/11/2012 03:39:59
745823,PA.2012.REP,Republican nominee to win Pennsylvania,1,19.1,Oct/11/2012 03:40:05
745823,PA.2012.REP,Republican nominee to win Pennsylvania,1,19.1,Oct/11/2012 03:40:11
745823,PA.2012.REP,Republican nominee to win Pennsylvania,1,19.1,Oct/11/2012 03:40:18
745823,PA.2012.REP,Republican nominee to win Pennsylvania,1,19.1,Oct/11/2012 03:40:24
745823,PA.2012.REP,Republican nominee to win Pennsylvania,1,19.1,Oct/11/2012 03:40:46
745823,PA.2012.REP,Republican nominee to win Pennsylvania,1,18.1,Oct/11/2012 04:23:12
745823,PA.2012.REP,Republican nominee to win Pennsylvania,1,18.1,Oct/11/2012 04:23:26
745823,PA.2012.REP,Republican nominee to win Pennsylvania,1,18.1,Oct/11/2012 04:24:25
745823,PA.2012.REP,Republican nominee to win Pennsylvania,1,18.1,Oct/11/2012 04:24:53
745823,PA.2012.REP,Republican nominee to win Pennsylvania,1,18.1,Oct/11/2012 04:48:19
745823,PA.2012.REP,Republican nominee to win Pennsylvania,1,18.1,Oct/11/2012 06:41:01
745823,PA.2012.REP,Republican nominee to win Pennsylvania,3,18.1,Oct/11/2012 15:03:55
745823,PA.2012.REP,Republican nominee to win Pennsylvania,11,17.1,Oct/11/2012 15:30:06
745823,PA.2012.REP,Republican nominee to win Pennsylvania,33,21.9,Oct/11/2012 15:46:53
745823,PA.2012.REP,Republican nominee to win Pennsylvania,5,22.0,Oct/11/2012 18:36:43
745823,PA.2012.REP,Republican nominee to win Pennsylvania,5,21.9,Oct/11/2012 18:36:43
745823,PA.2012.REP,Republican nominee to win Pennsylvania,10,21.0,Oct/11/2012 21:32:12
745823,PA.2012.REP,Republican nominee to win Pennsylvania,2,21.0,Oct/11/2012 21:32:12
745823,PA.2012.REP,Republican nominee to win Pennsylvania,15,21.0,Oct/11/2012 21:33:41
745823,PA.2012.REP,Republican nominee to win Pennsylvania,1,21.0,Oct/11/2012 22:19:17
745823,PA.2012.REP,Republican nominee to win Pennsylvania,1,21.0,Oct/11/2012 22:19:18
745823,PA.2012.REP,Republican nominee to win Pennsylvania,1,21.0,Oct/11/2012 22:19:19
745823,PA.2012.REP,Republican nominee to win Pennsylvania,20,21.0,Oct/11/2012 22:36:55
745823,PA.2012.REP,Republican nominee to win Pennsylvania,1,21.1,Oct/11/2012 22:39:56
745823,PA.2012.REP,Republican nominee to win Pennsylvania,1,21.1,Oct/11/2012 22:40:13
745823,PA.2012.REP,Republican nominee to win Pennsylvania,1,21.1,Oct/11/2012 22:40:29
745823,PA.2012.REP,Republican nominee to win Pennsylvania,1,21.1,Oct/11/2012 22:42:24
745823,PA.2012.REP,Republican nominee to win Pennsylvania,1,21.1,Oct/11/2012 22:42:53
745823,PA.2012.REP,Republican nominee to win Pennsylvania,1,21.1,Oct/11/2012 22:43:07
745823,PA.2012.REP,Republican nominee to win Pennsylvania,1,21.1,Oct/11/2012 22:43:25
745823,PA.2012.REP,Republican nominee to win Pennsylvania,1,21.1,Oct/11/2012 22:44:48
745823,PA.2012.REP,Republican nominee to win Pennsylvania,5,21.1,Oct/11/2012 22:44:50
745823,PA.2012.REP,Republican nominee to win Pennsylvania,1,21.1,Oct/11/2012 22:44:50
745823,PA.2012.REP,Republican nominee to win Pennsylvania,1,21.1,Oct/12/2012 00:44:02
745823,PA.2012.REP,Republican nominee to win Pennsylvania,1,21.1,Oct/12/2012 00:44:08
745823,PA.2012.REP,Republican nominee to win Pennsylvania,1,21.1,Oct/12/2012 00:44:17
745823,PA.2012.REP,Republican nominee to win Pennsylvania,3,19.1,Oct/12/2012 07:35:54
745823,PA.2012.REP,Republican nominee to win Pennsylvania,1,21.3,Oct/12/2012 12:22:14
745823,PA.2012.REP,Republican nominee to win Pennsylvania,4,18.1,Oct/12/2012 13:34:16
745823,PA.2012.REP,Republican nominee to win Pennsylvania,5,17.1,Oct/12/2012 13:34:22
745823,PA.2012.REP,Republican nominee to win Pennsylvania,1,16.2,Oct/12/2012 13:34:29
745823,PA.2012.REP,Republican nominee to win Pennsylvania,5,16.5,Oct/12/2012 15:26:00
745823,PA.2012.REP,Republican nominee to win Pennsylvania,10,21.0,Oct/12/2012 17:19:57
745823,PA.2012.REP,Republican nominee to win Pennsylvania,5,21.0,Oct/12/2012 17:30:27
745823,PA.2012.REP,Republican nominee to win Pennsylvania,1,21.0,Oct/12/2012 17:48:49
745823,PA.2012.REP,Republican nominee to win Pennsylvania,1,21.0,Oct/12/2012 18:14:04
745823,PA.2012.REP,Republican nominee to win Pennsylvania,35,21.0,Oct/12/2012 18:14:46
745823,PA.2012.REP,Republican nominee to win Pennsylvania,1,21.0,Oct/12/2012 18:54:38
745823,PA.2012.REP,Republican nominee to win Pennsylvania,1,21.0,Oct/12/2012 18:54:55
745823,PA.2012.REP,Republican nominee to win Pennsylvania,1,21.0,Oct/12/2012 18:55:26
745823,PA.2012.REP,Republican nominee to win Pennsylvania,1,22.0,Oct/12/2012 18:56:44
745823,PA.2012.REP,Republican nominee to win Pennsylvania,11,21.0,Oct/12/2012 19:36:41
745823,PA.2012.REP,Republican nominee to win Pennsylvania,1,22.1,Oct/12/2012 23:47:14
745823,PA.2012.REP,Republican nominee to win Pennsylvania,1,22.1,Oct/12/2012 23:48:07
745823,PA.2012.REP,Republican nominee to win Pennsylvania,1,21.0,Oct/13/2012 00:03:14
745823,PA.2012.REP,Republican nominee to win Pennsylvania,1,21.0,Oct/13/2012 00:03:19
745823,PA.2012.REP,Republican nominee to win Pennsylvania,1,21.0,Oct/13/2012 00:03:25
745823,PA.2012.REP,Republican nominee to win Pennsylvania,1,21.0,Oct/13/2012 00:05:05
745823,PA.2012.REP,Republican nominee to win Pennsylvania,1,21.0,Oct/13/2012 00:05:22
745823,PA.2012.REP,Republican nominee to win Pennsylvania,1,21.0,Oct/13/2012 00:05:37
745823,PA.2012.REP,Republican nominee to win Pennsylvania,1,21.0,Oct/13/2012 00:05:43
745823,PA.2012.REP,Republican nominee to win Pennsylvania,1,21.0,Oct/13/2012 00:05:50
745823,PA.2012.REP,Republican nominee to win Pennsylvania,50,21.0,Oct/13/2012 00:08:26
745823,PA.2012.REP,Republican nominee to win Pennsylvania,4,21.0,Oct/13/2012 01:32:03
745823,PA.2012.REP,Republican nominee to win Pennsylvania,15,21.1,Oct/13/2012 01:32:03
745823,PA.2012.REP,Republican nominee to win Pennsylvania,3,22.5,Oct/13/2012 01:32:03
745823,PA.2012.REP,Republican nominee to win Pennsylvania,1,21.0,Oct/13/2012 01:33:56
745823,PA.2012.REP,Republican nominee to win Pennsylvania,1,21.0,Oct/13/2012 01:34:02
745823,PA.2012.REP,Republican nominee to win Pennsylvania,1,21.0,Oct/13/2012 01:34:22
745823,PA.2012.REP,Republican nominee to win Pennsylvania,1,21.0,Oct/13/2012 01:35:11
745823,PA.2012.REP,Republican nominee to win Pennsylvania,1,21.0,Oct/13/2012 01:35:17
745823,PA.2012.REP,Republican nominee to win Pennsylvania,1,23.0,Oct/13/2012 03:30:36
745823,PA.2012.REP,Republican nominee to win Pennsylvania,4,24.0,Oct/13/2012 10:51:30
745823,PA.2012.REP,Republican nominee to win Pennsylvania,1,24.0,Oct/13/2012 10:51:30
745823,PA.2012.REP,Republican nominee to win Pennsylvania,5,23.1,Oct/13/2012 15:37:57
745823,PA.2012.REP,Republican nominee to win Pennsylvania,7,22.1,Oct/13/2012 16:08:05
745823,PA.2012.REP,Republican nominee to win Pennsylvania,1,21.7,Oct/13/2012 16:51:12
745823,PA.2012.REP,Republican nominee to win Pennsylvania,1,21.7,Oct/13/2012 16:51:19
745823,PA.2012.REP,Republican nominee to win Pennsylvania,1,21.7,Oct/13/2012 16:51:25
745823,PA.2012.REP,Republican nominee to win Pennsylvania,1,21.7,Oct/13/2012 16:51:30
745823,PA.2012.REP,Republican nominee to win Pennsylvania,1,21.7,Oct/13/2012 16:51:34
745823,PA.2012.REP,Republican nominee to win Pennsylvania,1,21.2,Oct/13/2012 16:51:50
745823,PA.2012.REP,Republican nominee to win Pennsylvania,1,21.2,Oct/13/2012 16:51:54
745823,PA.2012.REP,Republican nominee to win Pennsylvania,1,21.2,Oct/13/2012 18:08:53
745823,PA.2012.REP,Republican nominee to win Pennsylvania,1,21.2,Oct/13/2012 18:08:58
745823,PA.2012.REP,Republican nominee to win Pennsylvania,1,24.1,Oct/13/2012 20:30:16
745823,PA.2012.REP,Republican nominee to win Pennsylvania,1,24.1,Oct/13/2012 20:30:22
745823,PA.2012.REP,Republican nominee to win Pennsylvania,1,24.1,Oct/13/2012 20:30:28
745823,PA.2012.REP,Republican nominee to win Pennsylvania,1,24.1,Oct/13/2012 20:30:34
745823,PA.2012.REP,Republican nominee to win Pennsylvania,1,24.1,Oct/14/2012 02:08:38
745823,PA.2012.REP,Republican nominee to win Pennsylvania,1,21.9,Oct/14/2012 05:32:45
745823,PA.2012.REP,Republican nominee to win Pennsylvania,1,21.9,Oct/14/2012 05:32:46
745823,PA.2012.REP,Republican nominee to win Pennsylvania,1,21.9,Oct/14/2012 05:32:48
745823,PA.2012.REP,Republican nominee to win Pennsylvania,4,21.9,Oct/14/2012 05:32:48
745823,PA.2012.REP,Republican nominee to win Pennsylvania,1,21.2,Oct/14/2012 15:50:11
745823,PA.2012.REP,Republican nominee to win Pennsylvania,19,21.2,Oct/14/2012 17:16:27
745823,PA.2012.REP,Republican nominee to win Pennsylvania,3,22.0,Oct/14/2012 18:14:39
745823,PA.2012.REP,Republican nominee to win Pennsylvania,365,21.0,Oct/15/2012 08:35:36
745823,PA.2012.REP,Republican nominee to win Pennsylvania,9,21.1,Oct/15/2012 08:35:36
745823,PA.2012.REP,Republican nominee to win Pennsylvania,3,21.1,Oct/15/2012 08:35:36
745823,PA.2012.REP,Republican nominee to win Pennsylvania,11,21.0,Oct/15/2012 08:35:44
745823,PA.2012.REP,Republican nominee to win Pennsylvania,1,21.0,Oct/15/2012 10:42:39
745823,PA.2012.REP,Republican nominee to win Pennsylvania,11,20.1,Oct/15/2012 11:31:19
745823,PA.2012.REP,Republican nominee to win Pennsylvania,20,19.9,Oct/15/2012 13:31:44
745823,PA.2012.REP,Republican nominee to win Pennsylvania,5,19.9,Oct/15/2012 13:31:44
745823,PA.2012.REP,Republican nominee to win Pennsylvania,20,20.0,Oct/15/2012 13:34:25
745823,PA.2012.REP,Republican nominee to win Pennsylvania,2,19.0,Oct/15/2012 15:50:58
745823,PA.2012.REP,Republican nominee to win Pennsylvania,6,19.0,Oct/15/2012 15:50:58
745823,PA.2012.REP,Republican nominee to win Pennsylvania,5,19.5,Oct/15/2012 18:27:49
745823,PA.2012.REP,Republican nominee to win Pennsylvania,80,20.0,Oct/15/2012 18:32:50
745823,PA.2012.REP,Republican nominee to win Pennsylvania,11,19.5,Oct/15/2012 18:32:50
745823,PA.2012.REP,Republican nominee to win Pennsylvania,5,19.5,Oct/15/2012 18:32:50
745823,PA.2012.REP,Republican nominee to win Pennsylvania,20,20.6,Oct/15/2012 19:37:40
745823,PA.2012.REP,Republican nominee to win Pennsylvania,1,20.6,Oct/15/2012 19:40:03
745823,PA.2012.REP,Republican nominee to win Pennsylvania,1,20.6,Oct/15/2012 19:42:25
745823,PA.2012.REP,Republican nominee to win Pennsylvania,1,20.6,Oct/15/2012 19:42:38
745823,PA.2012.REP,Republican nominee to win Pennsylvania,100,20.6,Oct/15/2012 19:56:55
745823,PA.2012.REP,Republican nominee to win Pennsylvania,1,20.6,Oct/15/2012 19:58:05
745823,PA.2012.REP,Republican nominee to win Pennsylvania,1,20.6,Oct/15/2012 19:58:13
745823,PA.2012.REP,Republican nominee to win Pennsylvania,1,20.6,Oct/15/2012 19:58:24
745823,PA.2012.REP,Republican nominee to win Pennsylvania,1,20.6,Oct/15/2012 19:58:27
745823,PA.2012.REP,Republican nominee to win Pennsylvania,73,20.6,Oct/15/2012 19:59:01
745823,PA.2012.REP,Republican nominee to win Pennsylvania,50,19.8,Oct/15/2012 20:08:34
745823,PA.2012.REP,Republican nominee to win Pennsylvania,3,20.9,Oct/15/2012 20:22:04
745823,PA.2012.REP,Republican nominee to win Pennsylvania,5,20.8,Oct/15/2012 20:22:04
745823,PA.2012.REP,Republican nominee to win Pennsylvania,2,21.0,Oct/15/2012 20:22:04
745823,PA.2012.REP,Republican nominee to win Pennsylvania,1,19.3,Oct/15/2012 20:35:28
745823,PA.2012.REP,Republican nominee to win Pennsylvania,1,19.3,Oct/15/2012 20:35:29
745823,PA.2012.REP,Republican nominee to win Pennsylvania,3,19.3,Oct/15/2012 20:35:30
745823,PA.2012.REP,Republican nominee to win Pennsylvania,1,16.1,Oct/15/2012 20:58:45
745823,PA.2012.REP,Republican nominee to win Pennsylvania,1,16.1,Oct/15/2012 20:58:59
745823,PA.2012.REP,Republican nominee to win Pennsylvania,1,16.1,Oct/15/2012 20:59:45
745823,PA.2012.REP,Republican nominee to win Pennsylvania,5,16.0,Oct/15/2012 20:59:55
745823,PA.2012.REP,Republican nominee to win Pennsylvania,4,15.1,Oct/15/2012 21:00:14
745823,PA.2012.REP,Republican nominee to win Pennsylvania,20,15.0,Oct/15/2012 21:00:29
745823,PA.2012.REP,Republican nominee to win Pennsylvania,5,14.1,Oct/15/2012 21:00:46
745823,PA.2012.REP,Republican nominee to win Pennsylvania,1,19.1,Oct/15/2012 21:40:43
745823,PA.2012.REP,Republican nominee to win Pennsylvania,3,19.1,Oct/15/2012 21:40:46
745823,PA.2012.REP,Republican nominee to win Pennsylvania,1,19.1,Oct/15/2012 21:40:46
745823,PA.2012.REP,Republican nominee to win Pennsylvania,1,19.1,Oct/15/2012 21:40:47
745823,PA.2012.REP,Republican nominee to win Pennsylvania,1,19.2,Oct/15/2012 21:44:23
745823,PA.2012.REP,Republican nominee to win Pennsylvania,1,19.8,Oct/15/2012 21:44:25
745823,PA.2012.REP,Republican nominee to win Pennsylvania,11,19.8,Oct/15/2012 21:44:25
745823,PA.2012.REP,Republican nominee to win Pennsylvania,1,19.8,Oct/15/2012 21:44:26
745823,PA.2012.REP,Republican nominee to win Pennsylvania,4,19.8,Oct/15/2012 22:11:19
745823,PA.2012.REP,Republican nominee to win Pennsylvania,1,19.8,Oct/15/2012 22:11:19
745823,PA.2012.REP,Republican nominee to win Pennsylvania,1,19.8,Oct/15/2012 22:11:21
745823,PA.2012.REP,Republican nominee to win Pennsylvania,10,21.0,Oct/16/2012 01:58:01
745823,PA.2012.REP,Republican nominee to win Pennsylvania,1,21.0,Oct/16/2012 03:54:49
745823,PA.2012.REP,Republican nominee to win Pennsylvania,2,21.0,Oct/16/2012 08:52:58
745823,PA.2012.REP,Republican nominee to win Pennsylvania,5,21.0,Oct/16/2012 08:52:58
745823,PA.2012.REP,Republican nominee to win Pennsylvania,3,21.3,Oct/16/2012 08:53:12
745823,PA.2012.REP,Republican nominee to win Pennsylvania,15,21.5,Oct/16/2012 08:53:29
745823,PA.2012.REP,Republican nominee to win Pennsylvania,15,21.5,Oct/16/2012 08:53:29
745823,PA.2012.REP,Republican nominee to win Pennsylvania,1,21.5,Oct/16/2012 08:53:29
745823,PA.2012.REP,Republican nominee to win Pennsylvania,1,21.5,Oct/16/2012 08:53:44
745823,PA.2012.REP,Republican nominee to win Pennsylvania,1,21.5,Oct/16/2012 08:53:57
745823,PA.2012.REP,Republican nominee to win Pennsylvania,1,21.5,Oct/16/2012 08:54:35
745823,PA.2012.REP,Republican nominee to win Pennsylvania,1,21.5,Oct/16/2012 08:54:45
745823,PA.2012.REP,Republican nominee to win Pennsylvania,1,21.5,Oct/16/2012 08:55:18
745823,PA.2012.REP,Republican nominee to win Pennsylvania,1,21.5,Oct/16/2012 08:55:27
745823,PA.2012.REP,Republican nominee to win Pennsylvania,1,21.5,Oct/16/2012 10:35:34
745823,PA.2012.REP,Republican nominee to win Pennsylvania,1,21.6,Oct/16/2012 11:46:40
745823,PA.2012.REP,Republican nominee to win Pennsylvania,50,18.0,Oct/16/2012 15:23:19
745823,PA.2012.REP,Republican nominee to win Pennsylvania,1,20.0,Oct/16/2012 15:53:39
745823,PA.2012.REP,Republican nominee to win Pennsylvania,12,21.7,Oct/16/2012 15:53:39
745823,PA.2012.REP,Republican nominee to win Pennsylvania,7,21.6,Oct/16/2012 15:53:39
745823,PA.2012.REP,Republican nominee to win Pennsylvania,10,21.6,Oct/16/2012 15:53:39
745823,PA.2012.REP,Republican nominee to win Pennsylvania,8,18.0,Oct/16/2012 16:12:29
745823,PA.2012.REP,Republican nominee to win Pennsylvania,5,18.0,Oct/16/2012 16:12:29
745823,PA.2012.REP,Republican nominee to win Pennsylvania,1,20.0,Oct/16/2012 16:26:21
745823,PA.2012.REP,Republican nominee to win Pennsylvania,1,20.0,Oct/16/2012 16:26:22
745823,PA.2012.REP,Republican nominee to win Pennsylvania,1,20.0,Oct/16/2012 16:26:23
745823,PA.2012.REP,Republican nominee to win Pennsylvania,8,20.0,Oct/16/2012 16:26:23
745823,PA.2012.REP,Republican nominee to win Pennsylvania,4,20.0,Oct/16/2012 16:28:57
745823,PA.2012.REP,Republican nominee to win Pennsylvania,1,20.0,Oct/16/2012 16:28:58
745823,PA.2012.REP,Republican nominee to win Pennsylvania,10,21.0,Oct/16/2012 17:00:31
745823,PA.2012.REP,Republican nominee to win Pennsylvania,20,20.0,Oct/16/2012 17:16:55
745823,PA.2012.REP,Republican nominee to win Pennsylvania,4,20.0,Oct/16/2012 17:17:17
745823,PA.2012.REP,Republican nominee to win Pennsylvania,5,21.0,Oct/16/2012 17:47:20
745823,PA.2012.REP,Republican nominee to win Pennsylvania,7,22.0,Oct/16/2012 20:22:46
745823,PA.2012.REP,Republican nominee to win Pennsylvania,2,21.9,Oct/16/2012 20:22:46
745823,PA.2012.REP,Republican nominee to win Pennsylvania,1,21.7,Oct/16/2012 20:22:46
745823,PA.2012.REP,Republican nominee to win Pennsylvania,5,22.5,Oct/16/2012 20:22:46
745823,PA.2012.REP,Republican nominee to win Pennsylvania,1,22.1,Oct/16/2012 20:22:46
745823,PA.2012.REP,Republican nominee to win Pennsylvania,1,22.1,Oct/16/2012 20:26:46
745823,PA.2012.REP,Republican nominee to win Pennsylvania,1,22.5,Oct/16/2012 20:26:47
745823,PA.2012.REP,Republican nominee to win Pennsylvania,13,22.5,Oct/16/2012 20:26:48
745823,PA.2012.REP,Republican nominee to win Pennsylvania,1,22.5,Oct/16/2012 20:26:48
745823,PA.2012.REP,Republican nominee to win Pennsylvania,30,22.5,Oct/16/2012 20:32:46
745823,PA.2012.REP,Republican nominee to win Pennsylvania,1,22.7,Oct/16/2012 20:38:45
745823,PA.2012.REP,Republican nominee to win Pennsylvania,10,22.5,Oct/16/2012 21:36:27
745823,PA.2012.REP,Republican nominee to win Pennsylvania,30,22.5,Oct/16/2012 21:37:58
745823,PA.2012.REP,Republican nominee to win Pennsylvania,10,22.5,Oct/16/2012 22:33:26
745823,PA.2012.REP,Republican nominee to win Pennsylvania,1,22.5,Oct/16/2012 23:56:42
745823,PA.2012.REP,Republican nominee to win Pennsylvania,24,22.5,Oct/16/2012 23:56:43
745823,PA.2012.REP,Republican nominee to win Pennsylvania,1,22.5,Oct/16/2012 23:56:43
745823,PA.2012.REP,Republican nominee to win Pennsylvania,1,22.5,Oct/17/2012 01:07:14
745823,PA.2012.REP,Republican nominee to win Pennsylvania,1,22.5,Oct/17/2012 01:07:40
745823,PA.2012.REP,Republican nominee to win Pennsylvania,1,22.5,Oct/17/2012 01:45:31
745823,PA.2012.REP,Republican nominee to win Pennsylvania,5,22.5,Oct/17/2012 01:48:11
745823,PA.2012.REP,Republican nominee to win Pennsylvania,1,22.5,Oct/17/2012 03:18:27
745823,PA.2012.REP,Republican nominee to win Pennsylvania,4,22.5,Oct/17/2012 03:21:53
745823,PA.2012.REP,Republican nominee to win Pennsylvania,1,22.5,Oct/17/2012 03:22:03
745823,PA.2012.REP,Republican nominee to win Pennsylvania,30,22.5,Oct/17/2012 03:36:12
745823,PA.2012.REP,Republican nominee to win Pennsylvania,1,22.5,Oct/17/2012 03:40:05
745823,PA.2012.REP,Republican nominee to win Pennsylvania,1,22.5,Oct/17/2012 03:44:46
745823,PA.2012.REP,Republican nominee to win Pennsylvania,1,22.5,Oct/17/2012 03:45:19
745823,PA.2012.REP,Republican nominee to win Pennsylvania,20,22.5,Oct/17/2012 03:46:29
745823,PA.2012.REP,Republican nominee to win Pennsylvania,1,22.5,Oct/17/2012 03:48:58
745823,PA.2012.REP,Republican nominee to win Pennsylvania,2,22.5,Oct/17/2012 03:52:39
745823,PA.2012.REP,Republican nominee to win Pennsylvania,20,22.5,Oct/17/2012 03:55:09
745823,PA.2012.REP,Republican nominee to win Pennsylvania,1,22.5,Oct/17/2012 04:06:30
745823,PA.2012.REP,Republican nominee to win Pennsylvania,50,22.5,Oct/17/2012 04:07:16
745823,PA.2012.REP,Republican nominee to win Pennsylvania,40,22.5,Oct/17/2012 04:30:04
745823,PA.2012.REP,Republican nominee to win Pennsylvania,1,22.5,Oct/17/2012 05:00:23
745823,PA.2012.REP,Republican nominee to win Pennsylvania,10,22.5,Oct/17/2012 06:24:11
745823,PA.2012.REP,Republican nominee to win Pennsylvania,80,22.5,Oct/17/2012 08:44:17
745823,PA.2012.REP,Republican nominee to win Pennsylvania,6,22.5,Oct/17/2012 09:33:32
745823,PA.2012.REP,Republican nominee to win Pennsylvania,1,20.8,Oct/17/2012 11:32:53
745823,PA.2012.REP,Republican nominee to win Pennsylvania,4,20.8,Oct/17/2012 11:32:58
745823,PA.2012.REP,Republican nominee to win Pennsylvania,60,20.0,Oct/17/2012 11:33:06
745823,PA.2012.REP,Republican nominee to win Pennsylvania,1,15.3,Oct/17/2012 17:16:38
745823,PA.2012.REP,Republican nominee to win Pennsylvania,1,15.3,Oct/17/2012 19:07:31
745823,PA.2012.REP,Republican nominee to win Pennsylvania,1,15.3,Oct/17/2012 19:07:32
745823,PA.2012.REP,Republican nominee to win Pennsylvania,1,15.3,Oct/17/2012 19:07:33
745823,PA.2012.REP,Republican nominee to win Pennsylvania,1,15.3,Oct/17/2012 19:07:35
745823,PA.2012.REP,Republican nominee to win Pennsylvania,1,15.3,Oct/17/2012 19:07:35
745823,PA.2012.REP,Republican nominee to win Pennsylvania,1,15.3,Oct/17/2012 19:16:03
745823,PA.2012.REP,Republican nominee to win Pennsylvania,1,15.3,Oct/17/2012 19:16:45
745823,PA.2012.REP,Republican nominee to win Pennsylvania,30,16.0,Oct/17/2012 20:40:09
745823,PA.2012.REP,Republican nominee to win Pennsylvania,1,16.0,Oct/17/2012 21:19:43
745823,PA.2012.REP,Republican nominee to win Pennsylvania,1,16.0,Oct/17/2012 21:24:38
745823,PA.2012.REP,Republican nominee to win Pennsylvania,3,17.9,Oct/17/2012 21:58:12
745823,PA.2012.REP,Republican nominee to win Pennsylvania,4,18.9,Oct/18/2012 01:03:00
745823,PA.2012.REP,Republican nominee to win Pennsylvania,5,18.9,Oct/18/2012 01:03:00
745823,PA.2012.REP,Republican nominee to win Pennsylvania,11,18.9,Oct/18/2012 01:36:06
745823,PA.2012.REP,Republican nominee to win Pennsylvania,5,18.7,Oct/18/2012 01:36:06
745823,PA.2012.REP,Republican nominee to win Pennsylvania,1,18.8,Oct/18/2012 02:41:07
745823,PA.2012.REP,Republican nominee to win Pennsylvania,1,18.8,Oct/18/2012 02:57:02
745823,PA.2012.REP,Republican nominee to win Pennsylvania,1,18.8,Oct/18/2012 02:57:47
745823,PA.2012.REP,Republican nominee to win Pennsylvania,1,18.8,Oct/18/2012 02:57:58
745823,PA.2012.REP,Republican nominee to win Pennsylvania,1,18.8,Oct/18/2012 02:58:02
745823,PA.2012.REP,Republican nominee to win Pennsylvania,1,18.8,Oct/18/2012 02:58:06
745823,PA.2012.REP,Republican nominee to win Pennsylvania,1,18.8,Oct/18/2012 02:58:35
745823,PA.2012.REP,Republican nominee to win Pennsylvania,1,18.8,Oct/18/2012 02:59:15
745823,PA.2012.REP,Republican nominee to win Pennsylvania,1,18.8,Oct/18/2012 02:59:18
745823,PA.2012.REP,Republican nominee to win Pennsylvania,1,18.8,Oct/18/2012 03:13:30
745823,PA.2012.REP,Republican nominee to win Pennsylvania,1,18.8,Oct/18/2012 03:13:37
745823,PA.2012.REP,Republican nominee to win Pennsylvania,1,18.8,Oct/18/2012 04:43:04
745823,PA.2012.REP,Republican nominee to win Pennsylvania,15,16.0,Oct/18/2012 12:00:55
745823,PA.2012.REP,Republican nominee to win Pennsylvania,1,16.0,Oct/18/2012 13:20:48
745823,PA.2012.REP,Republican nominee to win Pennsylvania,1,16.0,Oct/18/2012 13:21:17
745823,PA.2012.REP,Republican nominee to win Pennsylvania,1,16.0,Oct/18/2012 13:21:58
745823,PA.2012.REP,Republican nominee to win Pennsylvania,1,16.0,Oct/18/2012 14:07:23
745823,PA.2012.REP,Republican nominee to win Pennsylvania,1,16.0,Oct/18/2012 14:07:56
745823,PA.2012.REP,Republican nominee to win Pennsylvania,1,16.0,Oct/18/2012 14:08:16
745823,PA.2012.REP,Republican nominee to win Pennsylvania,20,15.0,Oct/18/2012 14:20:35
745823,PA.2012.REP,Republican nominee to win Pennsylvania,7,16.0,Oct/18/2012 14:20:35
745823,PA.2012.REP,Republican nominee to win Pennsylvania,1,14.5,Oct/18/2012 14:21:40
745823,PA.2012.REP,Republican nominee to win Pennsylvania,19,14.5,Oct/18/2012 14:22:08
745823,PA.2012.REP,Republican nominee to win Pennsylvania,8,14.0,Oct/18/2012 14:22:24
745823,PA.2012.REP,Republican nominee to win Pennsylvania,12,14.0,Oct/18/2012 14:22:45
745823,PA.2012.REP,Republican nominee to win Pennsylvania,1,13.1,Oct/18/2012 14:23:02
745823,PA.2012.REP,Republican nominee to win Pennsylvania,1,13.1,Oct/18/2012 14:23:11
745823,PA.2012.REP,Republican nominee to win Pennsylvania,1,13.1,Oct/18/2012 14:23:12
745823,PA.2012.REP,Republican nominee to win Pennsylvania,1,12.5,Oct/18/2012 14:23:24
745823,PA.2012.REP,Republican nominee to win Pennsylvania,1,12.5,Oct/18/2012 14:27:29
745823,PA.2012.REP,Republican nominee to win Pennsylvania,1,12.5,Oct/18/2012 14:27:35
745823,PA.2012.REP,Republican nominee to win Pennsylvania,1,12.5,Oct/18/2012 14:27:41
745823,PA.2012.REP,Republican nominee to win Pennsylvania,1,12.5,Oct/18/2012 14:27:57
745823,PA.2012.REP,Republican nominee to win Pennsylvania,1,13.1,Oct/18/2012 14:44:15
745823,PA.2012.REP,Republican nominee to win Pennsylvania,1,13.1,Oct/18/2012 14:44:15
745823,PA.2012.REP,Republican nominee to win Pennsylvania,1,13.1,Oct/18/2012 14:46:12
745823,PA.2012.REP,Republican nominee to win Pennsylvania,1,13.1,Oct/18/2012 14:47:05
745823,PA.2012.REP,Republican nominee to win Pennsylvania,1,13.1,Oct/18/2012 14:47:07
745823,PA.2012.REP,Republican nominee to win Pennsylvania,1,13.1,Oct/18/2012 14:47:08
745823,PA.2012.REP,Republican nominee to win Pennsylvania,1,13.1,Oct/18/2012 14:47:37
745823,PA.2012.REP,Republican nominee to win Pennsylvania,1,13.1,Oct/18/2012 14:47:37
745823,PA.2012.REP,Republican nominee to win Pennsylvania,8,14.0,Oct/18/2012 14:48:01
745823,PA.2012.REP,Republican nominee to win Pennsylvania,4,14.0,Oct/18/2012 14:48:01
745823,PA.2012.REP,Republican nominee to win Pennsylvania,1,13.1,Oct/18/2012 14:48:01
745823,PA.2012.REP,Republican nominee to win Pennsylvania,1,13.1,Oct/18/2012 14:48:33
745823,PA.2012.REP,Republican nominee to win Pennsylvania,1,13.1,Oct/18/2012 14:48:53
745823,PA.2012.REP,Republican nominee to win Pennsylvania,1,13.1,Oct/18/2012 14:49:19
745823,PA.2012.REP,Republican nominee to win Pennsylvania,1,13.1,Oct/18/2012 14:50:11
745823,PA.2012.REP,Republican nominee to win Pennsylvania,1,13.1,Oct/18/2012 14:50:46
745823,PA.2012.REP,Republican nominee to win Pennsylvania,1,13.1,Oct/18/2012 14:50:57
745823,PA.2012.REP,Republican nominee to win Pennsylvania,1,13.1,Oct/18/2012 14:51:13
745823,PA.2012.REP,Republican nominee to win Pennsylvania,1,16.0,Oct/18/2012 15:02:28
745823,PA.2012.REP,Republican nominee to win Pennsylvania,1,19.1,Oct/18/2012 16:25:07
745823,PA.2012.REP,Republican nominee to win Pennsylvania,1,19.1,Oct/18/2012 16:25:08
745823,PA.2012.REP,Republican nominee to win Pennsylvania,3,19.1,Oct/18/2012 16:25:09
745823,PA.2012.REP,Republican nominee to win Pennsylvania,20,14.5,Oct/18/2012 18:23:05
745823,PA.2012.REP,Republican nominee to win Pennsylvania,1,18.1,Oct/18/2012 19:08:09
745823,PA.2012.REP,Republican nominee to win Pennsylvania,4,18.1,Oct/18/2012 19:08:11
745823,PA.2012.REP,Republican nominee to win Pennsylvania,1,18.1,Oct/18/2012 19:08:12
745823,PA.2012.REP,Republican nominee to win Pennsylvania,1,18.1,Oct/18/2012 19:13:30
745823,PA.2012.REP,Republican nominee to win Pennsylvania,1,19.1,Oct/18/2012 19:43:52
745823,PA.2012.REP,Republican nominee to win Pennsylvania,27,19.6,Oct/18/2012 20:10:15
745823,PA.2012.REP,Republican nominee to win Pennsylvania,1,19.6,Oct/18/2012 20:10:15
745823,PA.2012.REP,Republican nominee to win Pennsylvania,22,19.7,Oct/18/2012 20:10:23
745823,PA.2012.REP,Republican nominee to win Pennsylvania,4,19.9,Oct/18/2012 21:44:00
745823,PA.2012.REP,Republican nominee to win Pennsylvania,5,20.5,Oct/18/2012 21:46:42
745823,PA.2012.REP,Republican nominee to win Pennsylvania,1,18.1,Oct/18/2012 21:56:14
745823,PA.2012.REP,Republican nominee to win Pennsylvania,1,18.1,Oct/18/2012 21:56:20
745823,PA.2012.REP,Republican nominee to win Pennsylvania,1,18.1,Oct/18/2012 22:02:41
745823,PA.2012.REP,Republican nominee to win Pennsylvania,5,20.8,Oct/18/2012 22:13:53
745823,PA.2012.REP,Republican nominee to win Pennsylvania,7,20.8,Oct/18/2012 22:36:11
745823,PA.2012.REP,Republican nominee to win Pennsylvania,5,20.9,Oct/18/2012 22:36:11
745823,PA.2012.REP,Republican nominee to win Pennsylvania,43,21.5,Oct/18/2012 22:36:11
745823,PA.2012.REP,Republican nominee to win Pennsylvania,1,21.1,Oct/18/2012 22:36:11
745823,PA.2012.REP,Republican nominee to win Pennsylvania,5,21.1,Oct/18/2012 23:03:11
745823,PA.2012.REP,Republican nominee to win Pennsylvania,7,21.5,Oct/18/2012 23:07:03
745823,PA.2012.REP,Republican nominee to win Pennsylvania,45,21.5,Oct/18/2012 23:07:03
745823,PA.2012.REP,Republican nominee to win Pennsylvania,20,21.7,Oct/18/2012 23:08:45
745823,PA.2012.REP,Republican nominee to win Pennsylvania,2,21.7,Oct/18/2012 23:21:08
745823,PA.2012.REP,Republican nominee to win Pennsylvania,1,21.7,Oct/18/2012 23:22:15
745823,PA.2012.REP,Republican nominee to win Pennsylvania,2,21.7,Oct/18/2012 23:22:47
745823,PA.2012.REP,Republican nominee to win Pennsylvania,25,21.7,Oct/18/2012 23:22:50
745823,PA.2012.REP,Republican nominee to win Pennsylvania,5,21.9,Oct/18/2012 23:37:23
745823,PA.2012.REP,Republican nominee to win Pennsylvania,5,22.5,Oct/18/2012 23:47:03
745823,PA.2012.REP,Republican nominee to win Pennsylvania,5,24.3,Oct/18/2012 23:48:16
745823,PA.2012.REP,Republican nominee to win Pennsylvania,1,24.4,Oct/19/2012 00:04:28
745823,PA.2012.REP,Republican nominee to win Pennsylvania,5,24.7,Oct/19/2012 00:04:43
745823,PA.2012.REP,Republican nominee to win Pennsylvania,15,24.8,Oct/19/2012 00:04:52
745823,PA.2012.REP,Republican nominee to win Pennsylvania,9,24.9,Oct/19/2012 00:05:07
745823,PA.2012.REP,Republican nominee to win Pennsylvania,1,24.8,Oct/19/2012 00:05:07
745823,PA.2012.REP,Republican nominee to win Pennsylvania,1,24.8,Oct/19/2012 00:05:15
745823,PA.2012.REP,Republican nominee to win Pennsylvania,1,24.9,Oct/19/2012 00:05:22
745823,PA.2012.REP,Republican nominee to win Pennsylvania,1,24.9,Oct/19/2012 00:05:22
745823,PA.2012.REP,Republican nominee to win Pennsylvania,1,24.9,Oct/19/2012 00:05:28
745823,PA.2012.REP,Republican nominee to win Pennsylvania,19,25.0,Oct/19/2012 00:05:40
745823,PA.2012.REP,Republican nominee to win Pennsylvania,1,24.9,Oct/19/2012 00:05:40
745823,PA.2012.REP,Republican nominee to win Pennsylvania,1,25.0,Oct/19/2012 00:07:00
745823,PA.2012.REP,Republican nominee to win Pennsylvania,3,29.7,Oct/19/2012 00:07:00
745823,PA.2012.REP,Republican nominee to win Pennsylvania,1,24.9,Oct/19/2012 00:07:00
745823,PA.2012.REP,Republican nominee to win Pennsylvania,1,24.9,Oct/19/2012 00:13:36
745823,PA.2012.REP,Republican nominee to win Pennsylvania,4,24.9,Oct/19/2012 00:13:36
745823,PA.2012.REP,Republican nominee to win Pennsylvania,1,22.5,Oct/19/2012 01:03:09
745823,PA.2012.REP,Republican nominee to win Pennsylvania,1,22.6,Oct/19/2012 01:46:02
745823,PA.2012.REP,Republican nominee to win Pennsylvania,1,22.5,Oct/19/2012 01:46:13
745823,PA.2012.REP,Republican nominee to win Pennsylvania,3,22.5,Oct/19/2012 01:58:23
745823,PA.2012.REP,Republican nominee to win Pennsylvania,7,22.5,Oct/19/2012 02:22:54
745823,PA.2012.REP,Republican nominee to win Pennsylvania,2,24.8,Oct/19/2012 02:24:52
745823,PA.2012.REP,Republican nominee to win Pennsylvania,11,24.8,Oct/19/2012 02:24:52
745823,PA.2012.REP,Republican nominee to win Pennsylvania,1,24.9,Oct/19/2012 02:24:52
745823,PA.2012.REP,Republican nominee to win Pennsylvania,5,24.7,Oct/19/2012 02:24:52
745823,PA.2012.REP,Republican nominee to win Pennsylvania,25,25.0,Oct/19/2012 02:24:53
745823,PA.2012.REP,Republican nominee to win Pennsylvania,1,25.0,Oct/19/2012 02:24:53
745823,PA.2012.REP,Republican nominee to win Pennsylvania,1,25.1,Oct/19/2012 02:26:16
745823,PA.2012.REP,Republican nominee to win Pennsylvania,5,25.0,Oct/19/2012 02:26:19
745823,PA.2012.REP,Republican nominee to win Pennsylvania,26,25.0,Oct/19/2012 02:28:04
745823,PA.2012.REP,Republican nominee to win Pennsylvania,24,25.0,Oct/19/2012 02:28:32
745823,PA.2012.REP,Republican nominee to win Pennsylvania,1,25.0,Oct/19/2012 02:29:31
745823,PA.2012.REP,Republican nominee to win Pennsylvania,5,25.0,Oct/19/2012 02:29:31
745823,PA.2012.REP,Republican nominee to win Pennsylvania,1,25.1,Oct/19/2012 02:32:20
745823,PA.2012.REP,Republican nominee to win Pennsylvania,1,25.0,Oct/19/2012 02:37:44
745823,PA.2012.REP,Republican nominee to win Pennsylvania,9,25.0,Oct/19/2012 02:38:24
745823,PA.2012.REP,Republican nominee to win Pennsylvania,1,25.1,Oct/19/2012 02:43:04
745823,PA.2012.REP,Republican nominee to win Pennsylvania,1,25.1,Oct/19/2012 02:43:05
745823,PA.2012.REP,Republican nominee to win Pennsylvania,1,25.1,Oct/19/2012 02:43:06
745823,PA.2012.REP,Republican nominee to win Pennsylvania,5,25.1,Oct/19/2012 02:43:06
745823,PA.2012.REP,Republican nominee to win Pennsylvania,1,25.1,Oct/19/2012 02:43:42
745823,PA.2012.REP,Republican nominee to win Pennsylvania,1,25.0,Oct/19/2012 03:33:04
745823,PA.2012.REP,Republican nominee to win Pennsylvania,1,25.6,Oct/19/2012 04:14:15
745823,PA.2012.REP,Republican nominee to win Pennsylvania,1,25.6,Oct/19/2012 04:14:28
745823,PA.2012.REP,Republican nominee to win Pennsylvania,22,25.0,Oct/19/2012 04:28:43
745823,PA.2012.REP,Republican nominee to win Pennsylvania,1,25.0,Oct/19/2012 04:30:18
745823,PA.2012.REP,Republican nominee to win Pennsylvania,5,25.0,Oct/19/2012 04:30:33
745823,PA.2012.REP,Republican nominee to win Pennsylvania,3,22.5,Oct/19/2012 04:31:10
745823,PA.2012.REP,Republican nominee to win Pennsylvania,15,22.0,Oct/19/2012 04:31:39
745823,PA.2012.REP,Republican nominee to win Pennsylvania,1,19.5,Oct/19/2012 04:32:03
745823,PA.2012.REP,Republican nominee to win Pennsylvania,1,19.5,Oct/19/2012 04:32:14
745823,PA.2012.REP,Republican nominee to win Pennsylvania,19,18.8,Oct/19/2012 04:32:27
745823,PA.2012.REP,Republican nominee to win Pennsylvania,1,19.5,Oct/19/2012 04:32:27
745823,PA.2012.REP,Republican nominee to win Pennsylvania,1,19.5,Oct/19/2012 04:32:46
745823,PA.2012.REP,Republican nominee to win Pennsylvania,1,19.5,Oct/19/2012 04:32:58
745823,PA.2012.REP,Republican nominee to win Pennsylvania,1,19.5,Oct/19/2012 04:33:04
745823,PA.2012.REP,Republican nominee to win Pennsylvania,1,19.5,Oct/19/2012 04:33:09
745823,PA.2012.REP,Republican nominee to win Pennsylvania,1,19.5,Oct/19/2012 04:33:26
745823,PA.2012.REP,Republican nominee to win Pennsylvania,1,19.5,Oct/19/2012 04:33:34
745823,PA.2012.REP,Republican nominee to win Pennsylvania,1,19.5,Oct/19/2012 04:33:46
745823,PA.2012.REP,Republican nominee to win Pennsylvania,1,19.5,Oct/19/2012 04:34:12
745823,PA.2012.REP,Republican nominee to win Pennsylvania,1,18.8,Oct/19/2012 04:34:27
745823,PA.2012.REP,Republican nominee to win Pennsylvania,1,18.4,Oct/19/2012 04:34:33
745823,PA.2012.REP,Republican nominee to win Pennsylvania,4,18.1,Oct/19/2012 04:34:46
745823,PA.2012.REP,Republican nominee to win Pennsylvania,1,18.4,Oct/19/2012 04:34:46
745823,PA.2012.REP,Republican nominee to win Pennsylvania,1,18.4,Oct/19/2012 04:34:58
745823,PA.2012.REP,Republican nominee to win Pennsylvania,1,19.5,Oct/19/2012 04:35:00
745823,PA.2012.REP,Republican nominee to win Pennsylvania,1,18.4,Oct/19/2012 04:35:03
745823,PA.2012.REP,Republican nominee to win Pennsylvania,1,18.4,Oct/19/2012 04:35:06
745823,PA.2012.REP,Republican nominee to win Pennsylvania,1,25.6,Oct/19/2012 04:43:01
745823,PA.2012.REP,Republican nominee to win Pennsylvania,4,19.3,Oct/19/2012 05:57:43
745823,PA.2012.REP,Republican nominee to win Pennsylvania,40,19.3,Oct/19/2012 11:32:26
745823,PA.2012.REP,Republican nominee to win Pennsylvania,50,23.6,Oct/19/2012 15:26:30
745823,PA.2012.REP,Republican nominee to win Pennsylvania,1,21.0,Oct/19/2012 15:48:14
745823,PA.2012.REP,Republican nominee to win Pennsylvania,1,21.0,Oct/19/2012 15:48:20
745823,PA.2012.REP,Republican nominee to win Pennsylvania,1,21.0,Oct/19/2012 15:48:28
745823,PA.2012.REP,Republican nominee to win Pennsylvania,1,21.0,Oct/19/2012 15:49:08
745823,PA.2012.REP,Republican nominee to win Pennsylvania,1,21.0,Oct/19/2012 15:49:14
745823,PA.2012.REP,Republican nominee to win Pennsylvania,1,21.0,Oct/19/2012 15:55:23
745823,PA.2012.REP,Republican nominee to win Pennsylvania,1,22.5,Oct/19/2012 21:09:05
745823,PA.2012.REP,Republican nominee to win Pennsylvania,1,22.5,Oct/19/2012 21:09:34
745823,PA.2012.REP,Republican nominee to win Pennsylvania,1,22.5,Oct/19/2012 21:09:55
745823,PA.2012.REP,Republican nominee to win Pennsylvania,1,22.5,Oct/19/2012 21:10:10
745823,PA.2012.REP,Republican nominee to win Pennsylvania,1,22.5,Oct/19/2012 21:10:25
745823,PA.2012.REP,Republican nominee to win Pennsylvania,1,22.5,Oct/19/2012 21:11:19
745823,PA.2012.REP,Republican nominee to win Pennsylvania,1,22.5,Oct/19/2012 21:12:43
745823,PA.2012.REP,Republican nominee to win Pennsylvania,1,22.5,Oct/19/2012 21:39:35
745823,PA.2012.REP,Republican nominee to win Pennsylvania,1,22.5,Oct/19/2012 21:39:50
745823,PA.2012.REP,Republican nominee to win Pennsylvania,1,22.5,Oct/19/2012 21:39:56
745823,PA.2012.REP,Republican nominee to win Pennsylvania,43,22.5,Oct/19/2012 21:42:30
745823,PA.2012.REP,Republican nominee to win Pennsylvania,1,22.6,Oct/19/2012 22:33:39
745823,PA.2012.REP,Republican nominee to win Pennsylvania,1,22.6,Oct/19/2012 22:33:53
745823,PA.2012.REP,Republican nominee to win Pennsylvania,1,22.6,Oct/19/2012 22:34:52
745823,PA.2012.REP,Republican nominee to win Pennsylvania,1,22.6,Oct/19/2012 22:35:51
745823,PA.2012.REP,Republican nominee to win Pennsylvania,1,22.6,Oct/19/2012 22:36:31
745823,PA.2012.REP,Republican nominee to win Pennsylvania,1,22.6,Oct/19/2012 22:36:46
745823,PA.2012.REP,Republican nominee to win Pennsylvania,1,22.6,Oct/19/2012 22:38:13
745823,PA.2012.REP,Republican nominee to win Pennsylvania,1,22.6,Oct/19/2012 22:38:42
745823,PA.2012.REP,Republican nominee to win Pennsylvania,1,22.6,Oct/19/2012 22:38:53
745823,PA.2012.REP,Republican nominee to win Pennsylvania,1,22.6,Oct/19/2012 22:39:23
745823,PA.2012.REP,Republican nominee to win Pennsylvania,1,22.6,Oct/19/2012 22:40:00
745823,PA.2012.REP,Republican nominee to win Pennsylvania,1,22.6,Oct/19/2012 22:40:10
745823,PA.2012.REP,Republican nominee to win Pennsylvania,1,22.6,Oct/19/2012 22:41:15
745823,PA.2012.REP,Republican nominee to win Pennsylvania,1,22.6,Oct/19/2012 22:41:37
745823,PA.2012.REP,Republican nominee to win Pennsylvania,1,22.6,Oct/19/2012 22:42:00
745823,PA.2012.REP,Republican nominee to win Pennsylvania,1,22.6,Oct/19/2012 22:42:25
745823,PA.2012.REP,Republican nominee to win Pennsylvania,1,22.6,Oct/19/2012 22:42:46
745823,PA.2012.REP,Republican nominee to win Pennsylvania,1,22.6,Oct/19/2012 22:43:09
745823,PA.2012.REP,Republican nominee to win Pennsylvania,1,22.6,Oct/19/2012 22:43:20
745823,PA.2012.REP,Republican nominee to win Pennsylvania,1,22.6,Oct/19/2012 22:43:29
745823,PA.2012.REP,Republican nominee to win Pennsylvania,1,22.6,Oct/19/2012 22:43:51
745823,PA.2012.REP,Republican nominee to win Pennsylvania,1,22.6,Oct/19/2012 22:43:55
745823,PA.2012.REP,Republican nominee to win Pennsylvania,1,22.6,Oct/19/2012 22:44:00
745823,PA.2012.REP,Republican nominee to win Pennsylvania,1,22.6,Oct/19/2012 22:44:04
745823,PA.2012.REP,Republican nominee to win Pennsylvania,1,22.6,Oct/19/2012 22:44:25
745823,PA.2012.REP,Republican nominee to win Pennsylvania,1,22.6,Oct/19/2012 22:44:30
745823,PA.2012.REP,Republican nominee to win Pennsylvania,1,22.6,Oct/19/2012 22:44:54
745823,PA.2012.REP,Republican nominee to win Pennsylvania,1,22.6,Oct/19/2012 22:45:15
745823,PA.2012.REP,Republican nominee to win Pennsylvania,1,22.6,Oct/19/2012 22:45:36
745823,PA.2012.REP,Republican nominee to win Pennsylvania,1,22.6,Oct/19/2012 22:46:27
745823,PA.2012.REP,Republican nominee to win Pennsylvania,1,22.6,Oct/19/2012 22:46:57
745823,PA.2012.REP,Republican nominee to win Pennsylvania,1,22.6,Oct/19/2012 22:47:18
745823,PA.2012.REP,Republican nominee to win Pennsylvania,1,22.6,Oct/19/2012 22:47:41
745823,PA.2012.REP,Republican nominee to win Pennsylvania,1,22.6,Oct/19/2012 22:48:02
745823,PA.2012.REP,Republican nominee to win Pennsylvania,1,22.6,Oct/19/2012 22:48:28
745823,PA.2012.REP,Republican nominee to win Pennsylvania,1,22.6,Oct/19/2012 22:49:08
745823,PA.2012.REP,Republican nominee to win Pennsylvania,1,22.6,Oct/19/2012 22:49:36
745823,PA.2012.REP,Republican nominee to win Pennsylvania,1,22.6,Oct/19/2012 22:49:54
745823,PA.2012.REP,Republican nominee to win Pennsylvania,1,22.6,Oct/19/2012 22:50:31
745823,PA.2012.REP,Republican nominee to win Pennsylvania,1,22.6,Oct/19/2012 22:51:38
745823,PA.2012.REP,Republican nominee to win Pennsylvania,1,22.6,Oct/19/2012 22:52:59
745823,PA.2012.REP,Republican nominee to win Pennsylvania,1,22.6,Oct/19/2012 22:53:32
745823,PA.2012.REP,Republican nominee to win Pennsylvania,1,22.6,Oct/19/2012 22:53:44
745823,PA.2012.REP,Republican nominee to win Pennsylvania,1,22.6,Oct/19/2012 22:54:19
745823,PA.2012.REP,Republican nominee to win Pennsylvania,1,22.6,Oct/19/2012 22:54:33
745823,PA.2012.REP,Republican nominee to win Pennsylvania,1,22.6,Oct/19/2012 22:54:47
745823,PA.2012.REP,Republican nominee to win Pennsylvania,1,22.6,Oct/19/2012 22:54:58
745823,PA.2012.REP,Republican nominee to win Pennsylvania,1,22.6,Oct/19/2012 22:55:06
745823,PA.2012.REP,Republican nominee to win Pennsylvania,1,22.6,Oct/19/2012 22:55:27
745823,PA.2012.REP,Republican nominee to win Pennsylvania,1,22.6,Oct/19/2012 22:55:53
745823,PA.2012.REP,Republican nominee to win Pennsylvania,1,22.6,Oct/19/2012 22:56:15
745823,PA.2012.REP,Republican nominee to win Pennsylvania,1,22.6,Oct/19/2012 22:56:37
745823,PA.2012.REP,Republican nominee to win Pennsylvania,1,22.6,Oct/19/2012 22:56:47
745823,PA.2012.REP,Republican nominee to win Pennsylvania,1,22.6,Oct/19/2012 22:56:59
745823,PA.2012.REP,Republican nominee to win Pennsylvania,1,22.6,Oct/19/2012 22:57:20
745823,PA.2012.REP,Republican nominee to win Pennsylvania,1,22.6,Oct/19/2012 22:57:27
745823,PA.2012.REP,Republican nominee to win Pennsylvania,1,22.6,Oct/19/2012 22:57:35
745823,PA.2012.REP,Republican nominee to win Pennsylvania,1,22.6,Oct/19/2012 22:57:42
745823,PA.2012.REP,Republican nominee to win Pennsylvania,1,22.6,Oct/19/2012 22:57:48
745823,PA.2012.REP,Republican nominee to win Pennsylvania,1,22.6,Oct/19/2012 22:57:56
745823,PA.2012.REP,Republican nominee to win Pennsylvania,1,22.6,Oct/19/2012 22:58:18
745823,PA.2012.REP,Republican nominee to win Pennsylvania,1,22.6,Oct/19/2012 22:58:39
745823,PA.2012.REP,Republican nominee to win Pennsylvania,1,22.6,Oct/19/2012 22:59:00
745823,PA.2012.REP,Republican nominee to win Pennsylvania,1,22.6,Oct/19/2012 22:59:06
745823,PA.2012.REP,Republican nominee to win Pennsylvania,1,22.6,Oct/19/2012 22:59:12
745823,PA.2012.REP,Republican nominee to win Pennsylvania,1,22.6,Oct/19/2012 22:59:33
745823,PA.2012.REP,Republican nominee to win Pennsylvania,1,22.6,Oct/19/2012 22:59:54
745823,PA.2012.REP,Republican nominee to win Pennsylvania,1,22.6,Oct/19/2012 23:00:16
745823,PA.2012.REP,Republican nominee to win Pennsylvania,1,22.6,Oct/19/2012 23:00:47
745823,PA.2012.REP,Republican nominee to win Pennsylvania,1,22.6,Oct/19/2012 23:00:56
745823,PA.2012.REP,Republican nominee to win Pennsylvania,1,22.6,Oct/19/2012 23:01:04
745823,PA.2012.REP,Republican nominee to win Pennsylvania,1,22.6,Oct/19/2012 23:01:26
745823,PA.2012.REP,Republican nominee to win Pennsylvania,1,22.6,Oct/19/2012 23:01:34
745823,PA.2012.REP,Republican nominee to win Pennsylvania,1,22.6,Oct/19/2012 23:01:41
745823,PA.2012.REP,Republican nominee to win Pennsylvania,1,22.6,Oct/19/2012 23:01:49
745823,PA.2012.REP,Republican nominee to win Pennsylvania,1,22.6,Oct/19/2012 23:01:58
745823,PA.2012.REP,Republican nominee to win Pennsylvania,1,22.6,Oct/19/2012 23:02:04
745823,PA.2012.REP,Republican nominee to win Pennsylvania,1,22.6,Oct/19/2012 23:02:10
745823,PA.2012.REP,Republican nominee to win Pennsylvania,1,22.6,Oct/19/2012 23:02:15
745823,PA.2012.REP,Republican nominee to win Pennsylvania,1,22.6,Oct/19/2012 23:02:38
745823,PA.2012.REP,Republican nominee to win Pennsylvania,1,23.0,Oct/19/2012 23:55:22
745823,PA.2012.REP,Republican nominee to win Pennsylvania,10,22.9,Oct/20/2012 00:35:09
745823,PA.2012.REP,Republican nominee to win Pennsylvania,10,22.8,Oct/20/2012 00:35:19
745823,PA.2012.REP,Republican nominee to win Pennsylvania,3,23.5,Oct/20/2012 01:48:45
745823,PA.2012.REP,Republican nominee to win Pennsylvania,1,23.0,Oct/20/2012 01:48:45
745823,PA.2012.REP,Republican nominee to win Pennsylvania,1,23.0,Oct/20/2012 03:38:12
745823,PA.2012.REP,Republican nominee to win Pennsylvania,1,23.0,Oct/20/2012 05:20:39
745823,PA.2012.REP,Republican nominee to win Pennsylvania,1,24.2,Oct/20/2012 05:21:33
745823,PA.2012.REP,Republican nominee to win Pennsylvania,2,24.2,Oct/20/2012 08:27:39
745823,PA.2012.REP,Republican nominee to win Pennsylvania,10,24.3,Oct/20/2012 08:28:22
745823,PA.2012.REP,Republican nominee to win Pennsylvania,45,22.5,Oct/20/2012 10:06:12
745823,PA.2012.REP,Republican nominee to win Pennsylvania,1,22.7,Oct/20/2012 10:06:12
745823,PA.2012.REP,Republican nominee to win Pennsylvania,4,23.0,Oct/20/2012 10:06:12
745823,PA.2012.REP,Republican nominee to win Pennsylvania,1,24.4,Oct/20/2012 14:36:58
745823,PA.2012.REP,Republican nominee to win Pennsylvania,26,24.5,Oct/20/2012 14:55:11
745823,PA.2012.REP,Republican nominee to win Pennsylvania,2,24.8,Oct/20/2012 14:56:33
745823,PA.2012.REP,Republican nominee to win Pennsylvania,1,24.8,Oct/20/2012 14:56:33
745823,PA.2012.REP,Republican nominee to win Pennsylvania,1,24.6,Oct/20/2012 14:56:33
745823,PA.2012.REP,Republican nominee to win Pennsylvania,1,24.6,Oct/20/2012 15:03:39
745823,PA.2012.REP,Republican nominee to win Pennsylvania,1,24.6,Oct/20/2012 15:03:50
745823,PA.2012.REP,Republican nominee to win Pennsylvania,1,22.5,Oct/20/2012 16:59:50
745823,PA.2012.REP,Republican nominee to win Pennsylvania,2,25.3,Oct/20/2012 17:14:43
745823,PA.2012.REP,Republican nominee to win Pennsylvania,1,25.0,Oct/20/2012 17:14:43
745823,PA.2012.REP,Republican nominee to win Pennsylvania,1,25.3,Oct/20/2012 17:14:44
745823,PA.2012.REP,Republican nominee to win Pennsylvania,1,25.3,Oct/20/2012 17:14:46
745823,PA.2012.REP,Republican nominee to win Pennsylvania,1,25.1,Oct/20/2012 20:00:27
745823,PA.2012.REP,Republican nominee to win Pennsylvania,1,22.6,Oct/20/2012 22:17:13
745823,PA.2012.REP,Republican nominee to win Pennsylvania,1,22.5,Oct/20/2012 23:05:56
745823,PA.2012.REP,Republican nominee to win Pennsylvania,1,27.5,Oct/21/2012 16:17:35
745823,PA.2012.REP,Republican nominee to win Pennsylvania,1,27.0,Oct/21/2012 16:17:35
745823,PA.2012.REP,Republican nominee to win Pennsylvania,1,26.0,Oct/21/2012 16:17:35
745823,PA.2012.REP,Republican nominee to win Pennsylvania,1,25.1,Oct/21/2012 16:17:35
745823,PA.2012.REP,Republican nominee to win Pennsylvania,1,25.1,Oct/21/2012 17:15:40
745823,PA.2012.REP,Republican nominee to win Pennsylvania,1,27.0,Oct/21/2012 18:29:19
745823,PA.2012.REP,Republican nominee to win Pennsylvania,6,26.6,Oct/21/2012 18:29:19
745823,PA.2012.REP,Republican nominee to win Pennsylvania,1,26.5,Oct/21/2012 18:29:19
745823,PA.2012.REP,Republican nominee to win Pennsylvania,1,26.9,Oct/21/2012 18:55:53
745823,PA.2012.REP,Republican nominee to win Pennsylvania,5,26.9,Oct/21/2012 20:37:35
745823,PA.2012.REP,Republican nominee to win Pennsylvania,1,25.6,Oct/21/2012 20:39:11
745823,PA.2012.REP,Republican nominee to win Pennsylvania,14,22.0,Oct/21/2012 21:36:18
745823,PA.2012.REP,Republican nominee to win Pennsylvania,10,22.0,Oct/21/2012 21:36:18
745823,PA.2012.REP,Republican nominee to win Pennsylvania,1,22.1,Oct/21/2012 21:36:18
745823,PA.2012.REP,Republican nominee to win Pennsylvania,10,22.2,Oct/21/2012 21:36:18
745823,PA.2012.REP,Republican nominee to win Pennsylvania,5,20.0,Oct/22/2012 00:47:46
745823,PA.2012.REP,Republican nominee to win Pennsylvania,3,20.5,Oct/22/2012 00:47:46
745823,PA.2012.REP,Republican nominee to win Pennsylvania,15,20.5,Oct/22/2012 00:47:46
745823,PA.2012.REP,Republican nominee to win Pennsylvania,10,19.6,Oct/22/2012 00:56:07
745823,PA.2012.REP,Republican nominee to win Pennsylvania,20,19.5,Oct/22/2012 00:56:46
745823,PA.2012.REP,Republican nominee to win Pennsylvania,5,19.5,Oct/22/2012 01:27:32
745823,PA.2012.REP,Republican nominee to win Pennsylvania,1,24.4,Oct/22/2012 13:25:28
745823,PA.2012.REP,Republican nominee to win Pennsylvania,1,24.4,Oct/22/2012 13:26:22
745823,PA.2012.REP,Republican nominee to win Pennsylvania,1,20.0,Oct/22/2012 13:26:55
745823,PA.2012.REP,Republican nominee to win Pennsylvania,1,20.0,Oct/22/2012 13:27:03
745823,PA.2012.REP,Republican nominee to win Pennsylvania,1,20.0,Oct/22/2012 13:27:10
745823,PA.2012.REP,Republican nominee to win Pennsylvania,1,20.0,Oct/22/2012 13:27:15
745823,PA.2012.REP,Republican nominee to win Pennsylvania,1,20.0,Oct/22/2012 13:28:26
745823,PA.2012.REP,Republican nominee to win Pennsylvania,1,20.0,Oct/22/2012 13:28:27
745823,PA.2012.REP,Republican nominee to win Pennsylvania,1,20.0,Oct/22/2012 13:28:28
745823,PA.2012.REP,Republican nominee to win Pennsylvania,5,20.0,Oct/22/2012 13:28:28
745823,PA.2012.REP,Republican nominee to win Pennsylvania,40,24.5,Oct/22/2012 13:41:35
745823,PA.2012.REP,Republican nominee to win Pennsylvania,1,24.4,Oct/22/2012 14:16:52
745823,PA.2012.REP,Republican nominee to win Pennsylvania,1,24.3,Oct/22/2012 14:17:18
745823,PA.2012.REP,Republican nominee to win Pennsylvania,5,20.0,Oct/22/2012 14:17:38
745823,PA.2012.REP,Republican nominee to win Pennsylvania,49,19.5,Oct/22/2012 14:18:25
745823,PA.2012.REP,Republican nominee to win Pennsylvania,5,18.7,Oct/22/2012 14:37:23
745823,PA.2012.REP,Republican nominee to win Pennsylvania,45,18.7,Oct/22/2012 15:44:16
745823,PA.2012.REP,Republican nominee to win Pennsylvania,20,18.8,Oct/22/2012 15:44:16
745823,PA.2012.REP,Republican nominee to win Pennsylvania,1,18.9,Oct/22/2012 15:44:16
745823,PA.2012.REP,Republican nominee to win Pennsylvania,1,19.0,Oct/22/2012 15:44:16
745823,PA.2012.REP,Republican nominee to win Pennsylvania,5,22.5,Oct/22/2012 16:34:27
745823,PA.2012.REP,Republican nominee to win Pennsylvania,9,24.5,Oct/22/2012 16:34:49
745823,PA.2012.REP,Republican nominee to win Pennsylvania,6,25.0,Oct/22/2012 16:35:02
745823,PA.2012.REP,Republican nominee to win Pennsylvania,5,25.0,Oct/22/2012 16:36:18
745823,PA.2012.REP,Republican nominee to win Pennsylvania,1,24.1,Oct/22/2012 16:49:12
745823,PA.2012.REP,Republican nominee to win Pennsylvania,1,24.1,Oct/22/2012 17:14:38
745823,PA.2012.REP,Republican nominee to win Pennsylvania,2,25.0,Oct/22/2012 17:47:00
745823,PA.2012.REP,Republican nominee to win Pennsylvania,1,25.0,Oct/22/2012 17:47:00
745823,PA.2012.REP,Republican nominee to win Pennsylvania,1,25.0,Oct/22/2012 17:47:02
745823,PA.2012.REP,Republican nominee to win Pennsylvania,12,25.0,Oct/22/2012 17:47:03
745823,PA.2012.REP,Republican nominee to win Pennsylvania,1,25.0,Oct/22/2012 17:47:03
745823,PA.2012.REP,Republican nominee to win Pennsylvania,5,24.9,Oct/22/2012 17:52:05
745823,PA.2012.REP,Republican nominee to win Pennsylvania,3,24.8,Oct/22/2012 17:52:05
745823,PA.2012.REP,Republican nominee to win Pennsylvania,1,24.9,Oct/22/2012 17:52:33
745823,PA.2012.REP,Republican nominee to win Pennsylvania,4,24.9,Oct/22/2012 18:39:54
745823,PA.2012.REP,Republican nominee to win Pennsylvania,3,21.0,Oct/22/2012 19:15:13
745823,PA.2012.REP,Republican nominee to win Pennsylvania,2,21.0,Oct/22/2012 19:15:46
745823,PA.2012.REP,Republican nominee to win Pennsylvania,1,20.9,Oct/22/2012 19:16:05
745823,PA.2012.REP,Republican nominee to win Pennsylvania,2,20.9,Oct/22/2012 19:24:48
745823,PA.2012.REP,Republican nominee to win Pennsylvania,4,24.9,Oct/22/2012 19:46:11
745823,PA.2012.REP,Republican nominee to win Pennsylvania,2,24.5,Oct/22/2012 19:47:05
745823,PA.2012.REP,Republican nominee to win Pennsylvania,5,20.1,Oct/22/2012 19:49:37
745823,PA.2012.REP,Republican nominee to win Pennsylvania,1,25.0,Oct/22/2012 20:05:09
745823,PA.2012.REP,Republican nominee to win Pennsylvania,1,25.0,Oct/22/2012 20:05:09
745823,PA.2012.REP,Republican nominee to win Pennsylvania,1,25.0,Oct/22/2012 20:05:11
745823,PA.2012.REP,Republican nominee to win Pennsylvania,2,25.0,Oct/22/2012 20:05:11
745823,PA.2012.REP,Republican nominee to win Pennsylvania,1,25.0,Oct/22/2012 20:05:12
745823,PA.2012.REP,Republican nominee to win Pennsylvania,1,23.5,Oct/22/2012 20:26:41
745823,PA.2012.REP,Republican nominee to win Pennsylvania,1,22.7,Oct/22/2012 20:44:55
745823,PA.2012.REP,Republican nominee to win Pennsylvania,1,23.1,Oct/22/2012 20:45:06
745823,PA.2012.REP,Republican nominee to win Pennsylvania,2,24.1,Oct/22/2012 21:12:59
745823,PA.2012.REP,Republican nominee to win Pennsylvania,4,22.3,Oct/22/2012 22:21:22
745823,PA.2012.REP,Republican nominee to win Pennsylvania,9,22.2,Oct/22/2012 22:38:54
745823,PA.2012.REP,Republican nominee to win Pennsylvania,9,22.1,Oct/22/2012 22:39:44
745823,PA.2012.REP,Republican nominee to win Pennsylvania,9,22.1,Oct/22/2012 22:40:39
745823,PA.2012.REP,Republican nominee to win Pennsylvania,2,22.1,Oct/22/2012 22:40:40
745823,PA.2012.REP,Republican nominee to win Pennsylvania,13,20.0,Oct/23/2012 00:52:54
745823,PA.2012.REP,Republican nominee to win Pennsylvania,15,20.5,Oct/23/2012 00:52:54
745823,PA.2012.REP,Republican nominee to win Pennsylvania,10,21.0,Oct/23/2012 00:52:54
745823,PA.2012.REP,Republican nominee to win Pennsylvania,1,21.1,Oct/23/2012 00:52:54
745823,PA.2012.REP,Republican nominee to win Pennsylvania,30,22.1,Oct/23/2012 00:52:54
745823,PA.2012.REP,Republican nominee to win Pennsylvania,1,20.5,Oct/23/2012 00:52:54
745823,PA.2012.REP,Republican nominee to win Pennsylvania,11,20.0,Oct/23/2012 00:53:11
745823,PA.2012.REP,Republican nominee to win Pennsylvania,1,20.0,Oct/23/2012 01:56:19
745823,PA.2012.REP,Republican nominee to win Pennsylvania,1,18.1,Oct/23/2012 01:56:42
745823,PA.2012.REP,Republican nominee to win Pennsylvania,3,17.0,Oct/23/2012 01:57:10
745823,PA.2012.REP,Republican nominee to win Pennsylvania,5,20.0,Oct/23/2012 02:14:42
745823,PA.2012.REP,Republican nominee to win Pennsylvania,3,22.0,Oct/23/2012 03:15:33
745823,PA.2012.REP,Republican nominee to win Pennsylvania,4,23.9,Oct/23/2012 03:45:31
745823,PA.2012.REP,Republican nominee to win Pennsylvania,6,23.9,Oct/23/2012 03:45:31
745823,PA.2012.REP,Republican nominee to win Pennsylvania,5,24.0,Oct/23/2012 03:46:09
745823,PA.2012.REP,Republican nominee to win Pennsylvania,1,22.0,Oct/23/2012 04:08:28
745823,PA.2012.REP,Republican nominee to win Pennsylvania,6,18.0,Oct/23/2012 07:10:37
745823,PA.2012.REP,Republican nominee to win Pennsylvania,1,20.5,Oct/23/2012 14:36:21
745823,PA.2012.REP,Republican nominee to win Pennsylvania,11,20.5,Oct/23/2012 14:36:24
745823,PA.2012.REP,Republican nominee to win Pennsylvania,4,20.5,Oct/23/2012 15:15:09
745823,PA.2012.REP,Republican nominee to win Pennsylvania,4,20.5,Oct/23/2012 15:20:26
745823,PA.2012.REP,Republican nominee to win Pennsylvania,4,20.5,Oct/23/2012 15:21:27
745823,PA.2012.REP,Republican nominee to win Pennsylvania,8,21.0,Oct/23/2012 15:29:19
745823,PA.2012.REP,Republican nominee to win Pennsylvania,1,23.0,Oct/23/2012 15:49:50
745823,PA.2012.REP,Republican nominee to win Pennsylvania,25,25.0,Oct/23/2012 15:49:50
745823,PA.2012.REP,Republican nominee to win Pennsylvania,1,24.9,Oct/23/2012 15:49:50
745823,PA.2012.REP,Republican nominee to win Pennsylvania,10,24.9,Oct/23/2012 15:49:50
745823,PA.2012.REP,Republican nominee to win Pennsylvania,7,18.5,Oct/23/2012 16:01:14
745823,PA.2012.REP,Republican nominee to win Pennsylvania,1,18.5,Oct/23/2012 17:01:31
745823,PA.2012.REP,Republican nominee to win Pennsylvania,1,18.5,Oct/23/2012 17:01:49
745823,PA.2012.REP,Republican nominee to win Pennsylvania,1,18.5,Oct/23/2012 17:02:03
745823,PA.2012.REP,Republican nominee to win Pennsylvania,100,20.5,Oct/23/2012 18:17:48
745823,PA.2012.REP,Republican nominee to win Pennsylvania,2,20.5,Oct/23/2012 18:50:41
745823,PA.2012.REP,Republican nominee to win Pennsylvania,2,20.5,Oct/23/2012 18:51:40
745823,PA.2012.REP,Republican nominee to win Pennsylvania,2,20.5,Oct/23/2012 18:52:47
745823,PA.2012.REP,Republican nominee to win Pennsylvania,2,20.5,Oct/23/2012 18:54:09
745823,PA.2012.REP,Republican nominee to win Pennsylvania,2,20.5,Oct/23/2012 18:55:03
745823,PA.2012.REP,Republican nominee to win Pennsylvania,2,20.5,Oct/23/2012 19:35:16
745823,PA.2012.REP,Republican nominee to win Pennsylvania,2,20.5,Oct/23/2012 19:35:45
745823,PA.2012.REP,Republican nominee to win Pennsylvania,2,20.5,Oct/23/2012 19:35:59
745823,PA.2012.REP,Republican nominee to win Pennsylvania,2,20.5,Oct/23/2012 19:36:12
745823,PA.2012.REP,Republican nominee to win Pennsylvania,2,20.5,Oct/23/2012 19:36:28
745823,PA.2012.REP,Republican nominee to win Pennsylvania,2,20.5,Oct/23/2012 19:36:55
745823,PA.2012.REP,Republican nominee to win Pennsylvania,8,20.5,Oct/23/2012 19:36:56
745823,PA.2012.REP,Republican nominee to win Pennsylvania,5,20.5,Oct/23/2012 19:37:34
745823,PA.2012.REP,Republican nominee to win Pennsylvania,6,20.5,Oct/23/2012 19:37:44
745823,PA.2012.REP,Republican nominee to win Pennsylvania,1,20.5,Oct/23/2012 19:37:55
745823,PA.2012.REP,Republican nominee to win Pennsylvania,1,20.5,Oct/23/2012 20:18:22
745823,PA.2012.REP,Republican nominee to win Pennsylvania,1,20.5,Oct/23/2012 20:20:12
745823,PA.2012.REP,Republican nominee to win Pennsylvania,1,20.5,Oct/23/2012 20:20:51
745823,PA.2012.REP,Republican nominee to win Pennsylvania,1,20.5,Oct/23/2012 20:21:19
745823,PA.2012.REP,Republican nominee to win Pennsylvania,1,20.1,Oct/23/2012 20:24:54
745823,PA.2012.REP,Republican nominee to win Pennsylvania,25,20.5,Oct/23/2012 20:35:27
745823,PA.2012.REP,Republican nominee to win Pennsylvania,2,24.9,Oct/23/2012 20:37:18
745823,PA.2012.REP,Republican nominee to win Pennsylvania,2,24.9,Oct/23/2012 20:37:30
745823,PA.2012.REP,Republican nominee to win Pennsylvania,1,20.2,Oct/23/2012 20:44:42
745823,PA.2012.REP,Republican nominee to win Pennsylvania,1,24.9,Oct/23/2012 21:42:18
745823,PA.2012.REP,Republican nominee to win Pennsylvania,20,24.9,Oct/23/2012 21:50:06
745823,PA.2012.REP,Republican nominee to win Pennsylvania,25,24.9,Oct/23/2012 21:59:09
745823,PA.2012.REP,Republican nominee to win Pennsylvania,3,24.9,Oct/23/2012 21:59:09
745823,PA.2012.REP,Republican nominee to win Pennsylvania,3,25.9,Oct/23/2012 22:03:51
745823,PA.2012.REP,Republican nominee to win Pennsylvania,1,20.1,Oct/23/2012 22:05:04
745823,PA.2012.REP,Republican nominee to win Pennsylvania,1,20.1,Oct/23/2012 22:05:37
745823,PA.2012.REP,Republican nominee to win Pennsylvania,1,21.0,Oct/24/2012 00:43:41
745823,PA.2012.REP,Republican nominee to win Pennsylvania,1,21.0,Oct/24/2012 01:33:22
745823,PA.2012.REP,Republican nominee to win Pennsylvania,1,21.0,Oct/24/2012 01:33:39
745823,PA.2012.REP,Republican nominee to win Pennsylvania,4,22.5,Oct/24/2012 02:16:35
745823,PA.2012.REP,Republican nominee to win Pennsylvania,4,22.8,Oct/24/2012 02:16:42
745823,PA.2012.REP,Republican nominee to win Pennsylvania,1,23.4,Oct/24/2012 02:18:13
745823,PA.2012.REP,Republican nominee to win Pennsylvania,1,25.0,Oct/24/2012 03:04:37
745823,PA.2012.REP,Republican nominee to win Pennsylvania,1,25.0,Oct/24/2012 03:16:45
745823,PA.2012.REP,Republican nominee to win Pennsylvania,1,25.0,Oct/24/2012 03:43:26
745823,PA.2012.REP,Republican nominee to win Pennsylvania,15,25.0,Oct/24/2012 03:46:10
745823,PA.2012.REP,Republican nominee to win Pennsylvania,1,22.0,Oct/24/2012 03:54:25
745823,PA.2012.REP,Republican nominee to win Pennsylvania,13,22.0,Oct/24/2012 03:54:27
745823,PA.2012.REP,Republican nominee to win Pennsylvania,1,26.8,Oct/24/2012 04:08:35
745823,PA.2012.REP,Republican nominee to win Pennsylvania,4,26.9,Oct/24/2012 04:08:35
745823,PA.2012.REP,Republican nominee to win Pennsylvania,4,27.9,Oct/24/2012 04:08:35
745823,PA.2012.REP,Republican nominee to win Pennsylvania,5,28.9,Oct/24/2012 04:08:35
745823,PA.2012.REP,Republican nominee to win Pennsylvania,3,25.0,Oct/24/2012 04:08:35
745823,PA.2012.REP,Republican nominee to win Pennsylvania,1,26.8,Oct/24/2012 04:08:35
745823,PA.2012.REP,Republican nominee to win Pennsylvania,1,23.5,Oct/24/2012 12:02:34
745823,PA.2012.REP,Republican nominee to win Pennsylvania,1,23.5,Oct/24/2012 12:02:47
745823,PA.2012.REP,Republican nominee to win Pennsylvania,1,23.5,Oct/24/2012 12:03:10
745823,PA.2012.REP,Republican nominee to win Pennsylvania,1,23.5,Oct/24/2012 12:05:32
745823,PA.2012.REP,Republican nominee to win Pennsylvania,1,23.5,Oct/24/2012 12:05:45
745823,PA.2012.REP,Republican nominee to win Pennsylvania,5,26.0,Oct/24/2012 12:12:31
745823,PA.2012.REP,Republican nominee to win Pennsylvania,10,24.5,Oct/24/2012 14:03:13
745823,PA.2012.REP,Republican nominee to win Pennsylvania,1,24.6,Oct/24/2012 14:03:19
745823,PA.2012.REP,Republican nominee to win Pennsylvania,1,24.6,Oct/24/2012 14:23:13
745823,PA.2012.REP,Republican nominee to win Pennsylvania,1,24.6,Oct/24/2012 14:23:23
745823,PA.2012.REP,Republican nominee to win Pennsylvania,1,24.6,Oct/24/2012 14:23:36
745823,PA.2012.REP,Republican nominee to win Pennsylvania,46,25.0,Oct/24/2012 14:23:48
745823,PA.2012.REP,Republican nominee to win Pennsylvania,1,24.6,Oct/24/2012 14:23:48
745823,PA.2012.REP,Republican nominee to win Pennsylvania,20,22.7,Oct/24/2012 14:26:24
745823,PA.2012.REP,Republican nominee to win Pennsylvania,1,22.6,Oct/24/2012 14:42:57
745823,PA.2012.REP,Republican nominee to win Pennsylvania,1,22.6,Oct/24/2012 14:42:58
