market id,market symbol,market name,trade quantity,trade price,date/time [utc]
461629,LIBBY.EOT.PARDON,I.Lewis Libby to be pardoned by the end of President Bush's term in office,47,65.2,Mar/07/2007 17:47:22
461629,LIBBY.EOT.PARDON,I.Lewis Libby to be pardoned by the end of President Bush's term in office,47,65.0,Mar/07/2007 17:47:33
461629,LIBBY.EOT.PARDON,I.Lewis Libby to be pardoned by the end of President Bush's term in office,1,63.2,Mar/08/2007 13:48:43
461629,LIBBY.EOT.PARDON,I.Lewis Libby to be pardoned by the end of President Bush's term in office,89,63.2,Mar/08/2007 13:50:20
461629,LIBBY.EOT.PARDON,I.Lewis Libby to be pardoned by the end of President Bush's term in office,90,63.0,Mar/08/2007 13:50:33
461629,LIBBY.EOT.PARDON,I.Lewis Libby to be pardoned by the end of President Bush's term in office,1,63.2,Mar/08/2007 13:51:02
461629,LIBBY.EOT.PARDON,I.Lewis Libby to be pardoned by the end of President Bush's term in office,75,63.0,Mar/08/2007 18:38:35
461629,LIBBY.EOT.PARDON,I.Lewis Libby to be pardoned by the end of President Bush's term in office,75,62.0,Mar/08/2007 18:38:40
461629,LIBBY.EOT.PARDON,I.Lewis Libby to be pardoned by the end of President Bush's term in office,247,63.8,Mar/09/2007 09:24:47
461629,LIBBY.EOT.PARDON,I.Lewis Libby to be pardoned by the end of President Bush's term in office,247,63.5,Mar/09/2007 09:24:52
461629,LIBBY.EOT.PARDON,I.Lewis Libby to be pardoned by the end of President Bush's term in office,1,63.0,Mar/09/2007 13:11:58
461629,LIBBY.EOT.PARDON,I.Lewis Libby to be pardoned by the end of President Bush's term in office,3,63.0,Mar/09/2007 16:26:23
461629,LIBBY.EOT.PARDON,I.Lewis Libby to be pardoned by the end of President Bush's term in office,1,64.1,Mar/09/2007 18:24:35
461629,LIBBY.EOT.PARDON,I.Lewis Libby to be pardoned by the end of President Bush's term in office,1,63.4,Mar/11/2007 21:39:40
461629,LIBBY.EOT.PARDON,I.Lewis Libby to be pardoned by the end of President Bush's term in office,20,61.9,Mar/14/2007 02:26:56
461629,LIBBY.EOT.PARDON,I.Lewis Libby to be pardoned by the end of President Bush's term in office,1,63.4,Mar/14/2007 19:46:06
461629,LIBBY.EOT.PARDON,I.Lewis Libby to be pardoned by the end of President Bush's term in office,1,63.1,Mar/16/2007 00:37:41
461629,LIBBY.EOT.PARDON,I.Lewis Libby to be pardoned by the end of President Bush's term in office,1,63.2,Mar/16/2007 00:37:41
461629,LIBBY.EOT.PARDON,I.Lewis Libby to be pardoned by the end of President Bush's term in office,1,62.2,Mar/19/2007 13:53:43
461629,LIBBY.EOT.PARDON,I.Lewis Libby to be pardoned by the end of President Bush's term in office,1,62.3,Mar/19/2007 13:53:43
461629,LIBBY.EOT.PARDON,I.Lewis Libby to be pardoned by the end of President Bush's term in office,1,62.4,Mar/19/2007 13:53:43
461629,LIBBY.EOT.PARDON,I.Lewis Libby to be pardoned by the end of President Bush's term in office,1,62.5,Mar/19/2007 13:53:43
461629,LIBBY.EOT.PARDON,I.Lewis Libby to be pardoned by the end of President Bush's term in office,1,62.6,Mar/19/2007 13:53:43
461629,LIBBY.EOT.PARDON,I.Lewis Libby to be pardoned by the end of President Bush's term in office,1,62.7,Mar/19/2007 13:53:43
461629,LIBBY.EOT.PARDON,I.Lewis Libby to be pardoned by the end of President Bush's term in office,1,62.8,Mar/19/2007 13:53:43
461629,LIBBY.EOT.PARDON,I.Lewis Libby to be pardoned by the end of President Bush's term in office,1,62.9,Mar/19/2007 13:53:43
461629,LIBBY.EOT.PARDON,I.Lewis Libby to be pardoned by the end of President Bush's term in office,1,63.1,Mar/20/2007 01:31:19
461629,LIBBY.EOT.PARDON,I.Lewis Libby to be pardoned by the end of President Bush's term in office,1,63.0,Mar/20/2007 01:31:19
461629,LIBBY.EOT.PARDON,I.Lewis Libby to be pardoned by the end of President Bush's term in office,1,62.9,Mar/20/2007 01:31:19
461629,LIBBY.EOT.PARDON,I.Lewis Libby to be pardoned by the end of President Bush's term in office,1,62.8,Mar/20/2007 01:31:19
461629,LIBBY.EOT.PARDON,I.Lewis Libby to be pardoned by the end of President Bush's term in office,1,62.7,Mar/20/2007 01:31:19
461629,LIBBY.EOT.PARDON,I.Lewis Libby to be pardoned by the end of President Bush's term in office,1,62.6,Mar/20/2007 01:31:19
461629,LIBBY.EOT.PARDON,I.Lewis Libby to be pardoned by the end of President Bush's term in office,1,62.5,Mar/20/2007 01:31:19
461629,LIBBY.EOT.PARDON,I.Lewis Libby to be pardoned by the end of President Bush's term in office,1,63.2,Mar/20/2007 01:31:19
461629,LIBBY.EOT.PARDON,I.Lewis Libby to be pardoned by the end of President Bush's term in office,1,63.3,Mar/20/2007 01:31:19
461629,LIBBY.EOT.PARDON,I.Lewis Libby to be pardoned by the end of President Bush's term in office,1,63.4,Mar/20/2007 01:31:19
461629,LIBBY.EOT.PARDON,I.Lewis Libby to be pardoned by the end of President Bush's term in office,1,63.5,Mar/20/2007 01:31:19
461629,LIBBY.EOT.PARDON,I.Lewis Libby to be pardoned by the end of President Bush's term in office,1,63.6,Mar/20/2007 01:31:19
461629,LIBBY.EOT.PARDON,I.Lewis Libby to be pardoned by the end of President Bush's term in office,1,63.7,Mar/20/2007 01:31:19
461629,LIBBY.EOT.PARDON,I.Lewis Libby to be pardoned by the end of President Bush's term in office,1,63.8,Mar/20/2007 01:31:19
461629,LIBBY.EOT.PARDON,I.Lewis Libby to be pardoned by the end of President Bush's term in office,1,63.9,Mar/20/2007 01:31:19
461629,LIBBY.EOT.PARDON,I.Lewis Libby to be pardoned by the end of President Bush's term in office,3,63.0,Mar/20/2007 06:00:28
461629,LIBBY.EOT.PARDON,I.Lewis Libby to be pardoned by the end of President Bush's term in office,1,63.0,Mar/20/2007 19:55:14
461629,LIBBY.EOT.PARDON,I.Lewis Libby to be pardoned by the end of President Bush's term in office,1,62.9,Mar/22/2007 17:30:31
461629,LIBBY.EOT.PARDON,I.Lewis Libby to be pardoned by the end of President Bush's term in office,4,62.5,Mar/23/2007 14:27:40
461629,LIBBY.EOT.PARDON,I.Lewis Libby to be pardoned by the end of President Bush's term in office,4,62.0,Mar/23/2007 17:12:57
461629,LIBBY.EOT.PARDON,I.Lewis Libby to be pardoned by the end of President Bush's term in office,1,62.1,Mar/30/2007 02:35:51
461629,LIBBY.EOT.PARDON,I.Lewis Libby to be pardoned by the end of President Bush's term in office,1,62.1,Apr/02/2007 11:42:26
461629,LIBBY.EOT.PARDON,I.Lewis Libby to be pardoned by the end of President Bush's term in office,1,62.0,Apr/02/2007 11:42:26
461629,LIBBY.EOT.PARDON,I.Lewis Libby to be pardoned by the end of President Bush's term in office,1,61.9,Apr/02/2007 11:42:26
461629,LIBBY.EOT.PARDON,I.Lewis Libby to be pardoned by the end of President Bush's term in office,1,61.8,Apr/02/2007 11:42:26
461629,LIBBY.EOT.PARDON,I.Lewis Libby to be pardoned by the end of President Bush's term in office,1,61.7,Apr/02/2007 11:42:26
461629,LIBBY.EOT.PARDON,I.Lewis Libby to be pardoned by the end of President Bush's term in office,3,62.4,Apr/02/2007 11:43:20
461629,LIBBY.EOT.PARDON,I.Lewis Libby to be pardoned by the end of President Bush's term in office,1,62.2,Apr/02/2007 11:43:20
461629,LIBBY.EOT.PARDON,I.Lewis Libby to be pardoned by the end of President Bush's term in office,1,62.3,Apr/02/2007 11:43:20
461629,LIBBY.EOT.PARDON,I.Lewis Libby to be pardoned by the end of President Bush's term in office,1,61.0,Apr/17/2007 18:29:02
461629,LIBBY.EOT.PARDON,I.Lewis Libby to be pardoned by the end of President Bush's term in office,1,61.0,Apr/26/2007 00:23:58
461629,LIBBY.EOT.PARDON,I.Lewis Libby to be pardoned by the end of President Bush's term in office,1,61.0,Apr/30/2007 20:19:55
461629,LIBBY.EOT.PARDON,I.Lewis Libby to be pardoned by the end of President Bush's term in office,1,61.0,May/01/2007 20:38:07
461629,LIBBY.EOT.PARDON,I.Lewis Libby to be pardoned by the end of President Bush's term in office,1,61.1,May/13/2007 16:28:17
461629,LIBBY.EOT.PARDON,I.Lewis Libby to be pardoned by the end of President Bush's term in office,1,61.2,May/15/2007 04:18:01
461629,LIBBY.EOT.PARDON,I.Lewis Libby to be pardoned by the end of President Bush's term in office,1,62.0,May/15/2007 04:18:01
461629,LIBBY.EOT.PARDON,I.Lewis Libby to be pardoned by the end of President Bush's term in office,1,61.9,May/15/2007 04:18:01
461629,LIBBY.EOT.PARDON,I.Lewis Libby to be pardoned by the end of President Bush's term in office,1,61.8,May/15/2007 04:18:01
461629,LIBBY.EOT.PARDON,I.Lewis Libby to be pardoned by the end of President Bush's term in office,1,61.7,May/15/2007 04:18:01
461629,LIBBY.EOT.PARDON,I.Lewis Libby to be pardoned by the end of President Bush's term in office,1,61.5,May/15/2007 04:18:01
461629,LIBBY.EOT.PARDON,I.Lewis Libby to be pardoned by the end of President Bush's term in office,1,61.6,May/15/2007 04:18:01
461629,LIBBY.EOT.PARDON,I.Lewis Libby to be pardoned by the end of President Bush's term in office,1,61.4,May/15/2007 04:18:01
461629,LIBBY.EOT.PARDON,I.Lewis Libby to be pardoned by the end of President Bush's term in office,1,61.3,May/15/2007 04:18:01
461629,LIBBY.EOT.PARDON,I.Lewis Libby to be pardoned by the end of President Bush's term in office,1,62.8,May/15/2007 04:18:01
461629,LIBBY.EOT.PARDON,I.Lewis Libby to be pardoned by the end of President Bush's term in office,1,62.1,May/15/2007 04:18:01
461629,LIBBY.EOT.PARDON,I.Lewis Libby to be pardoned by the end of President Bush's term in office,1,62.2,May/15/2007 04:18:01
461629,LIBBY.EOT.PARDON,I.Lewis Libby to be pardoned by the end of President Bush's term in office,1,63.0,May/15/2007 04:18:01
461629,LIBBY.EOT.PARDON,I.Lewis Libby to be pardoned by the end of President Bush's term in office,1,62.9,May/15/2007 04:18:01
461629,LIBBY.EOT.PARDON,I.Lewis Libby to be pardoned by the end of President Bush's term in office,1,62.7,May/15/2007 04:18:01
461629,LIBBY.EOT.PARDON,I.Lewis Libby to be pardoned by the end of President Bush's term in office,1,62.6,May/15/2007 04:18:01
461629,LIBBY.EOT.PARDON,I.Lewis Libby to be pardoned by the end of President Bush's term in office,1,62.5,May/15/2007 04:18:01
461629,LIBBY.EOT.PARDON,I.Lewis Libby to be pardoned by the end of President Bush's term in office,1,62.3,May/15/2007 04:18:01
461629,LIBBY.EOT.PARDON,I.Lewis Libby to be pardoned by the end of President Bush's term in office,1,63.1,May/15/2007 04:18:31
461629,LIBBY.EOT.PARDON,I.Lewis Libby to be pardoned by the end of President Bush's term in office,1,63.2,May/15/2007 04:18:31
461629,LIBBY.EOT.PARDON,I.Lewis Libby to be pardoned by the end of President Bush's term in office,1,63.3,May/15/2007 04:18:31
461629,LIBBY.EOT.PARDON,I.Lewis Libby to be pardoned by the end of President Bush's term in office,1,63.4,May/15/2007 04:18:31
461629,LIBBY.EOT.PARDON,I.Lewis Libby to be pardoned by the end of President Bush's term in office,1,63.5,May/15/2007 04:18:31
461629,LIBBY.EOT.PARDON,I.Lewis Libby to be pardoned by the end of President Bush's term in office,6,61.0,May/18/2007 15:25:27
461629,LIBBY.EOT.PARDON,I.Lewis Libby to be pardoned by the end of President Bush's term in office,1,62.7,May/20/2007 01:34:05
461629,LIBBY.EOT.PARDON,I.Lewis Libby to be pardoned by the end of President Bush's term in office,25,61.9,May/21/2007 10:35:58
461629,LIBBY.EOT.PARDON,I.Lewis Libby to be pardoned by the end of President Bush's term in office,1,62.0,May/26/2007 11:10:53
461629,LIBBY.EOT.PARDON,I.Lewis Libby to be pardoned by the end of President Bush's term in office,1,62.1,May/26/2007 11:10:53
461629,LIBBY.EOT.PARDON,I.Lewis Libby to be pardoned by the end of President Bush's term in office,1,62.2,May/26/2007 11:10:53
461629,LIBBY.EOT.PARDON,I.Lewis Libby to be pardoned by the end of President Bush's term in office,1,62.3,May/26/2007 11:10:53
461629,LIBBY.EOT.PARDON,I.Lewis Libby to be pardoned by the end of President Bush's term in office,1,62.4,May/26/2007 11:10:53
461629,LIBBY.EOT.PARDON,I.Lewis Libby to be pardoned by the end of President Bush's term in office,1,61.0,May/30/2007 04:21:48
461629,LIBBY.EOT.PARDON,I.Lewis Libby to be pardoned by the end of President Bush's term in office,1,62.1,May/30/2007 07:01:33
461629,LIBBY.EOT.PARDON,I.Lewis Libby to be pardoned by the end of President Bush's term in office,1,62.2,May/30/2007 07:01:33
461629,LIBBY.EOT.PARDON,I.Lewis Libby to be pardoned by the end of President Bush's term in office,1,62.3,May/30/2007 07:01:33
461629,LIBBY.EOT.PARDON,I.Lewis Libby to be pardoned by the end of President Bush's term in office,1,62.4,May/30/2007 07:01:33
461629,LIBBY.EOT.PARDON,I.Lewis Libby to be pardoned by the end of President Bush's term in office,1,62.5,May/30/2007 07:01:33
461629,LIBBY.EOT.PARDON,I.Lewis Libby to be pardoned by the end of President Bush's term in office,1,62.8,May/30/2007 22:00:08
461629,LIBBY.EOT.PARDON,I.Lewis Libby to be pardoned by the end of President Bush's term in office,1,62.7,May/30/2007 22:00:08
461629,LIBBY.EOT.PARDON,I.Lewis Libby to be pardoned by the end of President Bush's term in office,1,62.6,May/30/2007 22:00:08
461629,LIBBY.EOT.PARDON,I.Lewis Libby to be pardoned by the end of President Bush's term in office,1,63.1,May/30/2007 22:00:38
461629,LIBBY.EOT.PARDON,I.Lewis Libby to be pardoned by the end of President Bush's term in office,1,63.0,Jun/01/2007 14:02:04
461629,LIBBY.EOT.PARDON,I.Lewis Libby to be pardoned by the end of President Bush's term in office,1,69.9,Jun/05/2007 18:24:34
461629,LIBBY.EOT.PARDON,I.Lewis Libby to be pardoned by the end of President Bush's term in office,4,70.0,Jun/05/2007 18:24:34
461629,LIBBY.EOT.PARDON,I.Lewis Libby to be pardoned by the end of President Bush's term in office,1,65.0,Jun/06/2007 19:37:21
461629,LIBBY.EOT.PARDON,I.Lewis Libby to be pardoned by the end of President Bush's term in office,18,65.0,Jun/06/2007 19:37:55
461629,LIBBY.EOT.PARDON,I.Lewis Libby to be pardoned by the end of President Bush's term in office,2,67.4,Jun/14/2007 17:39:15
461629,LIBBY.EOT.PARDON,I.Lewis Libby to be pardoned by the end of President Bush's term in office,19,80.0,Jun/14/2007 18:06:09
461629,LIBBY.EOT.PARDON,I.Lewis Libby to be pardoned by the end of President Bush's term in office,1,70.0,Jun/15/2007 19:22:51
461629,LIBBY.EOT.PARDON,I.Lewis Libby to be pardoned by the end of President Bush's term in office,5,70.0,Jun/19/2007 01:53:17
461629,LIBBY.EOT.PARDON,I.Lewis Libby to be pardoned by the end of President Bush's term in office,1,80.0,Jun/19/2007 12:26:05
461629,LIBBY.EOT.PARDON,I.Lewis Libby to be pardoned by the end of President Bush's term in office,3,71.0,Jun/24/2007 13:52:11
461629,LIBBY.EOT.PARDON,I.Lewis Libby to be pardoned by the end of President Bush's term in office,3,70.0,Jun/24/2007 13:52:11
461629,LIBBY.EOT.PARDON,I.Lewis Libby to be pardoned by the end of President Bush's term in office,4,72.0,Jun/24/2007 13:52:11
461629,LIBBY.EOT.PARDON,I.Lewis Libby to be pardoned by the end of President Bush's term in office,1,75.0,Jun/24/2007 20:44:27
461629,LIBBY.EOT.PARDON,I.Lewis Libby to be pardoned by the end of President Bush's term in office,1,77.0,Jun/28/2007 16:41:50
461629,LIBBY.EOT.PARDON,I.Lewis Libby to be pardoned by the end of President Bush's term in office,29,77.0,Jun/30/2007 00:29:52
461629,LIBBY.EOT.PARDON,I.Lewis Libby to be pardoned by the end of President Bush's term in office,20,65.0,Jun/30/2007 00:30:07
461629,LIBBY.EOT.PARDON,I.Lewis Libby to be pardoned by the end of President Bush's term in office,25,62.5,Jun/30/2007 00:30:25
461629,LIBBY.EOT.PARDON,I.Lewis Libby to be pardoned by the end of President Bush's term in office,2,60.1,Jun/30/2007 00:30:43
461629,LIBBY.EOT.PARDON,I.Lewis Libby to be pardoned by the end of President Bush's term in office,1,79.9,Jul/02/2007 21:52:27
461629,LIBBY.EOT.PARDON,I.Lewis Libby to be pardoned by the end of President Bush's term in office,1,80.0,Jul/02/2007 21:52:27
461629,LIBBY.EOT.PARDON,I.Lewis Libby to be pardoned by the end of President Bush's term in office,1,84.7,Jul/02/2007 21:52:27
461629,LIBBY.EOT.PARDON,I.Lewis Libby to be pardoned by the end of President Bush's term in office,1,84.8,Jul/02/2007 21:52:27
461629,LIBBY.EOT.PARDON,I.Lewis Libby to be pardoned by the end of President Bush's term in office,1,84.9,Jul/02/2007 21:52:27
461629,LIBBY.EOT.PARDON,I.Lewis Libby to be pardoned by the end of President Bush's term in office,1,85.0,Jul/02/2007 21:52:44
461629,LIBBY.EOT.PARDON,I.Lewis Libby to be pardoned by the end of President Bush's term in office,20,85.0,Jul/02/2007 21:52:44
461629,LIBBY.EOT.PARDON,I.Lewis Libby to be pardoned by the end of President Bush's term in office,1,92.0,Jul/02/2007 21:52:44
461629,LIBBY.EOT.PARDON,I.Lewis Libby to be pardoned by the end of President Bush's term in office,10,60.0,Jul/02/2007 21:56:40
461629,LIBBY.EOT.PARDON,I.Lewis Libby to be pardoned by the end of President Bush's term in office,10,60.0,Jul/02/2007 22:01:31
461629,LIBBY.EOT.PARDON,I.Lewis Libby to be pardoned by the end of President Bush's term in office,6,60.0,Jul/02/2007 22:02:42
461629,LIBBY.EOT.PARDON,I.Lewis Libby to be pardoned by the end of President Bush's term in office,22,60.0,Jul/02/2007 22:03:02
461629,LIBBY.EOT.PARDON,I.Lewis Libby to be pardoned by the end of President Bush's term in office,1,60.0,Jul/02/2007 22:03:24
461629,LIBBY.EOT.PARDON,I.Lewis Libby to be pardoned by the end of President Bush's term in office,20,65.0,Jul/02/2007 22:04:19
461629,LIBBY.EOT.PARDON,I.Lewis Libby to be pardoned by the end of President Bush's term in office,2,60.0,Jul/02/2007 22:05:51
461629,LIBBY.EOT.PARDON,I.Lewis Libby to be pardoned by the end of President Bush's term in office,15,60.0,Jul/02/2007 22:06:16
461629,LIBBY.EOT.PARDON,I.Lewis Libby to be pardoned by the end of President Bush's term in office,10,60.0,Jul/02/2007 22:06:29
461629,LIBBY.EOT.PARDON,I.Lewis Libby to be pardoned by the end of President Bush's term in office,1,40.0,Jul/02/2007 22:07:04
461629,LIBBY.EOT.PARDON,I.Lewis Libby to be pardoned by the end of President Bush's term in office,1,35.0,Jul/02/2007 22:07:16
461629,LIBBY.EOT.PARDON,I.Lewis Libby to be pardoned by the end of President Bush's term in office,1,30.0,Jul/02/2007 22:07:38
461629,LIBBY.EOT.PARDON,I.Lewis Libby to be pardoned by the end of President Bush's term in office,10,42.0,Jul/02/2007 22:19:03
461629,LIBBY.EOT.PARDON,I.Lewis Libby to be pardoned by the end of President Bush's term in office,1,43.0,Jul/02/2007 22:19:03
461629,LIBBY.EOT.PARDON,I.Lewis Libby to be pardoned by the end of President Bush's term in office,9,44.0,Jul/02/2007 22:19:03
461629,LIBBY.EOT.PARDON,I.Lewis Libby to be pardoned by the end of President Bush's term in office,1,40.0,Jul/02/2007 22:20:13
461629,LIBBY.EOT.PARDON,I.Lewis Libby to be pardoned by the end of President Bush's term in office,19,40.0,Jul/02/2007 22:20:43
461629,LIBBY.EOT.PARDON,I.Lewis Libby to be pardoned by the end of President Bush's term in office,3,31.0,Jul/02/2007 22:31:10
461629,LIBBY.EOT.PARDON,I.Lewis Libby to be pardoned by the end of President Bush's term in office,1,31.0,Jul/02/2007 22:35:41
461629,LIBBY.EOT.PARDON,I.Lewis Libby to be pardoned by the end of President Bush's term in office,1,39.0,Jul/02/2007 22:46:29
461629,LIBBY.EOT.PARDON,I.Lewis Libby to be pardoned by the end of President Bush's term in office,1,41.0,Jul/02/2007 22:46:29
461629,LIBBY.EOT.PARDON,I.Lewis Libby to be pardoned by the end of President Bush's term in office,1,43.0,Jul/02/2007 22:46:29
461629,LIBBY.EOT.PARDON,I.Lewis Libby to be pardoned by the end of President Bush's term in office,10,44.0,Jul/02/2007 22:46:29
461629,LIBBY.EOT.PARDON,I.Lewis Libby to be pardoned by the end of President Bush's term in office,1,37.0,Jul/02/2007 22:46:29
461629,LIBBY.EOT.PARDON,I.Lewis Libby to be pardoned by the end of President Bush's term in office,1,44.0,Jul/02/2007 22:46:58
461629,LIBBY.EOT.PARDON,I.Lewis Libby to be pardoned by the end of President Bush's term in office,1,44.0,Jul/02/2007 22:47:18
461629,LIBBY.EOT.PARDON,I.Lewis Libby to be pardoned by the end of President Bush's term in office,1,44.0,Jul/02/2007 22:47:36
461629,LIBBY.EOT.PARDON,I.Lewis Libby to be pardoned by the end of President Bush's term in office,36,44.0,Jul/02/2007 22:48:17
461629,LIBBY.EOT.PARDON,I.Lewis Libby to be pardoned by the end of President Bush's term in office,20,36.6,Jul/02/2007 23:09:56
461629,LIBBY.EOT.PARDON,I.Lewis Libby to be pardoned by the end of President Bush's term in office,1,43.0,Jul/02/2007 23:20:27
461629,LIBBY.EOT.PARDON,I.Lewis Libby to be pardoned by the end of President Bush's term in office,1,45.0,Jul/02/2007 23:21:26
461629,LIBBY.EOT.PARDON,I.Lewis Libby to be pardoned by the end of President Bush's term in office,10,36.0,Jul/02/2007 23:41:11
461629,LIBBY.EOT.PARDON,I.Lewis Libby to be pardoned by the end of President Bush's term in office,10,33.0,Jul/02/2007 23:41:11
461629,LIBBY.EOT.PARDON,I.Lewis Libby to be pardoned by the end of President Bush's term in office,20,30.0,Jul/02/2007 23:41:11
461629,LIBBY.EOT.PARDON,I.Lewis Libby to be pardoned by the end of President Bush's term in office,1,36.1,Jul/02/2007 23:41:11
461629,LIBBY.EOT.PARDON,I.Lewis Libby to be pardoned by the end of President Bush's term in office,10,31.0,Jul/02/2007 23:41:11
461629,LIBBY.EOT.PARDON,I.Lewis Libby to be pardoned by the end of President Bush's term in office,10,30.0,Jul/02/2007 23:41:11
461629,LIBBY.EOT.PARDON,I.Lewis Libby to be pardoned by the end of President Bush's term in office,1,30.0,Jul/02/2007 23:41:11
461629,LIBBY.EOT.PARDON,I.Lewis Libby to be pardoned by the end of President Bush's term in office,20,35.0,Jul/02/2007 23:41:11
461629,LIBBY.EOT.PARDON,I.Lewis Libby to be pardoned by the end of President Bush's term in office,4,33.0,Jul/03/2007 00:59:34
461629,LIBBY.EOT.PARDON,I.Lewis Libby to be pardoned by the end of President Bush's term in office,1,33.1,Jul/03/2007 00:59:34
461629,LIBBY.EOT.PARDON,I.Lewis Libby to be pardoned by the end of President Bush's term in office,5,33.0,Jul/03/2007 01:02:13
461629,LIBBY.EOT.PARDON,I.Lewis Libby to be pardoned by the end of President Bush's term in office,1,30.3,Jul/03/2007 01:05:06
461629,LIBBY.EOT.PARDON,I.Lewis Libby to be pardoned by the end of President Bush's term in office,1,33.0,Jul/03/2007 01:05:06
461629,LIBBY.EOT.PARDON,I.Lewis Libby to be pardoned by the end of President Bush's term in office,2,30.0,Jul/03/2007 01:05:06
461629,LIBBY.EOT.PARDON,I.Lewis Libby to be pardoned by the end of President Bush's term in office,3,30.0,Jul/03/2007 01:06:20
461629,LIBBY.EOT.PARDON,I.Lewis Libby to be pardoned by the end of President Bush's term in office,1,30.0,Jul/03/2007 01:07:22
461629,LIBBY.EOT.PARDON,I.Lewis Libby to be pardoned by the end of President Bush's term in office,1,40.5,Jul/03/2007 01:10:26
461629,LIBBY.EOT.PARDON,I.Lewis Libby to be pardoned by the end of President Bush's term in office,1,30.1,Jul/03/2007 01:11:16
461629,LIBBY.EOT.PARDON,I.Lewis Libby to be pardoned by the end of President Bush's term in office,3,30.1,Jul/03/2007 01:30:47
461629,LIBBY.EOT.PARDON,I.Lewis Libby to be pardoned by the end of President Bush's term in office,4,30.0,Jul/03/2007 01:31:17
461629,LIBBY.EOT.PARDON,I.Lewis Libby to be pardoned by the end of President Bush's term in office,3,28.0,Jul/03/2007 01:31:59
461629,LIBBY.EOT.PARDON,I.Lewis Libby to be pardoned by the end of President Bush's term in office,3,27.6,Jul/03/2007 01:32:22
461629,LIBBY.EOT.PARDON,I.Lewis Libby to be pardoned by the end of President Bush's term in office,2,27.6,Jul/03/2007 01:32:41
461629,LIBBY.EOT.PARDON,I.Lewis Libby to be pardoned by the end of President Bush's term in office,5,27.6,Jul/03/2007 01:32:41
461629,LIBBY.EOT.PARDON,I.Lewis Libby to be pardoned by the end of President Bush's term in office,3,27.6,Jul/03/2007 01:32:41
461629,LIBBY.EOT.PARDON,I.Lewis Libby to be pardoned by the end of President Bush's term in office,10,27.5,Jul/03/2007 02:35:48
461629,LIBBY.EOT.PARDON,I.Lewis Libby to be pardoned by the end of President Bush's term in office,2,26.0,Jul/03/2007 02:36:40
461629,LIBBY.EOT.PARDON,I.Lewis Libby to be pardoned by the end of President Bush's term in office,3,25.1,Jul/03/2007 02:40:21
461629,LIBBY.EOT.PARDON,I.Lewis Libby to be pardoned by the end of President Bush's term in office,20,25.0,Jul/03/2007 02:58:24
461629,LIBBY.EOT.PARDON,I.Lewis Libby to be pardoned by the end of President Bush's term in office,5,25.0,Jul/03/2007 02:58:24
461629,LIBBY.EOT.PARDON,I.Lewis Libby to be pardoned by the end of President Bush's term in office,1,25.0,Jul/03/2007 02:58:24
461629,LIBBY.EOT.PARDON,I.Lewis Libby to be pardoned by the end of President Bush's term in office,5,25.0,Jul/03/2007 02:58:24
461629,LIBBY.EOT.PARDON,I.Lewis Libby to be pardoned by the end of President Bush's term in office,10,25.0,Jul/03/2007 02:58:24
461629,LIBBY.EOT.PARDON,I.Lewis Libby to be pardoned by the end of President Bush's term in office,1,22.0,Jul/03/2007 03:38:05
461629,LIBBY.EOT.PARDON,I.Lewis Libby to be pardoned by the end of President Bush's term in office,4,22.0,Jul/03/2007 04:15:54
461629,LIBBY.EOT.PARDON,I.Lewis Libby to be pardoned by the end of President Bush's term in office,1,20.1,Jul/03/2007 11:40:45
461629,LIBBY.EOT.PARDON,I.Lewis Libby to be pardoned by the end of President Bush's term in office,1,20.0,Jul/03/2007 11:40:45
461629,LIBBY.EOT.PARDON,I.Lewis Libby to be pardoned by the end of President Bush's term in office,2,20.0,Jul/03/2007 11:42:57
461629,LIBBY.EOT.PARDON,I.Lewis Libby to be pardoned by the end of President Bush's term in office,4,20.0,Jul/03/2007 13:08:32
461629,LIBBY.EOT.PARDON,I.Lewis Libby to be pardoned by the end of President Bush's term in office,1,20.1,Jul/03/2007 15:25:53
461629,LIBBY.EOT.PARDON,I.Lewis Libby to be pardoned by the end of President Bush's term in office,5,20.0,Jul/03/2007 15:25:53
461629,LIBBY.EOT.PARDON,I.Lewis Libby to be pardoned by the end of President Bush's term in office,1,20.0,Jul/03/2007 15:33:28
461629,LIBBY.EOT.PARDON,I.Lewis Libby to be pardoned by the end of President Bush's term in office,3,20.0,Jul/03/2007 15:36:58
461629,LIBBY.EOT.PARDON,I.Lewis Libby to be pardoned by the end of President Bush's term in office,3,29.9,Jul/03/2007 16:51:31
461629,LIBBY.EOT.PARDON,I.Lewis Libby to be pardoned by the end of President Bush's term in office,1,30.0,Jul/03/2007 16:51:31
461629,LIBBY.EOT.PARDON,I.Lewis Libby to be pardoned by the end of President Bush's term in office,1,29.9,Jul/03/2007 17:43:24
461629,LIBBY.EOT.PARDON,I.Lewis Libby to be pardoned by the end of President Bush's term in office,1,29.9,Jul/03/2007 18:20:27
461629,LIBBY.EOT.PARDON,I.Lewis Libby to be pardoned by the end of President Bush's term in office,4,30.0,Jul/03/2007 18:20:34
461629,LIBBY.EOT.PARDON,I.Lewis Libby to be pardoned by the end of President Bush's term in office,3,30.0,Jul/03/2007 18:35:59
461629,LIBBY.EOT.PARDON,I.Lewis Libby to be pardoned by the end of President Bush's term in office,2,34.9,Jul/03/2007 18:40:40
461629,LIBBY.EOT.PARDON,I.Lewis Libby to be pardoned by the end of President Bush's term in office,15,35.0,Jul/03/2007 18:40:54
461629,LIBBY.EOT.PARDON,I.Lewis Libby to be pardoned by the end of President Bush's term in office,2,35.0,Jul/03/2007 18:45:17
461629,LIBBY.EOT.PARDON,I.Lewis Libby to be pardoned by the end of President Bush's term in office,2,35.0,Jul/03/2007 18:45:55
461629,LIBBY.EOT.PARDON,I.Lewis Libby to be pardoned by the end of President Bush's term in office,1,35.0,Jul/03/2007 18:47:00
461629,LIBBY.EOT.PARDON,I.Lewis Libby to be pardoned by the end of President Bush's term in office,1,39.0,Jul/03/2007 18:56:19
461629,LIBBY.EOT.PARDON,I.Lewis Libby to be pardoned by the end of President Bush's term in office,10,41.5,Jul/03/2007 18:57:14
461629,LIBBY.EOT.PARDON,I.Lewis Libby to be pardoned by the end of President Bush's term in office,10,42.0,Jul/03/2007 18:57:22
461629,LIBBY.EOT.PARDON,I.Lewis Libby to be pardoned by the end of President Bush's term in office,5,40.0,Jul/03/2007 19:44:35
461629,LIBBY.EOT.PARDON,I.Lewis Libby to be pardoned by the end of President Bush's term in office,23,35.0,Jul/03/2007 19:49:49
461629,LIBBY.EOT.PARDON,I.Lewis Libby to be pardoned by the end of President Bush's term in office,1,48.0,Jul/04/2007 19:14:54
461629,LIBBY.EOT.PARDON,I.Lewis Libby to be pardoned by the end of President Bush's term in office,1,49.9,Jul/05/2007 02:21:24
461629,LIBBY.EOT.PARDON,I.Lewis Libby to be pardoned by the end of President Bush's term in office,2,50.0,Jul/05/2007 02:21:24
461629,LIBBY.EOT.PARDON,I.Lewis Libby to be pardoned by the end of President Bush's term in office,1,55.0,Jul/05/2007 14:46:54
461629,LIBBY.EOT.PARDON,I.Lewis Libby to be pardoned by the end of President Bush's term in office,1,57.9,Jul/05/2007 14:46:54
461629,LIBBY.EOT.PARDON,I.Lewis Libby to be pardoned by the end of President Bush's term in office,3,58.0,Jul/05/2007 14:46:54
461629,LIBBY.EOT.PARDON,I.Lewis Libby to be pardoned by the end of President Bush's term in office,3,50.0,Jul/06/2007 13:13:31
461629,LIBBY.EOT.PARDON,I.Lewis Libby to be pardoned by the end of President Bush's term in office,1,50.0,Jul/06/2007 13:14:39
461629,LIBBY.EOT.PARDON,I.Lewis Libby to be pardoned by the end of President Bush's term in office,1,48.9,Jul/09/2007 00:04:58
461629,LIBBY.EOT.PARDON,I.Lewis Libby to be pardoned by the end of President Bush's term in office,1,49.9,Jul/09/2007 00:06:36
461629,LIBBY.EOT.PARDON,I.Lewis Libby to be pardoned by the end of President Bush's term in office,1,36.1,Jul/17/2007 14:05:49
461629,LIBBY.EOT.PARDON,I.Lewis Libby to be pardoned by the end of President Bush's term in office,1,35.1,Jul/17/2007 17:42:24
461629,LIBBY.EOT.PARDON,I.Lewis Libby to be pardoned by the end of President Bush's term in office,1,35.1,Jul/17/2007 18:28:30
461629,LIBBY.EOT.PARDON,I.Lewis Libby to be pardoned by the end of President Bush's term in office,1,35.1,Jul/18/2007 14:24:25
461629,LIBBY.EOT.PARDON,I.Lewis Libby to be pardoned by the end of President Bush's term in office,1,35.1,Jul/18/2007 14:24:25
461629,LIBBY.EOT.PARDON,I.Lewis Libby to be pardoned by the end of President Bush's term in office,1,35.1,Jul/18/2007 14:24:25
461629,LIBBY.EOT.PARDON,I.Lewis Libby to be pardoned by the end of President Bush's term in office,20,35.0,Jul/18/2007 14:24:25
461629,LIBBY.EOT.PARDON,I.Lewis Libby to be pardoned by the end of President Bush's term in office,2,35.0,Jul/18/2007 14:24:25
461629,LIBBY.EOT.PARDON,I.Lewis Libby to be pardoned by the end of President Bush's term in office,30,40.0,Jul/18/2007 14:50:14
461629,LIBBY.EOT.PARDON,I.Lewis Libby to be pardoned by the end of President Bush's term in office,30,40.0,Jul/18/2007 14:50:25
461629,LIBBY.EOT.PARDON,I.Lewis Libby to be pardoned by the end of President Bush's term in office,1,35.4,Jul/18/2007 21:27:04
461629,LIBBY.EOT.PARDON,I.Lewis Libby to be pardoned by the end of President Bush's term in office,1,35.5,Jul/19/2007 07:36:44
461629,LIBBY.EOT.PARDON,I.Lewis Libby to be pardoned by the end of President Bush's term in office,1,35.6,Jul/19/2007 07:36:44
461629,LIBBY.EOT.PARDON,I.Lewis Libby to be pardoned by the end of President Bush's term in office,1,35.7,Jul/19/2007 07:36:44
461629,LIBBY.EOT.PARDON,I.Lewis Libby to be pardoned by the end of President Bush's term in office,1,36.6,Jul/21/2007 15:00:42
461629,LIBBY.EOT.PARDON,I.Lewis Libby to be pardoned by the end of President Bush's term in office,1,36.5,Jul/21/2007 15:00:52
461629,LIBBY.EOT.PARDON,I.Lewis Libby to be pardoned by the end of President Bush's term in office,1,37.8,Jul/27/2007 19:56:01
461629,LIBBY.EOT.PARDON,I.Lewis Libby to be pardoned by the end of President Bush's term in office,1,43.0,Jul/30/2007 18:28:02
461629,LIBBY.EOT.PARDON,I.Lewis Libby to be pardoned by the end of President Bush's term in office,1,43.0,Jul/30/2007 20:09:18
461629,LIBBY.EOT.PARDON,I.Lewis Libby to be pardoned by the end of President Bush's term in office,1,43.0,Jul/31/2007 13:04:38
461629,LIBBY.EOT.PARDON,I.Lewis Libby to be pardoned by the end of President Bush's term in office,2,43.0,Jul/31/2007 13:51:10
461629,LIBBY.EOT.PARDON,I.Lewis Libby to be pardoned by the end of President Bush's term in office,1,40.3,Jul/31/2007 19:15:34
461629,LIBBY.EOT.PARDON,I.Lewis Libby to be pardoned by the end of President Bush's term in office,1,40.4,Jul/31/2007 22:31:33
461629,LIBBY.EOT.PARDON,I.Lewis Libby to be pardoned by the end of President Bush's term in office,1,40.5,Aug/01/2007 03:52:22
461629,LIBBY.EOT.PARDON,I.Lewis Libby to be pardoned by the end of President Bush's term in office,1,40.6,Aug/01/2007 20:07:28
461629,LIBBY.EOT.PARDON,I.Lewis Libby to be pardoned by the end of President Bush's term in office,2,55.0,Aug/02/2007 21:51:45
461629,LIBBY.EOT.PARDON,I.Lewis Libby to be pardoned by the end of President Bush's term in office,1,55.0,Aug/02/2007 21:51:45
461629,LIBBY.EOT.PARDON,I.Lewis Libby to be pardoned by the end of President Bush's term in office,1,49.9,Aug/04/2007 15:48:22
461629,LIBBY.EOT.PARDON,I.Lewis Libby to be pardoned by the end of President Bush's term in office,1,40.1,Aug/07/2007 12:47:17
461629,LIBBY.EOT.PARDON,I.Lewis Libby to be pardoned by the end of President Bush's term in office,1,49.9,Aug/14/2007 03:29:08
461629,LIBBY.EOT.PARDON,I.Lewis Libby to be pardoned by the end of President Bush's term in office,1,49.8,Aug/15/2007 00:49:44
461629,LIBBY.EOT.PARDON,I.Lewis Libby to be pardoned by the end of President Bush's term in office,1,47.4,Aug/22/2007 01:51:06
461629,LIBBY.EOT.PARDON,I.Lewis Libby to be pardoned by the end of President Bush's term in office,1,49.4,Aug/23/2007 02:31:10
461629,LIBBY.EOT.PARDON,I.Lewis Libby to be pardoned by the end of President Bush's term in office,2,45.0,Aug/23/2007 20:59:36
461629,LIBBY.EOT.PARDON,I.Lewis Libby to be pardoned by the end of President Bush's term in office,1,47.9,Sep/21/2007 19:07:22
461629,LIBBY.EOT.PARDON,I.Lewis Libby to be pardoned by the end of President Bush's term in office,1,47.4,Sep/21/2007 19:07:22
461629,LIBBY.EOT.PARDON,I.Lewis Libby to be pardoned by the end of President Bush's term in office,1,46.6,Sep/22/2007 17:46:37
461629,LIBBY.EOT.PARDON,I.Lewis Libby to be pardoned by the end of President Bush's term in office,1,46.5,Sep/22/2007 17:46:37
461629,LIBBY.EOT.PARDON,I.Lewis Libby to be pardoned by the end of President Bush's term in office,9,46.5,Sep/22/2007 17:48:08
461629,LIBBY.EOT.PARDON,I.Lewis Libby to be pardoned by the end of President Bush's term in office,3,48.9,Sep/24/2007 15:31:22
461629,LIBBY.EOT.PARDON,I.Lewis Libby to be pardoned by the end of President Bush's term in office,1,49.4,Sep/25/2007 10:58:38
461629,LIBBY.EOT.PARDON,I.Lewis Libby to be pardoned by the end of President Bush's term in office,2,49.4,Sep/25/2007 11:00:32
461629,LIBBY.EOT.PARDON,I.Lewis Libby to be pardoned by the end of President Bush's term in office,1,49.9,Sep/27/2007 03:08:05
461629,LIBBY.EOT.PARDON,I.Lewis Libby to be pardoned by the end of President Bush's term in office,1,45.9,Oct/05/2007 01:22:18
461629,LIBBY.EOT.PARDON,I.Lewis Libby to be pardoned by the end of President Bush's term in office,3,45.5,Oct/05/2007 01:22:18
461629,LIBBY.EOT.PARDON,I.Lewis Libby to be pardoned by the end of President Bush's term in office,1,46.8,Oct/09/2007 04:21:38
461629,LIBBY.EOT.PARDON,I.Lewis Libby to be pardoned by the end of President Bush's term in office,1,49.0,Oct/21/2007 17:07:19
461629,LIBBY.EOT.PARDON,I.Lewis Libby to be pardoned by the end of President Bush's term in office,19,49.0,Oct/21/2007 21:33:44
461629,LIBBY.EOT.PARDON,I.Lewis Libby to be pardoned by the end of President Bush's term in office,1,46.9,Oct/25/2007 03:30:21
461629,LIBBY.EOT.PARDON,I.Lewis Libby to be pardoned by the end of President Bush's term in office,1,47.0,Oct/25/2007 07:43:57
461629,LIBBY.EOT.PARDON,I.Lewis Libby to be pardoned by the end of President Bush's term in office,1,47.0,Oct/25/2007 21:17:25
461629,LIBBY.EOT.PARDON,I.Lewis Libby to be pardoned by the end of President Bush's term in office,1,46.9,Oct/25/2007 21:17:25
461629,LIBBY.EOT.PARDON,I.Lewis Libby to be pardoned by the end of President Bush's term in office,1,46.9,Oct/26/2007 20:41:19
461629,LIBBY.EOT.PARDON,I.Lewis Libby to be pardoned by the end of President Bush's term in office,1,46.8,Oct/28/2007 12:40:40
461629,LIBBY.EOT.PARDON,I.Lewis Libby to be pardoned by the end of President Bush's term in office,14,49.8,Nov/02/2007 14:36:31
461629,LIBBY.EOT.PARDON,I.Lewis Libby to be pardoned by the end of President Bush's term in office,3,55.0,Nov/02/2007 14:36:31
461629,LIBBY.EOT.PARDON,I.Lewis Libby to be pardoned by the end of President Bush's term in office,11,55.0,Nov/02/2007 14:36:31
461629,LIBBY.EOT.PARDON,I.Lewis Libby to be pardoned by the end of President Bush's term in office,1,53.4,Nov/04/2007 04:09:54
461629,LIBBY.EOT.PARDON,I.Lewis Libby to be pardoned by the end of President Bush's term in office,1,50.1,Nov/13/2007 23:12:49
461629,LIBBY.EOT.PARDON,I.Lewis Libby to be pardoned by the end of President Bush's term in office,20,60.0,Nov/28/2007 15:44:21
461629,LIBBY.EOT.PARDON,I.Lewis Libby to be pardoned by the end of President Bush's term in office,1,55.1,Dec/11/2007 22:52:47
461629,LIBBY.EOT.PARDON,I.Lewis Libby to be pardoned by the end of President Bush's term in office,1,55.2,Dec/15/2007 05:15:18
461629,LIBBY.EOT.PARDON,I.Lewis Libby to be pardoned by the end of President Bush's term in office,3,60.0,Dec/20/2007 17:02:59
461629,LIBBY.EOT.PARDON,I.Lewis Libby to be pardoned by the end of President Bush's term in office,1,55.2,Dec/20/2007 18:06:24
461629,LIBBY.EOT.PARDON,I.Lewis Libby to be pardoned by the end of President Bush's term in office,1,55.2,Dec/24/2007 14:49:58
461629,LIBBY.EOT.PARDON,I.Lewis Libby to be pardoned by the end of President Bush's term in office,1,55.1,Dec/28/2007 06:47:20
461629,LIBBY.EOT.PARDON,I.Lewis Libby to be pardoned by the end of President Bush's term in office,1,55.2,Dec/31/2007 17:25:26
461629,LIBBY.EOT.PARDON,I.Lewis Libby to be pardoned by the end of President Bush's term in office,1,55.2,Jan/03/2008 02:58:44
461629,LIBBY.EOT.PARDON,I.Lewis Libby to be pardoned by the end of President Bush's term in office,2,55.1,Jan/03/2008 05:41:25
461629,LIBBY.EOT.PARDON,I.Lewis Libby to be pardoned by the end of President Bush's term in office,1,55.1,Jan/03/2008 05:43:10
461629,LIBBY.EOT.PARDON,I.Lewis Libby to be pardoned by the end of President Bush's term in office,1,55.0,Jan/03/2008 13:23:47
461629,LIBBY.EOT.PARDON,I.Lewis Libby to be pardoned by the end of President Bush's term in office,9,55.0,Jan/04/2008 09:15:45
461629,LIBBY.EOT.PARDON,I.Lewis Libby to be pardoned by the end of President Bush's term in office,2,55.0,Jan/05/2008 02:47:48
461629,LIBBY.EOT.PARDON,I.Lewis Libby to be pardoned by the end of President Bush's term in office,1,55.3,Jan/05/2008 03:00:51
461629,LIBBY.EOT.PARDON,I.Lewis Libby to be pardoned by the end of President Bush's term in office,1,57.0,Jan/07/2008 13:01:54
461629,LIBBY.EOT.PARDON,I.Lewis Libby to be pardoned by the end of President Bush's term in office,1,50.0,Jan/12/2008 12:00:14
461629,LIBBY.EOT.PARDON,I.Lewis Libby to be pardoned by the end of President Bush's term in office,1,55.0,Jan/16/2008 22:49:49
461629,LIBBY.EOT.PARDON,I.Lewis Libby to be pardoned by the end of President Bush's term in office,5,50.0,Jan/19/2008 18:32:30
461629,LIBBY.EOT.PARDON,I.Lewis Libby to be pardoned by the end of President Bush's term in office,10,47.0,Jan/24/2008 09:50:37
461629,LIBBY.EOT.PARDON,I.Lewis Libby to be pardoned by the end of President Bush's term in office,14,50.0,Jan/24/2008 09:50:37
461629,LIBBY.EOT.PARDON,I.Lewis Libby to be pardoned by the end of President Bush's term in office,3,48.0,Jan/24/2008 09:50:37
461629,LIBBY.EOT.PARDON,I.Lewis Libby to be pardoned by the end of President Bush's term in office,1,54.9,Jan/28/2008 20:34:33
461629,LIBBY.EOT.PARDON,I.Lewis Libby to be pardoned by the end of President Bush's term in office,20,55.0,Jan/28/2008 20:34:33
461629,LIBBY.EOT.PARDON,I.Lewis Libby to be pardoned by the end of President Bush's term in office,1,47.2,Jan/30/2008 01:38:14
461629,LIBBY.EOT.PARDON,I.Lewis Libby to be pardoned by the end of President Bush's term in office,2,48.0,Jan/31/2008 01:09:01
461629,LIBBY.EOT.PARDON,I.Lewis Libby to be pardoned by the end of President Bush's term in office,1,47.0,Feb/01/2008 16:53:50
461629,LIBBY.EOT.PARDON,I.Lewis Libby to be pardoned by the end of President Bush's term in office,1,50.0,Feb/17/2008 19:40:29
461629,LIBBY.EOT.PARDON,I.Lewis Libby to be pardoned by the end of President Bush's term in office,1,50.1,Feb/19/2008 15:27:57
461629,LIBBY.EOT.PARDON,I.Lewis Libby to be pardoned by the end of President Bush's term in office,4,50.0,Feb/19/2008 15:28:26
461629,LIBBY.EOT.PARDON,I.Lewis Libby to be pardoned by the end of President Bush's term in office,1,58.4,Feb/27/2008 22:52:03
461629,LIBBY.EOT.PARDON,I.Lewis Libby to be pardoned by the end of President Bush's term in office,2,48.0,Mar/07/2008 15:05:01
461629,LIBBY.EOT.PARDON,I.Lewis Libby to be pardoned by the end of President Bush's term in office,2,52.0,Mar/15/2008 04:08:58
461629,LIBBY.EOT.PARDON,I.Lewis Libby to be pardoned by the end of President Bush's term in office,19,55.0,Mar/15/2008 04:08:58
461629,LIBBY.EOT.PARDON,I.Lewis Libby to be pardoned by the end of President Bush's term in office,1,59.6,Apr/02/2008 18:12:13
461629,LIBBY.EOT.PARDON,I.Lewis Libby to be pardoned by the end of President Bush's term in office,1,93.0,Apr/02/2008 18:12:13
461629,LIBBY.EOT.PARDON,I.Lewis Libby to be pardoned by the end of President Bush's term in office,1,55.0,Apr/02/2008 18:12:13
461629,LIBBY.EOT.PARDON,I.Lewis Libby to be pardoned by the end of President Bush's term in office,3,80.0,Apr/02/2008 19:05:11
461629,LIBBY.EOT.PARDON,I.Lewis Libby to be pardoned by the end of President Bush's term in office,1,68.0,Apr/03/2008 10:12:33
461629,LIBBY.EOT.PARDON,I.Lewis Libby to be pardoned by the end of President Bush's term in office,3,68.0,Apr/03/2008 10:13:47
461629,LIBBY.EOT.PARDON,I.Lewis Libby to be pardoned by the end of President Bush's term in office,2,70.0,Apr/20/2008 19:19:02
461629,LIBBY.EOT.PARDON,I.Lewis Libby to be pardoned by the end of President Bush's term in office,1,59.9,Apr/21/2008 23:38:48
461629,LIBBY.EOT.PARDON,I.Lewis Libby to be pardoned by the end of President Bush's term in office,1,59.9,Apr/21/2008 23:45:18
461629,LIBBY.EOT.PARDON,I.Lewis Libby to be pardoned by the end of President Bush's term in office,1,59.9,Apr/22/2008 05:40:35
461629,LIBBY.EOT.PARDON,I.Lewis Libby to be pardoned by the end of President Bush's term in office,3,56.4,Apr/26/2008 02:12:36
461629,LIBBY.EOT.PARDON,I.Lewis Libby to be pardoned by the end of President Bush's term in office,11,56.4,Apr/26/2008 05:01:19
461629,LIBBY.EOT.PARDON,I.Lewis Libby to be pardoned by the end of President Bush's term in office,1,56.4,Apr/26/2008 13:33:29
461629,LIBBY.EOT.PARDON,I.Lewis Libby to be pardoned by the end of President Bush's term in office,1,64.8,May/08/2008 13:57:50
461629,LIBBY.EOT.PARDON,I.Lewis Libby to be pardoned by the end of President Bush's term in office,18,65.0,May/08/2008 14:00:09
461629,LIBBY.EOT.PARDON,I.Lewis Libby to be pardoned by the end of President Bush's term in office,1,64.8,May/08/2008 14:00:09
461629,LIBBY.EOT.PARDON,I.Lewis Libby to be pardoned by the end of President Bush's term in office,1,65.0,May/09/2008 04:16:37
461629,LIBBY.EOT.PARDON,I.Lewis Libby to be pardoned by the end of President Bush's term in office,1,60.0,May/31/2008 03:36:15
461629,LIBBY.EOT.PARDON,I.Lewis Libby to be pardoned by the end of President Bush's term in office,2,64.9,Jun/04/2008 08:51:36
461629,LIBBY.EOT.PARDON,I.Lewis Libby to be pardoned by the end of President Bush's term in office,1,57.1,Jun/09/2008 08:01:05
461629,LIBBY.EOT.PARDON,I.Lewis Libby to be pardoned by the end of President Bush's term in office,1,64.9,Jun/13/2008 01:31:19
461629,LIBBY.EOT.PARDON,I.Lewis Libby to be pardoned by the end of President Bush's term in office,14,64.9,Jun/13/2008 01:39:25
461629,LIBBY.EOT.PARDON,I.Lewis Libby to be pardoned by the end of President Bush's term in office,1,65.0,Jun/21/2008 05:55:59
461629,LIBBY.EOT.PARDON,I.Lewis Libby to be pardoned by the end of President Bush's term in office,2,70.0,Jun/21/2008 05:56:30
461629,LIBBY.EOT.PARDON,I.Lewis Libby to be pardoned by the end of President Bush's term in office,2,75.0,Jun/21/2008 05:56:47
461629,LIBBY.EOT.PARDON,I.Lewis Libby to be pardoned by the end of President Bush's term in office,1,69.9,Jun/23/2008 23:34:08
461629,LIBBY.EOT.PARDON,I.Lewis Libby to be pardoned by the end of President Bush's term in office,1,57.0,Jun/25/2008 09:23:40
461629,LIBBY.EOT.PARDON,I.Lewis Libby to be pardoned by the end of President Bush's term in office,1,57.2,Jun/26/2008 11:47:34
461629,LIBBY.EOT.PARDON,I.Lewis Libby to be pardoned by the end of President Bush's term in office,1,65.0,Jun/27/2008 01:50:57
461629,LIBBY.EOT.PARDON,I.Lewis Libby to be pardoned by the end of President Bush's term in office,1,64.9,Jun/27/2008 01:50:57
461629,LIBBY.EOT.PARDON,I.Lewis Libby to be pardoned by the end of President Bush's term in office,1,65.0,Jul/02/2008 15:29:07
461629,LIBBY.EOT.PARDON,I.Lewis Libby to be pardoned by the end of President Bush's term in office,1,65.0,Jul/08/2008 11:47:02
461629,LIBBY.EOT.PARDON,I.Lewis Libby to be pardoned by the end of President Bush's term in office,1,65.0,Jul/11/2008 04:17:35
461629,LIBBY.EOT.PARDON,I.Lewis Libby to be pardoned by the end of President Bush's term in office,1,65.0,Jul/14/2008 20:52:04
461629,LIBBY.EOT.PARDON,I.Lewis Libby to be pardoned by the end of President Bush's term in office,2,65.1,Jul/14/2008 20:52:04
461629,LIBBY.EOT.PARDON,I.Lewis Libby to be pardoned by the end of President Bush's term in office,3,65.0,Jul/15/2008 19:57:55
461629,LIBBY.EOT.PARDON,I.Lewis Libby to be pardoned by the end of President Bush's term in office,5,65.0,Aug/05/2008 18:58:40
461629,LIBBY.EOT.PARDON,I.Lewis Libby to be pardoned by the end of President Bush's term in office,1,75.0,Aug/17/2008 22:58:38
461629,LIBBY.EOT.PARDON,I.Lewis Libby to be pardoned by the end of President Bush's term in office,1,75.0,Aug/19/2008 19:54:05
461629,LIBBY.EOT.PARDON,I.Lewis Libby to be pardoned by the end of President Bush's term in office,1,74.0,Aug/20/2008 00:24:08
461629,LIBBY.EOT.PARDON,I.Lewis Libby to be pardoned by the end of President Bush's term in office,1,65.0,Aug/21/2008 07:22:42
461629,LIBBY.EOT.PARDON,I.Lewis Libby to be pardoned by the end of President Bush's term in office,1,70.1,Sep/11/2008 12:33:46
461629,LIBBY.EOT.PARDON,I.Lewis Libby to be pardoned by the end of President Bush's term in office,4,70.1,Sep/11/2008 15:35:25
461629,LIBBY.EOT.PARDON,I.Lewis Libby to be pardoned by the end of President Bush's term in office,1,70.1,Sep/11/2008 15:56:56
461629,LIBBY.EOT.PARDON,I.Lewis Libby to be pardoned by the end of President Bush's term in office,5,70.0,Sep/12/2008 02:24:15
461629,LIBBY.EOT.PARDON,I.Lewis Libby to be pardoned by the end of President Bush's term in office,1,74.6,Sep/15/2008 01:52:59
461629,LIBBY.EOT.PARDON,I.Lewis Libby to be pardoned by the end of President Bush's term in office,1,66.0,Sep/15/2008 04:06:30
461629,LIBBY.EOT.PARDON,I.Lewis Libby to be pardoned by the end of President Bush's term in office,12,75.0,Sep/19/2008 12:50:53
461629,LIBBY.EOT.PARDON,I.Lewis Libby to be pardoned by the end of President Bush's term in office,5,74.6,Sep/19/2008 12:50:53
461629,LIBBY.EOT.PARDON,I.Lewis Libby to be pardoned by the end of President Bush's term in office,10,70.0,Oct/02/2008 18:40:54
461629,LIBBY.EOT.PARDON,I.Lewis Libby to be pardoned by the end of President Bush's term in office,1,70.0,Oct/05/2008 15:39:06
461629,LIBBY.EOT.PARDON,I.Lewis Libby to be pardoned by the end of President Bush's term in office,2,70.0,Oct/05/2008 16:04:16
461629,LIBBY.EOT.PARDON,I.Lewis Libby to be pardoned by the end of President Bush's term in office,1,65.0,Oct/15/2008 18:19:52
461629,LIBBY.EOT.PARDON,I.Lewis Libby to be pardoned by the end of President Bush's term in office,1,65.1,Oct/15/2008 18:19:52
461629,LIBBY.EOT.PARDON,I.Lewis Libby to be pardoned by the end of President Bush's term in office,3,65.0,Oct/15/2008 18:19:52
461629,LIBBY.EOT.PARDON,I.Lewis Libby to be pardoned by the end of President Bush's term in office,2,65.0,Oct/18/2008 14:34:24
461629,LIBBY.EOT.PARDON,I.Lewis Libby to be pardoned by the end of President Bush's term in office,1,72.0,Oct/26/2008 18:20:44
461629,LIBBY.EOT.PARDON,I.Lewis Libby to be pardoned by the end of President Bush's term in office,1,80.0,Nov/06/2008 12:30:45
461629,LIBBY.EOT.PARDON,I.Lewis Libby to be pardoned by the end of President Bush's term in office,1,80.0,Nov/06/2008 13:01:43
461629,LIBBY.EOT.PARDON,I.Lewis Libby to be pardoned by the end of President Bush's term in office,1,60.1,Nov/06/2008 15:08:27
461629,LIBBY.EOT.PARDON,I.Lewis Libby to be pardoned by the end of President Bush's term in office,4,60.0,Nov/06/2008 15:08:27
461629,LIBBY.EOT.PARDON,I.Lewis Libby to be pardoned by the end of President Bush's term in office,1,69.8,Nov/06/2008 19:43:11
461629,LIBBY.EOT.PARDON,I.Lewis Libby to be pardoned by the end of President Bush's term in office,1,65.0,Nov/06/2008 21:10:24
461629,LIBBY.EOT.PARDON,I.Lewis Libby to be pardoned by the end of President Bush's term in office,1,79.9,Nov/07/2008 19:31:49
461629,LIBBY.EOT.PARDON,I.Lewis Libby to be pardoned by the end of President Bush's term in office,1,60.1,Nov/07/2008 23:25:11
461629,LIBBY.EOT.PARDON,I.Lewis Libby to be pardoned by the end of President Bush's term in office,1,60.1,Nov/07/2008 23:25:11
461629,LIBBY.EOT.PARDON,I.Lewis Libby to be pardoned by the end of President Bush's term in office,1,74.9,Nov/07/2008 23:27:31
461629,LIBBY.EOT.PARDON,I.Lewis Libby to be pardoned by the end of President Bush's term in office,1,79.8,Nov/07/2008 23:32:52
461629,LIBBY.EOT.PARDON,I.Lewis Libby to be pardoned by the end of President Bush's term in office,11,80.0,Nov/07/2008 23:32:52
461629,LIBBY.EOT.PARDON,I.Lewis Libby to be pardoned by the end of President Bush's term in office,1,79.9,Nov/07/2008 23:32:52
461629,LIBBY.EOT.PARDON,I.Lewis Libby to be pardoned by the end of President Bush's term in office,3,74.9,Nov/08/2008 18:56:56
461629,LIBBY.EOT.PARDON,I.Lewis Libby to be pardoned by the end of President Bush's term in office,1,74.9,Nov/09/2008 01:36:48
461629,LIBBY.EOT.PARDON,I.Lewis Libby to be pardoned by the end of President Bush's term in office,1,74.9,Nov/09/2008 18:45:30
461629,LIBBY.EOT.PARDON,I.Lewis Libby to be pardoned by the end of President Bush's term in office,2,74.9,Nov/09/2008 22:17:44
461629,LIBBY.EOT.PARDON,I.Lewis Libby to be pardoned by the end of President Bush's term in office,5,74.9,Nov/10/2008 21:19:37
461629,LIBBY.EOT.PARDON,I.Lewis Libby to be pardoned by the end of President Bush's term in office,1,70.0,Nov/11/2008 18:14:50
461629,LIBBY.EOT.PARDON,I.Lewis Libby to be pardoned by the end of President Bush's term in office,1,65.0,Nov/12/2008 01:19:44
461629,LIBBY.EOT.PARDON,I.Lewis Libby to be pardoned by the end of President Bush's term in office,2,70.0,Nov/13/2008 01:44:08
461629,LIBBY.EOT.PARDON,I.Lewis Libby to be pardoned by the end of President Bush's term in office,6,62.5,Nov/13/2008 16:08:14
461629,LIBBY.EOT.PARDON,I.Lewis Libby to be pardoned by the end of President Bush's term in office,1,65.5,Nov/13/2008 16:08:14
461629,LIBBY.EOT.PARDON,I.Lewis Libby to be pardoned by the end of President Bush's term in office,1,65.6,Nov/13/2008 16:08:14
461629,LIBBY.EOT.PARDON,I.Lewis Libby to be pardoned by the end of President Bush's term in office,2,66.5,Nov/13/2008 16:08:14
461629,LIBBY.EOT.PARDON,I.Lewis Libby to be pardoned by the end of President Bush's term in office,3,66.0,Nov/13/2008 22:37:20
461629,LIBBY.EOT.PARDON,I.Lewis Libby to be pardoned by the end of President Bush's term in office,8,68.0,Nov/14/2008 03:11:31
461629,LIBBY.EOT.PARDON,I.Lewis Libby to be pardoned by the end of President Bush's term in office,7,66.0,Nov/14/2008 04:47:57
461629,LIBBY.EOT.PARDON,I.Lewis Libby to be pardoned by the end of President Bush's term in office,2,65.0,Nov/14/2008 05:05:12
461629,LIBBY.EOT.PARDON,I.Lewis Libby to be pardoned by the end of President Bush's term in office,1,63.1,Nov/16/2008 01:53:33
461629,LIBBY.EOT.PARDON,I.Lewis Libby to be pardoned by the end of President Bush's term in office,4,62.5,Nov/16/2008 01:53:33
461629,LIBBY.EOT.PARDON,I.Lewis Libby to be pardoned by the end of President Bush's term in office,10,60.0,Nov/18/2008 02:46:24
461629,LIBBY.EOT.PARDON,I.Lewis Libby to be pardoned by the end of President Bush's term in office,1,69.8,Nov/19/2008 11:07:17
461629,LIBBY.EOT.PARDON,I.Lewis Libby to be pardoned by the end of President Bush's term in office,4,61.0,Nov/19/2008 19:40:20
461629,LIBBY.EOT.PARDON,I.Lewis Libby to be pardoned by the end of President Bush's term in office,1,61.1,Nov/19/2008 19:40:20
461629,LIBBY.EOT.PARDON,I.Lewis Libby to be pardoned by the end of President Bush's term in office,1,69.8,Nov/20/2008 17:43:22
461629,LIBBY.EOT.PARDON,I.Lewis Libby to be pardoned by the end of President Bush's term in office,2,69.9,Nov/20/2008 17:43:22
461629,LIBBY.EOT.PARDON,I.Lewis Libby to be pardoned by the end of President Bush's term in office,1,79.9,Nov/20/2008 17:56:12
461629,LIBBY.EOT.PARDON,I.Lewis Libby to be pardoned by the end of President Bush's term in office,2,80.0,Nov/20/2008 17:56:12
461629,LIBBY.EOT.PARDON,I.Lewis Libby to be pardoned by the end of President Bush's term in office,1,79.9,Nov/20/2008 17:56:12
461629,LIBBY.EOT.PARDON,I.Lewis Libby to be pardoned by the end of President Bush's term in office,18,65.0,Nov/20/2008 21:57:16
461629,LIBBY.EOT.PARDON,I.Lewis Libby to be pardoned by the end of President Bush's term in office,1,79.7,Nov/22/2008 02:05:02
461629,LIBBY.EOT.PARDON,I.Lewis Libby to be pardoned by the end of President Bush's term in office,1,79.8,Nov/22/2008 02:05:02
461629,LIBBY.EOT.PARDON,I.Lewis Libby to be pardoned by the end of President Bush's term in office,3,75.0,Nov/22/2008 23:17:03
461629,LIBBY.EOT.PARDON,I.Lewis Libby to be pardoned by the end of President Bush's term in office,1,70.1,Nov/25/2008 01:28:02
461629,LIBBY.EOT.PARDON,I.Lewis Libby to be pardoned by the end of President Bush's term in office,1,70.0,Nov/25/2008 01:28:02
461629,LIBBY.EOT.PARDON,I.Lewis Libby to be pardoned by the end of President Bush's term in office,2,68.0,Nov/25/2008 02:48:48
461629,LIBBY.EOT.PARDON,I.Lewis Libby to be pardoned by the end of President Bush's term in office,1,68.1,Nov/25/2008 02:48:48
461629,LIBBY.EOT.PARDON,I.Lewis Libby to be pardoned by the end of President Bush's term in office,1,68.1,Nov/25/2008 02:48:48
461629,LIBBY.EOT.PARDON,I.Lewis Libby to be pardoned by the end of President Bush's term in office,3,68.0,Nov/25/2008 05:46:28
461629,LIBBY.EOT.PARDON,I.Lewis Libby to be pardoned by the end of President Bush's term in office,1,70.0,Nov/25/2008 21:21:32
461629,LIBBY.EOT.PARDON,I.Lewis Libby to be pardoned by the end of President Bush's term in office,1,70.1,Nov/26/2008 08:50:27
461629,LIBBY.EOT.PARDON,I.Lewis Libby to be pardoned by the end of President Bush's term in office,15,68.0,Nov/26/2008 14:17:37
461629,LIBBY.EOT.PARDON,I.Lewis Libby to be pardoned by the end of President Bush's term in office,2,65.0,Nov/26/2008 14:17:37
461629,LIBBY.EOT.PARDON,I.Lewis Libby to be pardoned by the end of President Bush's term in office,1,65.1,Nov/26/2008 14:17:37
461629,LIBBY.EOT.PARDON,I.Lewis Libby to be pardoned by the end of President Bush's term in office,9,70.0,Nov/26/2008 14:17:37
461629,LIBBY.EOT.PARDON,I.Lewis Libby to be pardoned by the end of President Bush's term in office,1,67.1,Nov/27/2008 07:46:31
461629,LIBBY.EOT.PARDON,I.Lewis Libby to be pardoned by the end of President Bush's term in office,10,67.0,Nov/27/2008 07:49:43
461629,LIBBY.EOT.PARDON,I.Lewis Libby to be pardoned by the end of President Bush's term in office,1,73.8,Nov/27/2008 13:03:19
461629,LIBBY.EOT.PARDON,I.Lewis Libby to be pardoned by the end of President Bush's term in office,4,73.9,Nov/27/2008 13:03:19
461629,LIBBY.EOT.PARDON,I.Lewis Libby to be pardoned by the end of President Bush's term in office,1,65.2,Nov/27/2008 18:03:51
461629,LIBBY.EOT.PARDON,I.Lewis Libby to be pardoned by the end of President Bush's term in office,1,68.0,Nov/27/2008 20:19:34
461629,LIBBY.EOT.PARDON,I.Lewis Libby to be pardoned by the end of President Bush's term in office,1,68.1,Nov/29/2008 16:40:50
461629,LIBBY.EOT.PARDON,I.Lewis Libby to be pardoned by the end of President Bush's term in office,1,68.0,Nov/29/2008 16:41:08
461629,LIBBY.EOT.PARDON,I.Lewis Libby to be pardoned by the end of President Bush's term in office,1,70.9,Nov/29/2008 17:37:48
461629,LIBBY.EOT.PARDON,I.Lewis Libby to be pardoned by the end of President Bush's term in office,1,68.0,Nov/29/2008 18:25:05
461629,LIBBY.EOT.PARDON,I.Lewis Libby to be pardoned by the end of President Bush's term in office,1,68.0,Nov/29/2008 18:25:19
461629,LIBBY.EOT.PARDON,I.Lewis Libby to be pardoned by the end of President Bush's term in office,1,68.1,Nov/30/2008 04:23:04
461629,LIBBY.EOT.PARDON,I.Lewis Libby to be pardoned by the end of President Bush's term in office,1,68.0,Nov/30/2008 11:27:44
461629,LIBBY.EOT.PARDON,I.Lewis Libby to be pardoned by the end of President Bush's term in office,1,68.0,Dec/01/2008 05:06:35
461629,LIBBY.EOT.PARDON,I.Lewis Libby to be pardoned by the end of President Bush's term in office,1,69.7,Dec/02/2008 16:22:57
461629,LIBBY.EOT.PARDON,I.Lewis Libby to be pardoned by the end of President Bush's term in office,5,66.0,Dec/02/2008 19:56:08
461629,LIBBY.EOT.PARDON,I.Lewis Libby to be pardoned by the end of President Bush's term in office,1,70.1,Dec/03/2008 21:01:35
461629,LIBBY.EOT.PARDON,I.Lewis Libby to be pardoned by the end of President Bush's term in office,2,70.2,Dec/03/2008 21:01:55
461629,LIBBY.EOT.PARDON,I.Lewis Libby to be pardoned by the end of President Bush's term in office,1,67.0,Dec/04/2008 09:08:51
461629,LIBBY.EOT.PARDON,I.Lewis Libby to be pardoned by the end of President Bush's term in office,1,70.1,Dec/04/2008 09:27:11
461629,LIBBY.EOT.PARDON,I.Lewis Libby to be pardoned by the end of President Bush's term in office,1,70.1,Dec/04/2008 20:23:51
461629,LIBBY.EOT.PARDON,I.Lewis Libby to be pardoned by the end of President Bush's term in office,2,70.2,Dec/04/2008 20:23:51
461629,LIBBY.EOT.PARDON,I.Lewis Libby to be pardoned by the end of President Bush's term in office,1,69.9,Dec/04/2008 21:17:49
461629,LIBBY.EOT.PARDON,I.Lewis Libby to be pardoned by the end of President Bush's term in office,1,70.0,Dec/05/2008 02:43:32
461629,LIBBY.EOT.PARDON,I.Lewis Libby to be pardoned by the end of President Bush's term in office,1,70.9,Dec/05/2008 14:10:07
461629,LIBBY.EOT.PARDON,I.Lewis Libby to be pardoned by the end of President Bush's term in office,3,70.9,Dec/05/2008 14:10:13
461629,LIBBY.EOT.PARDON,I.Lewis Libby to be pardoned by the end of President Bush's term in office,1,70.0,Dec/05/2008 14:29:58
461629,LIBBY.EOT.PARDON,I.Lewis Libby to be pardoned by the end of President Bush's term in office,2,70.0,Dec/05/2008 15:58:11
461629,LIBBY.EOT.PARDON,I.Lewis Libby to be pardoned by the end of President Bush's term in office,1,71.0,Dec/05/2008 16:10:12
461629,LIBBY.EOT.PARDON,I.Lewis Libby to be pardoned by the end of President Bush's term in office,1,74.8,Dec/05/2008 16:18:21
461629,LIBBY.EOT.PARDON,I.Lewis Libby to be pardoned by the end of President Bush's term in office,3,74.9,Dec/05/2008 16:18:21
461629,LIBBY.EOT.PARDON,I.Lewis Libby to be pardoned by the end of President Bush's term in office,1,72.9,Dec/06/2008 03:44:19
461629,LIBBY.EOT.PARDON,I.Lewis Libby to be pardoned by the end of President Bush's term in office,1,73.9,Dec/06/2008 14:54:23
461629,LIBBY.EOT.PARDON,I.Lewis Libby to be pardoned by the end of President Bush's term in office,1,73.8,Dec/06/2008 14:54:23
461629,LIBBY.EOT.PARDON,I.Lewis Libby to be pardoned by the end of President Bush's term in office,1,74.9,Dec/06/2008 14:57:25
461629,LIBBY.EOT.PARDON,I.Lewis Libby to be pardoned by the end of President Bush's term in office,30,75.0,Dec/07/2008 23:08:12
461629,LIBBY.EOT.PARDON,I.Lewis Libby to be pardoned by the end of President Bush's term in office,10,74.8,Dec/07/2008 23:08:12
461629,LIBBY.EOT.PARDON,I.Lewis Libby to be pardoned by the end of President Bush's term in office,1,74.7,Dec/07/2008 23:08:12
461629,LIBBY.EOT.PARDON,I.Lewis Libby to be pardoned by the end of President Bush's term in office,1,75.0,Dec/07/2008 23:08:12
461629,LIBBY.EOT.PARDON,I.Lewis Libby to be pardoned by the end of President Bush's term in office,5,74.5,Dec/08/2008 06:08:05
461629,LIBBY.EOT.PARDON,I.Lewis Libby to be pardoned by the end of President Bush's term in office,1,75.0,Dec/09/2008 00:35:22
461629,LIBBY.EOT.PARDON,I.Lewis Libby to be pardoned by the end of President Bush's term in office,2,76.9,Dec/09/2008 00:35:22
461629,LIBBY.EOT.PARDON,I.Lewis Libby to be pardoned by the end of President Bush's term in office,1,74.9,Dec/09/2008 00:35:22
461629,LIBBY.EOT.PARDON,I.Lewis Libby to be pardoned by the end of President Bush's term in office,6,77.0,Dec/09/2008 00:35:22
461629,LIBBY.EOT.PARDON,I.Lewis Libby to be pardoned by the end of President Bush's term in office,1,67.1,Dec/09/2008 15:08:20
461629,LIBBY.EOT.PARDON,I.Lewis Libby to be pardoned by the end of President Bush's term in office,1,80.0,Dec/10/2008 00:39:11
461629,LIBBY.EOT.PARDON,I.Lewis Libby to be pardoned by the end of President Bush's term in office,20,80.0,Dec/10/2008 00:39:11
461629,LIBBY.EOT.PARDON,I.Lewis Libby to be pardoned by the end of President Bush's term in office,14,77.0,Dec/10/2008 00:39:11
461629,LIBBY.EOT.PARDON,I.Lewis Libby to be pardoned by the end of President Bush's term in office,2,76.9,Dec/10/2008 00:39:11
461629,LIBBY.EOT.PARDON,I.Lewis Libby to be pardoned by the end of President Bush's term in office,1,76.8,Dec/10/2008 00:39:11
461629,LIBBY.EOT.PARDON,I.Lewis Libby to be pardoned by the end of President Bush's term in office,2,77.9,Dec/10/2008 00:39:11
461629,LIBBY.EOT.PARDON,I.Lewis Libby to be pardoned by the end of President Bush's term in office,40,80.0,Dec/10/2008 01:44:12
461629,LIBBY.EOT.PARDON,I.Lewis Libby to be pardoned by the end of President Bush's term in office,1,73.0,Dec/10/2008 10:09:57
461629,LIBBY.EOT.PARDON,I.Lewis Libby to be pardoned by the end of President Bush's term in office,1,73.1,Dec/10/2008 17:55:46
461629,LIBBY.EOT.PARDON,I.Lewis Libby to be pardoned by the end of President Bush's term in office,1,74.3,Dec/14/2008 09:28:24
461629,LIBBY.EOT.PARDON,I.Lewis Libby to be pardoned by the end of President Bush's term in office,1,74.4,Dec/15/2008 01:21:18
461629,LIBBY.EOT.PARDON,I.Lewis Libby to be pardoned by the end of President Bush's term in office,1,74.3,Dec/15/2008 03:12:15
461629,LIBBY.EOT.PARDON,I.Lewis Libby to be pardoned by the end of President Bush's term in office,1,74.8,Dec/15/2008 06:11:26
461629,LIBBY.EOT.PARDON,I.Lewis Libby to be pardoned by the end of President Bush's term in office,1,74.6,Dec/16/2008 00:21:52
461629,LIBBY.EOT.PARDON,I.Lewis Libby to be pardoned by the end of President Bush's term in office,1,74.7,Dec/16/2008 00:22:08
461629,LIBBY.EOT.PARDON,I.Lewis Libby to be pardoned by the end of President Bush's term in office,1,74.8,Dec/16/2008 00:22:18
461629,LIBBY.EOT.PARDON,I.Lewis Libby to be pardoned by the end of President Bush's term in office,1,74.3,Dec/16/2008 00:45:22
461629,LIBBY.EOT.PARDON,I.Lewis Libby to be pardoned by the end of President Bush's term in office,6,74.0,Dec/16/2008 00:45:35
461629,LIBBY.EOT.PARDON,I.Lewis Libby to be pardoned by the end of President Bush's term in office,2,70.0,Dec/16/2008 00:45:43
461629,LIBBY.EOT.PARDON,I.Lewis Libby to be pardoned by the end of President Bush's term in office,1,70.0,Dec/16/2008 00:45:43
461629,LIBBY.EOT.PARDON,I.Lewis Libby to be pardoned by the end of President Bush's term in office,2,70.0,Dec/16/2008 00:45:43
461629,LIBBY.EOT.PARDON,I.Lewis Libby to be pardoned by the end of President Bush's term in office,1,67.2,Dec/16/2008 00:45:53
461629,LIBBY.EOT.PARDON,I.Lewis Libby to be pardoned by the end of President Bush's term in office,3,67.2,Dec/16/2008 00:45:53
461629,LIBBY.EOT.PARDON,I.Lewis Libby to be pardoned by the end of President Bush's term in office,5,67.1,Dec/16/2008 00:46:05
461629,LIBBY.EOT.PARDON,I.Lewis Libby to be pardoned by the end of President Bush's term in office,18,65.0,Dec/16/2008 00:46:38
461629,LIBBY.EOT.PARDON,I.Lewis Libby to be pardoned by the end of President Bush's term in office,18,65.0,Dec/16/2008 01:19:02
461629,LIBBY.EOT.PARDON,I.Lewis Libby to be pardoned by the end of President Bush's term in office,2,65.0,Dec/16/2008 01:19:02
461629,LIBBY.EOT.PARDON,I.Lewis Libby to be pardoned by the end of President Bush's term in office,1,60.3,Dec/16/2008 04:56:56
461629,LIBBY.EOT.PARDON,I.Lewis Libby to be pardoned by the end of President Bush's term in office,1,60.3,Dec/16/2008 04:56:56
461629,LIBBY.EOT.PARDON,I.Lewis Libby to be pardoned by the end of President Bush's term in office,1,60.2,Dec/16/2008 04:56:56
461629,LIBBY.EOT.PARDON,I.Lewis Libby to be pardoned by the end of President Bush's term in office,1,60.1,Dec/16/2008 04:56:56
461629,LIBBY.EOT.PARDON,I.Lewis Libby to be pardoned by the end of President Bush's term in office,1,60.1,Dec/16/2008 04:56:56
461629,LIBBY.EOT.PARDON,I.Lewis Libby to be pardoned by the end of President Bush's term in office,15,60.1,Dec/16/2008 04:56:56
461629,LIBBY.EOT.PARDON,I.Lewis Libby to be pardoned by the end of President Bush's term in office,1,70.9,Dec/19/2008 15:01:30
461629,LIBBY.EOT.PARDON,I.Lewis Libby to be pardoned by the end of President Bush's term in office,4,71.9,Dec/20/2008 07:06:40
461629,LIBBY.EOT.PARDON,I.Lewis Libby to be pardoned by the end of President Bush's term in office,20,72.0,Dec/20/2008 07:06:40
461629,LIBBY.EOT.PARDON,I.Lewis Libby to be pardoned by the end of President Bush's term in office,1,71.7,Dec/20/2008 07:06:40
461629,LIBBY.EOT.PARDON,I.Lewis Libby to be pardoned by the end of President Bush's term in office,1,71.6,Dec/20/2008 07:06:40
461629,LIBBY.EOT.PARDON,I.Lewis Libby to be pardoned by the end of President Bush's term in office,1,85.0,Dec/20/2008 07:07:26
461629,LIBBY.EOT.PARDON,I.Lewis Libby to be pardoned by the end of President Bush's term in office,20,80.0,Dec/20/2008 07:07:26
461629,LIBBY.EOT.PARDON,I.Lewis Libby to be pardoned by the end of President Bush's term in office,1,81.0,Dec/20/2008 07:07:26
461629,LIBBY.EOT.PARDON,I.Lewis Libby to be pardoned by the end of President Bush's term in office,1,85.0,Dec/20/2008 07:07:26
461629,LIBBY.EOT.PARDON,I.Lewis Libby to be pardoned by the end of President Bush's term in office,3,66.0,Dec/20/2008 16:51:06
461629,LIBBY.EOT.PARDON,I.Lewis Libby to be pardoned by the end of President Bush's term in office,1,66.1,Dec/20/2008 16:51:06
461629,LIBBY.EOT.PARDON,I.Lewis Libby to be pardoned by the end of President Bush's term in office,96,66.0,Dec/20/2008 16:51:06
461629,LIBBY.EOT.PARDON,I.Lewis Libby to be pardoned by the end of President Bush's term in office,1,73.9,Dec/21/2008 23:59:03
461629,LIBBY.EOT.PARDON,I.Lewis Libby to be pardoned by the end of President Bush's term in office,1,74.7,Dec/21/2008 23:59:03
461629,LIBBY.EOT.PARDON,I.Lewis Libby to be pardoned by the end of President Bush's term in office,1,75.0,Dec/21/2008 23:59:03
461629,LIBBY.EOT.PARDON,I.Lewis Libby to be pardoned by the end of President Bush's term in office,1,74.8,Dec/21/2008 23:59:03
461629,LIBBY.EOT.PARDON,I.Lewis Libby to be pardoned by the end of President Bush's term in office,1,72.0,Dec/23/2008 16:24:35
461629,LIBBY.EOT.PARDON,I.Lewis Libby to be pardoned by the end of President Bush's term in office,3,74.5,Dec/23/2008 16:24:35
461629,LIBBY.EOT.PARDON,I.Lewis Libby to be pardoned by the end of President Bush's term in office,1,68.0,Dec/23/2008 20:20:19
461629,LIBBY.EOT.PARDON,I.Lewis Libby to be pardoned by the end of President Bush's term in office,1,66.1,Dec/23/2008 20:21:08
461629,LIBBY.EOT.PARDON,I.Lewis Libby to be pardoned by the end of President Bush's term in office,3,64.0,Dec/23/2008 20:22:03
461629,LIBBY.EOT.PARDON,I.Lewis Libby to be pardoned by the end of President Bush's term in office,1,64.0,Dec/23/2008 20:23:38
461629,LIBBY.EOT.PARDON,I.Lewis Libby to be pardoned by the end of President Bush's term in office,1,64.0,Dec/23/2008 20:48:19
461629,LIBBY.EOT.PARDON,I.Lewis Libby to be pardoned by the end of President Bush's term in office,1,62.1,Dec/23/2008 21:39:33
461629,LIBBY.EOT.PARDON,I.Lewis Libby to be pardoned by the end of President Bush's term in office,24,61.1,Dec/23/2008 21:39:33
461629,LIBBY.EOT.PARDON,I.Lewis Libby to be pardoned by the end of President Bush's term in office,1,60.0,Dec/23/2008 21:39:33
461629,LIBBY.EOT.PARDON,I.Lewis Libby to be pardoned by the end of President Bush's term in office,1,62.1,Dec/23/2008 21:39:33
461629,LIBBY.EOT.PARDON,I.Lewis Libby to be pardoned by the end of President Bush's term in office,1,61.1,Dec/23/2008 21:39:33
461629,LIBBY.EOT.PARDON,I.Lewis Libby to be pardoned by the end of President Bush's term in office,3,56.0,Dec/23/2008 21:39:33
461629,LIBBY.EOT.PARDON,I.Lewis Libby to be pardoned by the end of President Bush's term in office,2,62.0,Dec/23/2008 21:39:33
461629,LIBBY.EOT.PARDON,I.Lewis Libby to be pardoned by the end of President Bush's term in office,20,60.0,Dec/23/2008 21:39:33
461629,LIBBY.EOT.PARDON,I.Lewis Libby to be pardoned by the end of President Bush's term in office,5,55.9,Dec/23/2008 21:43:08
461629,LIBBY.EOT.PARDON,I.Lewis Libby to be pardoned by the end of President Bush's term in office,2,53.0,Dec/23/2008 21:43:08
461629,LIBBY.EOT.PARDON,I.Lewis Libby to be pardoned by the end of President Bush's term in office,100,50.0,Dec/23/2008 21:43:08
461629,LIBBY.EOT.PARDON,I.Lewis Libby to be pardoned by the end of President Bush's term in office,2,52.8,Dec/23/2008 21:43:08
461629,LIBBY.EOT.PARDON,I.Lewis Libby to be pardoned by the end of President Bush's term in office,8,35.0,Dec/23/2008 21:53:53
461629,LIBBY.EOT.PARDON,I.Lewis Libby to be pardoned by the end of President Bush's term in office,1,20.0,Dec/23/2008 21:54:07
461629,LIBBY.EOT.PARDON,I.Lewis Libby to be pardoned by the end of President Bush's term in office,1,59.9,Dec/24/2008 08:05:00
461629,LIBBY.EOT.PARDON,I.Lewis Libby to be pardoned by the end of President Bush's term in office,1,60.0,Dec/24/2008 08:05:13
461629,LIBBY.EOT.PARDON,I.Lewis Libby to be pardoned by the end of President Bush's term in office,1,69.7,Dec/24/2008 08:28:02
461629,LIBBY.EOT.PARDON,I.Lewis Libby to be pardoned by the end of President Bush's term in office,1,55.3,Dec/24/2008 15:08:06
461629,LIBBY.EOT.PARDON,I.Lewis Libby to be pardoned by the end of President Bush's term in office,1,55.3,Dec/24/2008 17:19:27
461629,LIBBY.EOT.PARDON,I.Lewis Libby to be pardoned by the end of President Bush's term in office,1,55.2,Dec/24/2008 17:19:42
461629,LIBBY.EOT.PARDON,I.Lewis Libby to be pardoned by the end of President Bush's term in office,5,55.0,Dec/24/2008 17:19:56
461629,LIBBY.EOT.PARDON,I.Lewis Libby to be pardoned by the end of President Bush's term in office,5,55.0,Dec/24/2008 17:19:56
461629,LIBBY.EOT.PARDON,I.Lewis Libby to be pardoned by the end of President Bush's term in office,2,59.6,Dec/25/2008 01:57:33
461629,LIBBY.EOT.PARDON,I.Lewis Libby to be pardoned by the end of President Bush's term in office,1,51.1,Dec/25/2008 03:44:47
461629,LIBBY.EOT.PARDON,I.Lewis Libby to be pardoned by the end of President Bush's term in office,1,51.0,Dec/25/2008 03:53:46
461629,LIBBY.EOT.PARDON,I.Lewis Libby to be pardoned by the end of President Bush's term in office,1,47.0,Dec/25/2008 13:02:04
461629,LIBBY.EOT.PARDON,I.Lewis Libby to be pardoned by the end of President Bush's term in office,1,46.0,Dec/25/2008 13:02:13
461629,LIBBY.EOT.PARDON,I.Lewis Libby to be pardoned by the end of President Bush's term in office,1,45.0,Dec/25/2008 13:02:21
461629,LIBBY.EOT.PARDON,I.Lewis Libby to be pardoned by the end of President Bush's term in office,1,46.3,Dec/25/2008 23:01:57
461629,LIBBY.EOT.PARDON,I.Lewis Libby to be pardoned by the end of President Bush's term in office,2,46.2,Dec/25/2008 23:01:57
461629,LIBBY.EOT.PARDON,I.Lewis Libby to be pardoned by the end of President Bush's term in office,5,46.0,Dec/25/2008 23:01:57
461629,LIBBY.EOT.PARDON,I.Lewis Libby to be pardoned by the end of President Bush's term in office,1,52.0,Dec/26/2008 16:51:30
461629,LIBBY.EOT.PARDON,I.Lewis Libby to be pardoned by the end of President Bush's term in office,1,48.1,Dec/27/2008 07:45:03
461629,LIBBY.EOT.PARDON,I.Lewis Libby to be pardoned by the end of President Bush's term in office,1,46.5,Dec/27/2008 07:45:03
461629,LIBBY.EOT.PARDON,I.Lewis Libby to be pardoned by the end of President Bush's term in office,2,46.6,Dec/27/2008 07:45:03
461629,LIBBY.EOT.PARDON,I.Lewis Libby to be pardoned by the end of President Bush's term in office,1,48.2,Dec/27/2008 07:45:03
461629,LIBBY.EOT.PARDON,I.Lewis Libby to be pardoned by the end of President Bush's term in office,1,46.0,Dec/27/2008 07:45:03
461629,LIBBY.EOT.PARDON,I.Lewis Libby to be pardoned by the end of President Bush's term in office,2,45.5,Dec/27/2008 07:45:03
461629,LIBBY.EOT.PARDON,I.Lewis Libby to be pardoned by the end of President Bush's term in office,2,46.2,Dec/27/2008 07:45:03
461629,LIBBY.EOT.PARDON,I.Lewis Libby to be pardoned by the end of President Bush's term in office,1,50.9,Dec/27/2008 19:16:47
461629,LIBBY.EOT.PARDON,I.Lewis Libby to be pardoned by the end of President Bush's term in office,1,52.9,Dec/27/2008 21:25:59
461629,LIBBY.EOT.PARDON,I.Lewis Libby to be pardoned by the end of President Bush's term in office,36,53.0,Dec/27/2008 21:25:59
461629,LIBBY.EOT.PARDON,I.Lewis Libby to be pardoned by the end of President Bush's term in office,1,56.0,Dec/28/2008 20:29:16
461629,LIBBY.EOT.PARDON,I.Lewis Libby to be pardoned by the end of President Bush's term in office,1,55.9,Dec/28/2008 20:29:16
461629,LIBBY.EOT.PARDON,I.Lewis Libby to be pardoned by the end of President Bush's term in office,1,77.8,Jan/01/2009 06:06:35
461629,LIBBY.EOT.PARDON,I.Lewis Libby to be pardoned by the end of President Bush's term in office,1,77.9,Jan/01/2009 06:06:35
461629,LIBBY.EOT.PARDON,I.Lewis Libby to be pardoned by the end of President Bush's term in office,1,78.9,Jan/01/2009 06:06:35
461629,LIBBY.EOT.PARDON,I.Lewis Libby to be pardoned by the end of President Bush's term in office,1,52.1,Jan/01/2009 22:39:40
461629,LIBBY.EOT.PARDON,I.Lewis Libby to be pardoned by the end of President Bush's term in office,3,52.0,Jan/01/2009 22:40:01
461629,LIBBY.EOT.PARDON,I.Lewis Libby to be pardoned by the end of President Bush's term in office,2,50.1,Jan/01/2009 22:40:18
461629,LIBBY.EOT.PARDON,I.Lewis Libby to be pardoned by the end of President Bush's term in office,14,50.0,Jan/01/2009 22:41:07
461629,LIBBY.EOT.PARDON,I.Lewis Libby to be pardoned by the end of President Bush's term in office,3,50.0,Jan/02/2009 02:17:16
461629,LIBBY.EOT.PARDON,I.Lewis Libby to be pardoned by the end of President Bush's term in office,33,50.0,Jan/02/2009 04:37:13
461629,LIBBY.EOT.PARDON,I.Lewis Libby to be pardoned by the end of President Bush's term in office,1,40.0,Jan/02/2009 06:45:28
461629,LIBBY.EOT.PARDON,I.Lewis Libby to be pardoned by the end of President Bush's term in office,1,40.1,Jan/02/2009 06:45:28
461629,LIBBY.EOT.PARDON,I.Lewis Libby to be pardoned by the end of President Bush's term in office,1,50.4,Jan/03/2009 07:35:54
461629,LIBBY.EOT.PARDON,I.Lewis Libby to be pardoned by the end of President Bush's term in office,1,50.9,Jan/03/2009 07:35:54
461629,LIBBY.EOT.PARDON,I.Lewis Libby to be pardoned by the end of President Bush's term in office,1,51.9,Jan/03/2009 07:35:54
461629,LIBBY.EOT.PARDON,I.Lewis Libby to be pardoned by the end of President Bush's term in office,1,52.9,Jan/03/2009 07:35:54
461629,LIBBY.EOT.PARDON,I.Lewis Libby to be pardoned by the end of President Bush's term in office,1,50.3,Jan/03/2009 07:35:54
461629,LIBBY.EOT.PARDON,I.Lewis Libby to be pardoned by the end of President Bush's term in office,1,53.9,Jan/03/2009 07:36:12
461629,LIBBY.EOT.PARDON,I.Lewis Libby to be pardoned by the end of President Bush's term in office,1,54.0,Jan/03/2009 07:36:12
461629,LIBBY.EOT.PARDON,I.Lewis Libby to be pardoned by the end of President Bush's term in office,1,54.0,Jan/05/2009 08:05:25
461629,LIBBY.EOT.PARDON,I.Lewis Libby to be pardoned by the end of President Bush's term in office,1,53.9,Jan/05/2009 08:05:25
461629,LIBBY.EOT.PARDON,I.Lewis Libby to be pardoned by the end of President Bush's term in office,1,50.9,Jan/07/2009 05:09:46
461629,LIBBY.EOT.PARDON,I.Lewis Libby to be pardoned by the end of President Bush's term in office,1,51.0,Jan/07/2009 05:09:46
461629,LIBBY.EOT.PARDON,I.Lewis Libby to be pardoned by the end of President Bush's term in office,1,51.0,Jan/07/2009 17:27:13
461629,LIBBY.EOT.PARDON,I.Lewis Libby to be pardoned by the end of President Bush's term in office,1,51.0,Jan/08/2009 14:12:47
461629,LIBBY.EOT.PARDON,I.Lewis Libby to be pardoned by the end of President Bush's term in office,1,44.5,Jan/08/2009 15:56:05
461629,LIBBY.EOT.PARDON,I.Lewis Libby to be pardoned by the end of President Bush's term in office,1,44.1,Jan/08/2009 15:56:05
461629,LIBBY.EOT.PARDON,I.Lewis Libby to be pardoned by the end of President Bush's term in office,1,43.1,Jan/09/2009 00:13:07
461629,LIBBY.EOT.PARDON,I.Lewis Libby to be pardoned by the end of President Bush's term in office,1,43.0,Jan/09/2009 00:13:41
461629,LIBBY.EOT.PARDON,I.Lewis Libby to be pardoned by the end of President Bush's term in office,1,42.5,Jan/09/2009 00:14:08
461629,LIBBY.EOT.PARDON,I.Lewis Libby to be pardoned by the end of President Bush's term in office,2,42.0,Jan/09/2009 00:14:51
461629,LIBBY.EOT.PARDON,I.Lewis Libby to be pardoned by the end of President Bush's term in office,1,42.0,Jan/09/2009 00:14:51
461629,LIBBY.EOT.PARDON,I.Lewis Libby to be pardoned by the end of President Bush's term in office,1,40.2,Jan/09/2009 00:15:23
461629,LIBBY.EOT.PARDON,I.Lewis Libby to be pardoned by the end of President Bush's term in office,1,40.2,Jan/09/2009 00:15:23
461629,LIBBY.EOT.PARDON,I.Lewis Libby to be pardoned by the end of President Bush's term in office,10,40.1,Jan/09/2009 00:15:56
461629,LIBBY.EOT.PARDON,I.Lewis Libby to be pardoned by the end of President Bush's term in office,10,40.1,Jan/09/2009 00:15:56
461629,LIBBY.EOT.PARDON,I.Lewis Libby to be pardoned by the end of President Bush's term in office,1,49.9,Jan/09/2009 03:12:05
461629,LIBBY.EOT.PARDON,I.Lewis Libby to be pardoned by the end of President Bush's term in office,1,50.0,Jan/09/2009 03:12:05
461629,LIBBY.EOT.PARDON,I.Lewis Libby to be pardoned by the end of President Bush's term in office,1,49.9,Jan/10/2009 18:23:14
461629,LIBBY.EOT.PARDON,I.Lewis Libby to be pardoned by the end of President Bush's term in office,1,50.0,Jan/10/2009 18:23:14
461629,LIBBY.EOT.PARDON,I.Lewis Libby to be pardoned by the end of President Bush's term in office,3,50.0,Jan/11/2009 15:51:15
461629,LIBBY.EOT.PARDON,I.Lewis Libby to be pardoned by the end of President Bush's term in office,1,54.9,Jan/12/2009 23:36:15
461629,LIBBY.EOT.PARDON,I.Lewis Libby to be pardoned by the end of President Bush's term in office,5,54.9,Jan/12/2009 23:36:15
461629,LIBBY.EOT.PARDON,I.Lewis Libby to be pardoned by the end of President Bush's term in office,1,54.8,Jan/12/2009 23:36:15
461629,LIBBY.EOT.PARDON,I.Lewis Libby to be pardoned by the end of President Bush's term in office,10,60.0,Jan/12/2009 23:36:15
461629,LIBBY.EOT.PARDON,I.Lewis Libby to be pardoned by the end of President Bush's term in office,10,55.0,Jan/12/2009 23:36:15
461629,LIBBY.EOT.PARDON,I.Lewis Libby to be pardoned by the end of President Bush's term in office,1,59.9,Jan/13/2009 02:45:46
461629,LIBBY.EOT.PARDON,I.Lewis Libby to be pardoned by the end of President Bush's term in office,2,59.0,Jan/13/2009 02:45:46
461629,LIBBY.EOT.PARDON,I.Lewis Libby to be pardoned by the end of President Bush's term in office,1,62.8,Jan/13/2009 05:25:51
461629,LIBBY.EOT.PARDON,I.Lewis Libby to be pardoned by the end of President Bush's term in office,1,62.9,Jan/13/2009 05:25:51
461629,LIBBY.EOT.PARDON,I.Lewis Libby to be pardoned by the end of President Bush's term in office,1,64.9,Jan/13/2009 05:25:51
461629,LIBBY.EOT.PARDON,I.Lewis Libby to be pardoned by the end of President Bush's term in office,1,50.1,Jan/15/2009 13:24:01
461629,LIBBY.EOT.PARDON,I.Lewis Libby to be pardoned by the end of President Bush's term in office,10,50.0,Jan/15/2009 13:34:01
461629,LIBBY.EOT.PARDON,I.Lewis Libby to be pardoned by the end of President Bush's term in office,1,49.9,Jan/15/2009 14:55:12
461629,LIBBY.EOT.PARDON,I.Lewis Libby to be pardoned by the end of President Bush's term in office,10,50.0,Jan/15/2009 18:53:46
461629,LIBBY.EOT.PARDON,I.Lewis Libby to be pardoned by the end of President Bush's term in office,1,50.5,Jan/16/2009 04:22:29
461629,LIBBY.EOT.PARDON,I.Lewis Libby to be pardoned by the end of President Bush's term in office,19,50.5,Jan/16/2009 05:33:36
461629,LIBBY.EOT.PARDON,I.Lewis Libby to be pardoned by the end of President Bush's term in office,17,50.0,Jan/16/2009 05:34:14
461629,LIBBY.EOT.PARDON,I.Lewis Libby to be pardoned by the end of President Bush's term in office,3,59.7,Jan/17/2009 01:12:10
461629,LIBBY.EOT.PARDON,I.Lewis Libby to be pardoned by the end of President Bush's term in office,1,59.6,Jan/17/2009 01:12:10
461629,LIBBY.EOT.PARDON,I.Lewis Libby to be pardoned by the end of President Bush's term in office,1,69.8,Jan/17/2009 04:18:38
461629,LIBBY.EOT.PARDON,I.Lewis Libby to be pardoned by the end of President Bush's term in office,2,69.9,Jan/17/2009 04:18:38
461629,LIBBY.EOT.PARDON,I.Lewis Libby to be pardoned by the end of President Bush's term in office,1,68.8,Jan/17/2009 22:24:53
461629,LIBBY.EOT.PARDON,I.Lewis Libby to be pardoned by the end of President Bush's term in office,1,68.9,Jan/17/2009 22:24:53
461629,LIBBY.EOT.PARDON,I.Lewis Libby to be pardoned by the end of President Bush's term in office,1,69.8,Jan/17/2009 22:24:53
461629,LIBBY.EOT.PARDON,I.Lewis Libby to be pardoned by the end of President Bush's term in office,1,51.2,Jan/18/2009 22:20:56
461629,LIBBY.EOT.PARDON,I.Lewis Libby to be pardoned by the end of President Bush's term in office,20,51.1,Jan/18/2009 22:20:56
461629,LIBBY.EOT.PARDON,I.Lewis Libby to be pardoned by the end of President Bush's term in office,1,51.0,Jan/18/2009 22:20:56
461629,LIBBY.EOT.PARDON,I.Lewis Libby to be pardoned by the end of President Bush's term in office,1,51.2,Jan/18/2009 22:20:56
461629,LIBBY.EOT.PARDON,I.Lewis Libby to be pardoned by the end of President Bush's term in office,4,60.0,Jan/19/2009 03:49:39
461629,LIBBY.EOT.PARDON,I.Lewis Libby to be pardoned by the end of President Bush's term in office,1,59.9,Jan/19/2009 03:49:39
461629,LIBBY.EOT.PARDON,I.Lewis Libby to be pardoned by the end of President Bush's term in office,1,64.9,Jan/19/2009 04:20:35
461629,LIBBY.EOT.PARDON,I.Lewis Libby to be pardoned by the end of President Bush's term in office,10,48.1,Jan/19/2009 15:48:32
461629,LIBBY.EOT.PARDON,I.Lewis Libby to be pardoned by the end of President Bush's term in office,8,60.0,Jan/19/2009 15:48:32
461629,LIBBY.EOT.PARDON,I.Lewis Libby to be pardoned by the end of President Bush's term in office,1,45.2,Jan/19/2009 15:48:32
461629,LIBBY.EOT.PARDON,I.Lewis Libby to be pardoned by the end of President Bush's term in office,5,47.0,Jan/19/2009 15:48:32
461629,LIBBY.EOT.PARDON,I.Lewis Libby to be pardoned by the end of President Bush's term in office,5,46.0,Jan/19/2009 15:48:32
461629,LIBBY.EOT.PARDON,I.Lewis Libby to be pardoned by the end of President Bush's term in office,40,44.0,Jan/19/2009 15:49:41
461629,LIBBY.EOT.PARDON,I.Lewis Libby to be pardoned by the end of President Bush's term in office,20,30.0,Jan/19/2009 16:17:39
461629,LIBBY.EOT.PARDON,I.Lewis Libby to be pardoned by the end of President Bush's term in office,3,45.0,Jan/19/2009 16:17:39
461629,LIBBY.EOT.PARDON,I.Lewis Libby to be pardoned by the end of President Bush's term in office,3,44.1,Jan/19/2009 16:17:39
461629,LIBBY.EOT.PARDON,I.Lewis Libby to be pardoned by the end of President Bush's term in office,1,30.0,Jan/19/2009 16:17:39
461629,LIBBY.EOT.PARDON,I.Lewis Libby to be pardoned by the end of President Bush's term in office,10,44.0,Jan/19/2009 16:17:39
461629,LIBBY.EOT.PARDON,I.Lewis Libby to be pardoned by the end of President Bush's term in office,1,47.0,Jan/19/2009 16:17:39
461629,LIBBY.EOT.PARDON,I.Lewis Libby to be pardoned by the end of President Bush's term in office,1,40.1,Jan/19/2009 16:17:39
461629,LIBBY.EOT.PARDON,I.Lewis Libby to be pardoned by the end of President Bush's term in office,10,35.0,Jan/19/2009 16:17:39
461629,LIBBY.EOT.PARDON,I.Lewis Libby to be pardoned by the end of President Bush's term in office,6,50.0,Jan/19/2009 18:21:35
461629,LIBBY.EOT.PARDON,I.Lewis Libby to be pardoned by the end of President Bush's term in office,1,49.9,Jan/19/2009 18:21:35
461629,LIBBY.EOT.PARDON,I.Lewis Libby to be pardoned by the end of President Bush's term in office,1,40.0,Jan/19/2009 18:22:20
461629,LIBBY.EOT.PARDON,I.Lewis Libby to be pardoned by the end of President Bush's term in office,1,42.0,Jan/19/2009 18:22:20
461629,LIBBY.EOT.PARDON,I.Lewis Libby to be pardoned by the end of President Bush's term in office,1,42.0,Jan/19/2009 18:22:20
461629,LIBBY.EOT.PARDON,I.Lewis Libby to be pardoned by the end of President Bush's term in office,1,40.0,Jan/19/2009 18:22:20
461629,LIBBY.EOT.PARDON,I.Lewis Libby to be pardoned by the end of President Bush's term in office,2,38.5,Jan/19/2009 18:23:20
461629,LIBBY.EOT.PARDON,I.Lewis Libby to be pardoned by the end of President Bush's term in office,2,38.0,Jan/19/2009 18:27:56
461629,LIBBY.EOT.PARDON,I.Lewis Libby to be pardoned by the end of President Bush's term in office,1,37.0,Jan/19/2009 18:28:08
461629,LIBBY.EOT.PARDON,I.Lewis Libby to be pardoned by the end of President Bush's term in office,1,37.0,Jan/19/2009 18:28:08
461629,LIBBY.EOT.PARDON,I.Lewis Libby to be pardoned by the end of President Bush's term in office,2,37.0,Jan/19/2009 18:28:08
461629,LIBBY.EOT.PARDON,I.Lewis Libby to be pardoned by the end of President Bush's term in office,1,35.0,Jan/19/2009 18:29:14
461629,LIBBY.EOT.PARDON,I.Lewis Libby to be pardoned by the end of President Bush's term in office,1,35.0,Jan/19/2009 18:29:14
461629,LIBBY.EOT.PARDON,I.Lewis Libby to be pardoned by the end of President Bush's term in office,2,35.0,Jan/19/2009 18:29:14
461629,LIBBY.EOT.PARDON,I.Lewis Libby to be pardoned by the end of President Bush's term in office,3,33.0,Jan/19/2009 18:29:20
461629,LIBBY.EOT.PARDON,I.Lewis Libby to be pardoned by the end of President Bush's term in office,2,33.0,Jan/19/2009 18:29:20
461629,LIBBY.EOT.PARDON,I.Lewis Libby to be pardoned by the end of President Bush's term in office,3,30.0,Jan/19/2009 18:29:47
461629,LIBBY.EOT.PARDON,I.Lewis Libby to be pardoned by the end of President Bush's term in office,3,30.0,Jan/19/2009 18:29:47
461629,LIBBY.EOT.PARDON,I.Lewis Libby to be pardoned by the end of President Bush's term in office,1,33.0,Jan/19/2009 18:47:05
461629,LIBBY.EOT.PARDON,I.Lewis Libby to be pardoned by the end of President Bush's term in office,3,34.0,Jan/19/2009 18:47:58
461629,LIBBY.EOT.PARDON,I.Lewis Libby to be pardoned by the end of President Bush's term in office,2,33.0,Jan/19/2009 18:47:58
461629,LIBBY.EOT.PARDON,I.Lewis Libby to be pardoned by the end of President Bush's term in office,1,34.0,Jan/19/2009 18:47:58
461629,LIBBY.EOT.PARDON,I.Lewis Libby to be pardoned by the end of President Bush's term in office,30,34.0,Jan/19/2009 18:48:06
461629,LIBBY.EOT.PARDON,I.Lewis Libby to be pardoned by the end of President Bush's term in office,2,28.0,Jan/19/2009 18:49:21
461629,LIBBY.EOT.PARDON,I.Lewis Libby to be pardoned by the end of President Bush's term in office,2,27.0,Jan/19/2009 18:49:28
461629,LIBBY.EOT.PARDON,I.Lewis Libby to be pardoned by the end of President Bush's term in office,2,27.0,Jan/19/2009 18:49:28
461629,LIBBY.EOT.PARDON,I.Lewis Libby to be pardoned by the end of President Bush's term in office,4,25.0,Jan/19/2009 18:49:36
461629,LIBBY.EOT.PARDON,I.Lewis Libby to be pardoned by the end of President Bush's term in office,4,20.0,Jan/19/2009 18:49:42
461629,LIBBY.EOT.PARDON,I.Lewis Libby to be pardoned by the end of President Bush's term in office,7,15.0,Jan/19/2009 18:49:50
461629,LIBBY.EOT.PARDON,I.Lewis Libby to be pardoned by the end of President Bush's term in office,20,11.0,Jan/19/2009 18:49:56
461629,LIBBY.EOT.PARDON,I.Lewis Libby to be pardoned by the end of President Bush's term in office,20,11.0,Jan/19/2009 18:50:05
461629,LIBBY.EOT.PARDON,I.Lewis Libby to be pardoned by the end of President Bush's term in office,169,10.0,Jan/19/2009 18:51:03
461629,LIBBY.EOT.PARDON,I.Lewis Libby to be pardoned by the end of President Bush's term in office,30,7.0,Jan/19/2009 18:51:09
461629,LIBBY.EOT.PARDON,I.Lewis Libby to be pardoned by the end of President Bush's term in office,200,6.0,Jan/19/2009 18:51:16
461629,LIBBY.EOT.PARDON,I.Lewis Libby to be pardoned by the end of President Bush's term in office,1,19.0,Jan/19/2009 18:51:55
461629,LIBBY.EOT.PARDON,I.Lewis Libby to be pardoned by the end of President Bush's term in office,20,20.0,Jan/19/2009 18:52:29
461629,LIBBY.EOT.PARDON,I.Lewis Libby to be pardoned by the end of President Bush's term in office,1,19.0,Jan/19/2009 18:52:29
461629,LIBBY.EOT.PARDON,I.Lewis Libby to be pardoned by the end of President Bush's term in office,3,20.0,Jan/19/2009 18:52:48
461629,LIBBY.EOT.PARDON,I.Lewis Libby to be pardoned by the end of President Bush's term in office,5,7.0,Jan/19/2009 18:55:48
461629,LIBBY.EOT.PARDON,I.Lewis Libby to be pardoned by the end of President Bush's term in office,200,7.0,Jan/19/2009 18:55:48
461629,LIBBY.EOT.PARDON,I.Lewis Libby to be pardoned by the end of President Bush's term in office,3,6.5,Jan/19/2009 18:57:28
461629,LIBBY.EOT.PARDON,I.Lewis Libby to be pardoned by the end of President Bush's term in office,135,6.0,Jan/19/2009 18:57:28
461629,LIBBY.EOT.PARDON,I.Lewis Libby to be pardoned by the end of President Bush's term in office,6,15.0,Jan/19/2009 18:58:14
461629,LIBBY.EOT.PARDON,I.Lewis Libby to be pardoned by the end of President Bush's term in office,4,14.9,Jan/19/2009 18:58:14
461629,LIBBY.EOT.PARDON,I.Lewis Libby to be pardoned by the end of President Bush's term in office,5,13.8,Jan/19/2009 19:01:48
461629,LIBBY.EOT.PARDON,I.Lewis Libby to be pardoned by the end of President Bush's term in office,2,13.5,Jan/19/2009 19:01:48
461629,LIBBY.EOT.PARDON,I.Lewis Libby to be pardoned by the end of President Bush's term in office,3,13.9,Jan/19/2009 19:01:48
461629,LIBBY.EOT.PARDON,I.Lewis Libby to be pardoned by the end of President Bush's term in office,3,13.9,Jan/19/2009 19:01:48
461629,LIBBY.EOT.PARDON,I.Lewis Libby to be pardoned by the end of President Bush's term in office,20,13.0,Jan/19/2009 19:05:58
461629,LIBBY.EOT.PARDON,I.Lewis Libby to be pardoned by the end of President Bush's term in office,2,12.9,Jan/19/2009 19:05:58
461629,LIBBY.EOT.PARDON,I.Lewis Libby to be pardoned by the end of President Bush's term in office,2,10.0,Jan/19/2009 19:17:05
461629,LIBBY.EOT.PARDON,I.Lewis Libby to be pardoned by the end of President Bush's term in office,2,12.9,Jan/19/2009 19:18:38
461629,LIBBY.EOT.PARDON,I.Lewis Libby to be pardoned by the end of President Bush's term in office,17,13.0,Jan/19/2009 19:18:38
461629,LIBBY.EOT.PARDON,I.Lewis Libby to be pardoned by the end of President Bush's term in office,2,12.9,Jan/19/2009 19:18:38
461629,LIBBY.EOT.PARDON,I.Lewis Libby to be pardoned by the end of President Bush's term in office,17,13.0,Jan/19/2009 19:19:10
461629,LIBBY.EOT.PARDON,I.Lewis Libby to be pardoned by the end of President Bush's term in office,3,13.0,Jan/19/2009 19:19:10
461629,LIBBY.EOT.PARDON,I.Lewis Libby to be pardoned by the end of President Bush's term in office,3,13.0,Jan/19/2009 19:27:44
461629,LIBBY.EOT.PARDON,I.Lewis Libby to be pardoned by the end of President Bush's term in office,2,12.9,Jan/19/2009 19:27:44
461629,LIBBY.EOT.PARDON,I.Lewis Libby to be pardoned by the end of President Bush's term in office,15,13.0,Jan/19/2009 19:27:44
461629,LIBBY.EOT.PARDON,I.Lewis Libby to be pardoned by the end of President Bush's term in office,3,8.1,Jan/19/2009 20:10:57
461629,LIBBY.EOT.PARDON,I.Lewis Libby to be pardoned by the end of President Bush's term in office,13,8.0,Jan/19/2009 20:11:30
461629,LIBBY.EOT.PARDON,I.Lewis Libby to be pardoned by the end of President Bush's term in office,70,8.0,Jan/19/2009 20:20:56
461629,LIBBY.EOT.PARDON,I.Lewis Libby to be pardoned by the end of President Bush's term in office,5,8.0,Jan/19/2009 20:21:06
461629,LIBBY.EOT.PARDON,I.Lewis Libby to be pardoned by the end of President Bush's term in office,13,8.0,Jan/19/2009 20:31:06
461629,LIBBY.EOT.PARDON,I.Lewis Libby to be pardoned by the end of President Bush's term in office,12,8.0,Jan/19/2009 20:31:06
461629,LIBBY.EOT.PARDON,I.Lewis Libby to be pardoned by the end of President Bush's term in office,9,8.0,Jan/19/2009 20:44:38
461629,LIBBY.EOT.PARDON,I.Lewis Libby to be pardoned by the end of President Bush's term in office,3,8.2,Jan/19/2009 20:44:38
461629,LIBBY.EOT.PARDON,I.Lewis Libby to be pardoned by the end of President Bush's term in office,10,8.1,Jan/19/2009 20:44:38
461629,LIBBY.EOT.PARDON,I.Lewis Libby to be pardoned by the end of President Bush's term in office,3,8.1,Jan/19/2009 20:44:38
461629,LIBBY.EOT.PARDON,I.Lewis Libby to be pardoned by the end of President Bush's term in office,55,8.0,Jan/19/2009 20:45:57
461629,LIBBY.EOT.PARDON,I.Lewis Libby to be pardoned by the end of President Bush's term in office,6,8.0,Jan/19/2009 20:47:00
461629,LIBBY.EOT.PARDON,I.Lewis Libby to be pardoned by the end of President Bush's term in office,5,8.0,Jan/19/2009 20:49:07
461629,LIBBY.EOT.PARDON,I.Lewis Libby to be pardoned by the end of President Bush's term in office,3,13.9,Jan/19/2009 21:12:42
461629,LIBBY.EOT.PARDON,I.Lewis Libby to be pardoned by the end of President Bush's term in office,1,12.0,Jan/19/2009 21:12:42
461629,LIBBY.EOT.PARDON,I.Lewis Libby to be pardoned by the end of President Bush's term in office,2,12.9,Jan/19/2009 21:12:42
461629,LIBBY.EOT.PARDON,I.Lewis Libby to be pardoned by the end of President Bush's term in office,1,11.9,Jan/19/2009 21:12:42
461629,LIBBY.EOT.PARDON,I.Lewis Libby to be pardoned by the end of President Bush's term in office,3,8.1,Jan/19/2009 21:31:41
461629,LIBBY.EOT.PARDON,I.Lewis Libby to be pardoned by the end of President Bush's term in office,100,8.0,Jan/19/2009 21:31:41
461629,LIBBY.EOT.PARDON,I.Lewis Libby to be pardoned by the end of President Bush's term in office,10,7.0,Jan/19/2009 21:32:58
461629,LIBBY.EOT.PARDON,I.Lewis Libby to be pardoned by the end of President Bush's term in office,102,7.0,Jan/19/2009 21:48:30
461629,LIBBY.EOT.PARDON,I.Lewis Libby to be pardoned by the end of President Bush's term in office,10,3.1,Jan/19/2009 22:08:39
461629,LIBBY.EOT.PARDON,I.Lewis Libby to be pardoned by the end of President Bush's term in office,10,3.0,Jan/19/2009 22:08:39
461629,LIBBY.EOT.PARDON,I.Lewis Libby to be pardoned by the end of President Bush's term in office,8,3.6,Jan/19/2009 23:03:15
461629,LIBBY.EOT.PARDON,I.Lewis Libby to be pardoned by the end of President Bush's term in office,3,3.7,Jan/19/2009 23:03:15
461629,LIBBY.EOT.PARDON,I.Lewis Libby to be pardoned by the end of President Bush's term in office,33,4.9,Jan/19/2009 23:06:08
461629,LIBBY.EOT.PARDON,I.Lewis Libby to be pardoned by the end of President Bush's term in office,10,4.9,Jan/20/2009 00:01:14
461629,LIBBY.EOT.PARDON,I.Lewis Libby to be pardoned by the end of President Bush's term in office,11,4.9,Jan/20/2009 00:12:25
461629,LIBBY.EOT.PARDON,I.Lewis Libby to be pardoned by the end of President Bush's term in office,7,4.9,Jan/20/2009 00:12:25
461629,LIBBY.EOT.PARDON,I.Lewis Libby to be pardoned by the end of President Bush's term in office,42,3.4,Jan/20/2009 00:12:25
461629,LIBBY.EOT.PARDON,I.Lewis Libby to be pardoned by the end of President Bush's term in office,9,4.9,Jan/20/2009 00:16:03
461629,LIBBY.EOT.PARDON,I.Lewis Libby to be pardoned by the end of President Bush's term in office,12,5.8,Jan/20/2009 00:31:58
461629,LIBBY.EOT.PARDON,I.Lewis Libby to be pardoned by the end of President Bush's term in office,14,5.0,Jan/20/2009 00:38:57
461629,LIBBY.EOT.PARDON,I.Lewis Libby to be pardoned by the end of President Bush's term in office,7,7.6,Jan/20/2009 01:20:17
461629,LIBBY.EOT.PARDON,I.Lewis Libby to be pardoned by the end of President Bush's term in office,10,7.6,Jan/20/2009 01:20:58
461629,LIBBY.EOT.PARDON,I.Lewis Libby to be pardoned by the end of President Bush's term in office,2,3.0,Jan/20/2009 02:05:06
461629,LIBBY.EOT.PARDON,I.Lewis Libby to be pardoned by the end of President Bush's term in office,3,7.2,Jan/20/2009 02:58:57
461629,LIBBY.EOT.PARDON,I.Lewis Libby to be pardoned by the end of President Bush's term in office,7,7.5,Jan/20/2009 02:58:57
461629,LIBBY.EOT.PARDON,I.Lewis Libby to be pardoned by the end of President Bush's term in office,38,7.4,Jan/20/2009 03:00:23
461629,LIBBY.EOT.PARDON,I.Lewis Libby to be pardoned by the end of President Bush's term in office,8,2.6,Jan/20/2009 03:24:09
461629,LIBBY.EOT.PARDON,I.Lewis Libby to be pardoned by the end of President Bush's term in office,8,2.1,Jan/20/2009 03:38:44
461629,LIBBY.EOT.PARDON,I.Lewis Libby to be pardoned by the end of President Bush's term in office,12,2.6,Jan/20/2009 03:38:44
461629,LIBBY.EOT.PARDON,I.Lewis Libby to be pardoned by the end of President Bush's term in office,2,6.9,Jan/20/2009 09:20:03
461629,LIBBY.EOT.PARDON,I.Lewis Libby to be pardoned by the end of President Bush's term in office,5,7.4,Jan/20/2009 09:20:03
461629,LIBBY.EOT.PARDON,I.Lewis Libby to be pardoned by the end of President Bush's term in office,3,7.3,Jan/20/2009 09:20:03
461629,LIBBY.EOT.PARDON,I.Lewis Libby to be pardoned by the end of President Bush's term in office,1,2.5,Jan/20/2009 09:35:35
461629,LIBBY.EOT.PARDON,I.Lewis Libby to be pardoned by the end of President Bush's term in office,2,3.5,Jan/20/2009 09:35:35
461629,LIBBY.EOT.PARDON,I.Lewis Libby to be pardoned by the end of President Bush's term in office,8,7.9,Jan/20/2009 11:35:24
461629,LIBBY.EOT.PARDON,I.Lewis Libby to be pardoned by the end of President Bush's term in office,7,7.4,Jan/20/2009 11:35:24
461629,LIBBY.EOT.PARDON,I.Lewis Libby to be pardoned by the end of President Bush's term in office,49,2.0,Jan/20/2009 16:44:23
461629,LIBBY.EOT.PARDON,I.Lewis Libby to be pardoned by the end of President Bush's term in office,10,0.9,Jan/20/2009 17:06:05
