market id,market symbol,market name,trade quantity,trade price,date/time [utc]
749807,NEW.HAMP.GINGRICH,Newt Gingrich to win the 2012 New Hampshire Primary,10,0.6,Jun/28/2011 21:11:52
749807,NEW.HAMP.GINGRICH,Newt Gingrich to win the 2012 New Hampshire Primary,5,0.2,Jul/01/2011 14:36:41
749807,NEW.HAMP.GINGRICH,Newt Gingrich to win the 2012 New Hampshire Primary,10,0.3,Jul/01/2011 22:36:17
749807,NEW.HAMP.GINGRICH,Newt Gingrich to win the 2012 New Hampshire Primary,25,0.3,Jul/01/2011 22:36:17
749807,NEW.HAMP.GINGRICH,Newt Gingrich to win the 2012 New Hampshire Primary,5,0.3,Jul/01/2011 22:36:17
749807,NEW.HAMP.GINGRICH,Newt Gingrich to win the 2012 New Hampshire Primary,1,0.4,Jul/05/2011 22:08:12
749807,NEW.HAMP.GINGRICH,Newt Gingrich to win the 2012 New Hampshire Primary,1,0.1,Jul/06/2011 20:48:24
749807,NEW.HAMP.GINGRICH,Newt Gingrich to win the 2012 New Hampshire Primary,20,0.1,Jul/14/2011 12:55:40
749807,NEW.HAMP.GINGRICH,Newt Gingrich to win the 2012 New Hampshire Primary,20,0.2,Jul/19/2011 16:55:02
749807,NEW.HAMP.GINGRICH,Newt Gingrich to win the 2012 New Hampshire Primary,20,0.3,Jul/28/2011 01:49:33
749807,NEW.HAMP.GINGRICH,Newt Gingrich to win the 2012 New Hampshire Primary,3,0.3,Aug/01/2011 00:37:59
749807,NEW.HAMP.GINGRICH,Newt Gingrich to win the 2012 New Hampshire Primary,4,0.3,Aug/04/2011 12:42:35
749807,NEW.HAMP.GINGRICH,Newt Gingrich to win the 2012 New Hampshire Primary,39,0.4,Aug/12/2011 01:29:47
749807,NEW.HAMP.GINGRICH,Newt Gingrich to win the 2012 New Hampshire Primary,20,0.2,Aug/28/2011 19:29:58
749807,NEW.HAMP.GINGRICH,Newt Gingrich to win the 2012 New Hampshire Primary,44,0.2,Aug/31/2011 07:31:45
749807,NEW.HAMP.GINGRICH,Newt Gingrich to win the 2012 New Hampshire Primary,39,0.2,Sep/03/2011 17:13:31
749807,NEW.HAMP.GINGRICH,Newt Gingrich to win the 2012 New Hampshire Primary,72,0.3,Sep/04/2011 04:29:42
749807,NEW.HAMP.GINGRICH,Newt Gingrich to win the 2012 New Hampshire Primary,1,0.5,Sep/13/2011 00:28:09
749807,NEW.HAMP.GINGRICH,Newt Gingrich to win the 2012 New Hampshire Primary,92,0.5,Sep/13/2011 00:28:09
749807,NEW.HAMP.GINGRICH,Newt Gingrich to win the 2012 New Hampshire Primary,1,0.4,Sep/27/2011 01:38:12
749807,NEW.HAMP.GINGRICH,Newt Gingrich to win the 2012 New Hampshire Primary,1,0.4,Sep/27/2011 01:39:07
749807,NEW.HAMP.GINGRICH,Newt Gingrich to win the 2012 New Hampshire Primary,2,0.4,Sep/27/2011 01:39:52
749807,NEW.HAMP.GINGRICH,Newt Gingrich to win the 2012 New Hampshire Primary,2,0.4,Sep/27/2011 01:40:02
749807,NEW.HAMP.GINGRICH,Newt Gingrich to win the 2012 New Hampshire Primary,4,0.4,Sep/27/2011 01:40:37
749807,NEW.HAMP.GINGRICH,Newt Gingrich to win the 2012 New Hampshire Primary,10,0.3,Sep/27/2011 01:40:58
749807,NEW.HAMP.GINGRICH,Newt Gingrich to win the 2012 New Hampshire Primary,20,0.3,Sep/27/2011 01:41:23
749807,NEW.HAMP.GINGRICH,Newt Gingrich to win the 2012 New Hampshire Primary,10,0.3,Sep/27/2011 01:41:48
749807,NEW.HAMP.GINGRICH,Newt Gingrich to win the 2012 New Hampshire Primary,60,0.4,Sep/28/2011 17:20:26
749807,NEW.HAMP.GINGRICH,Newt Gingrich to win the 2012 New Hampshire Primary,1,0.5,Sep/29/2011 10:28:54
749807,NEW.HAMP.GINGRICH,Newt Gingrich to win the 2012 New Hampshire Primary,30,0.5,Sep/29/2011 10:28:54
749807,NEW.HAMP.GINGRICH,Newt Gingrich to win the 2012 New Hampshire Primary,1,0.5,Sep/30/2011 16:56:47
749807,NEW.HAMP.GINGRICH,Newt Gingrich to win the 2012 New Hampshire Primary,9,0.5,Sep/30/2011 16:58:12
749807,NEW.HAMP.GINGRICH,Newt Gingrich to win the 2012 New Hampshire Primary,1,1.4,Sep/30/2011 21:02:41
749807,NEW.HAMP.GINGRICH,Newt Gingrich to win the 2012 New Hampshire Primary,1,0.5,Oct/01/2011 18:03:34
749807,NEW.HAMP.GINGRICH,Newt Gingrich to win the 2012 New Hampshire Primary,1,0.5,Oct/01/2011 18:04:14
749807,NEW.HAMP.GINGRICH,Newt Gingrich to win the 2012 New Hampshire Primary,1,0.5,Oct/01/2011 18:04:29
749807,NEW.HAMP.GINGRICH,Newt Gingrich to win the 2012 New Hampshire Primary,1,0.5,Oct/01/2011 18:04:44
749807,NEW.HAMP.GINGRICH,Newt Gingrich to win the 2012 New Hampshire Primary,7,0.5,Oct/01/2011 18:10:04
749807,NEW.HAMP.GINGRICH,Newt Gingrich to win the 2012 New Hampshire Primary,10,0.5,Oct/01/2011 19:11:50
749807,NEW.HAMP.GINGRICH,Newt Gingrich to win the 2012 New Hampshire Primary,1,0.4,Oct/03/2011 23:08:21
749807,NEW.HAMP.GINGRICH,Newt Gingrich to win the 2012 New Hampshire Primary,1,0.9,Oct/05/2011 14:20:23
749807,NEW.HAMP.GINGRICH,Newt Gingrich to win the 2012 New Hampshire Primary,50,0.9,Oct/05/2011 14:20:23
749807,NEW.HAMP.GINGRICH,Newt Gingrich to win the 2012 New Hampshire Primary,1,1.0,Oct/05/2011 14:20:34
749807,NEW.HAMP.GINGRICH,Newt Gingrich to win the 2012 New Hampshire Primary,2,0.4,Oct/09/2011 15:07:36
749807,NEW.HAMP.GINGRICH,Newt Gingrich to win the 2012 New Hampshire Primary,1,0.4,Oct/10/2011 23:38:41
749807,NEW.HAMP.GINGRICH,Newt Gingrich to win the 2012 New Hampshire Primary,1,0.4,Oct/10/2011 23:41:38
749807,NEW.HAMP.GINGRICH,Newt Gingrich to win the 2012 New Hampshire Primary,1,0.4,Oct/10/2011 23:42:08
749807,NEW.HAMP.GINGRICH,Newt Gingrich to win the 2012 New Hampshire Primary,1,0.4,Oct/10/2011 23:42:38
749807,NEW.HAMP.GINGRICH,Newt Gingrich to win the 2012 New Hampshire Primary,1,0.4,Oct/10/2011 23:42:48
749807,NEW.HAMP.GINGRICH,Newt Gingrich to win the 2012 New Hampshire Primary,1,1.0,Oct/18/2011 03:18:01
749807,NEW.HAMP.GINGRICH,Newt Gingrich to win the 2012 New Hampshire Primary,17,1.0,Oct/18/2011 03:18:01
749807,NEW.HAMP.GINGRICH,Newt Gingrich to win the 2012 New Hampshire Primary,50,1.2,Oct/23/2011 10:32:11
749807,NEW.HAMP.GINGRICH,Newt Gingrich to win the 2012 New Hampshire Primary,1,1.2,Oct/23/2011 10:32:11
749807,NEW.HAMP.GINGRICH,Newt Gingrich to win the 2012 New Hampshire Primary,1,1.5,Oct/27/2011 15:53:38
749807,NEW.HAMP.GINGRICH,Newt Gingrich to win the 2012 New Hampshire Primary,1,1.5,Oct/27/2011 15:53:38
749807,NEW.HAMP.GINGRICH,Newt Gingrich to win the 2012 New Hampshire Primary,10,1.1,Oct/30/2011 20:58:02
749807,NEW.HAMP.GINGRICH,Newt Gingrich to win the 2012 New Hampshire Primary,1,1.5,Nov/05/2011 23:23:25
749807,NEW.HAMP.GINGRICH,Newt Gingrich to win the 2012 New Hampshire Primary,10,1.5,Nov/05/2011 23:23:25
749807,NEW.HAMP.GINGRICH,Newt Gingrich to win the 2012 New Hampshire Primary,2,1.5,Nov/06/2011 23:32:27
749807,NEW.HAMP.GINGRICH,Newt Gingrich to win the 2012 New Hampshire Primary,5,1.5,Nov/07/2011 19:52:10
749807,NEW.HAMP.GINGRICH,Newt Gingrich to win the 2012 New Hampshire Primary,10,1.2,Nov/08/2011 23:05:56
749807,NEW.HAMP.GINGRICH,Newt Gingrich to win the 2012 New Hampshire Primary,15,1.2,Nov/08/2011 23:05:56
749807,NEW.HAMP.GINGRICH,Newt Gingrich to win the 2012 New Hampshire Primary,2,1.2,Nov/08/2011 23:06:28
749807,NEW.HAMP.GINGRICH,Newt Gingrich to win the 2012 New Hampshire Primary,2,1.2,Nov/08/2011 23:06:59
749807,NEW.HAMP.GINGRICH,Newt Gingrich to win the 2012 New Hampshire Primary,1,1.2,Nov/08/2011 23:07:20
749807,NEW.HAMP.GINGRICH,Newt Gingrich to win the 2012 New Hampshire Primary,30,1.2,Nov/08/2011 23:07:20
749807,NEW.HAMP.GINGRICH,Newt Gingrich to win the 2012 New Hampshire Primary,10,1.3,Nov/08/2011 23:07:31
749807,NEW.HAMP.GINGRICH,Newt Gingrich to win the 2012 New Hampshire Primary,10,1.4,Nov/08/2011 23:08:12
749807,NEW.HAMP.GINGRICH,Newt Gingrich to win the 2012 New Hampshire Primary,21,1.4,Nov/08/2011 23:08:43
749807,NEW.HAMP.GINGRICH,Newt Gingrich to win the 2012 New Hampshire Primary,10,1.5,Nov/08/2011 23:08:43
749807,NEW.HAMP.GINGRICH,Newt Gingrich to win the 2012 New Hampshire Primary,10,2.0,Nov/08/2011 23:11:19
749807,NEW.HAMP.GINGRICH,Newt Gingrich to win the 2012 New Hampshire Primary,6,2.0,Nov/08/2011 23:11:19
749807,NEW.HAMP.GINGRICH,Newt Gingrich to win the 2012 New Hampshire Primary,1,2.0,Nov/08/2011 23:11:19
749807,NEW.HAMP.GINGRICH,Newt Gingrich to win the 2012 New Hampshire Primary,1,2.0,Nov/08/2011 23:11:19
749807,NEW.HAMP.GINGRICH,Newt Gingrich to win the 2012 New Hampshire Primary,1,1.4,Nov/10/2011 18:14:03
749807,NEW.HAMP.GINGRICH,Newt Gingrich to win the 2012 New Hampshire Primary,2,1.4,Nov/10/2011 18:14:53
749807,NEW.HAMP.GINGRICH,Newt Gingrich to win the 2012 New Hampshire Primary,2,1.4,Nov/10/2011 18:15:14
749807,NEW.HAMP.GINGRICH,Newt Gingrich to win the 2012 New Hampshire Primary,25,1.4,Nov/10/2011 18:15:55
749807,NEW.HAMP.GINGRICH,Newt Gingrich to win the 2012 New Hampshire Primary,10,2.0,Nov/10/2011 22:07:42
749807,NEW.HAMP.GINGRICH,Newt Gingrich to win the 2012 New Hampshire Primary,1,2.0,Nov/10/2011 22:07:42
749807,NEW.HAMP.GINGRICH,Newt Gingrich to win the 2012 New Hampshire Primary,10,2.0,Nov/10/2011 22:08:00
749807,NEW.HAMP.GINGRICH,Newt Gingrich to win the 2012 New Hampshire Primary,16,2.0,Nov/10/2011 22:08:21
749807,NEW.HAMP.GINGRICH,Newt Gingrich to win the 2012 New Hampshire Primary,25,2.0,Nov/10/2011 22:08:40
749807,NEW.HAMP.GINGRICH,Newt Gingrich to win the 2012 New Hampshire Primary,25,2.0,Nov/10/2011 23:50:37
749807,NEW.HAMP.GINGRICH,Newt Gingrich to win the 2012 New Hampshire Primary,1,2.5,Nov/11/2011 15:11:27
749807,NEW.HAMP.GINGRICH,Newt Gingrich to win the 2012 New Hampshire Primary,10,2.5,Nov/11/2011 15:11:27
749807,NEW.HAMP.GINGRICH,Newt Gingrich to win the 2012 New Hampshire Primary,1,2.5,Nov/11/2011 15:11:27
749807,NEW.HAMP.GINGRICH,Newt Gingrich to win the 2012 New Hampshire Primary,1,3.0,Nov/11/2011 20:41:17
749807,NEW.HAMP.GINGRICH,Newt Gingrich to win the 2012 New Hampshire Primary,10,3.0,Nov/11/2011 20:41:17
749807,NEW.HAMP.GINGRICH,Newt Gingrich to win the 2012 New Hampshire Primary,1,3.0,Nov/11/2011 20:41:17
749807,NEW.HAMP.GINGRICH,Newt Gingrich to win the 2012 New Hampshire Primary,10,3.9,Nov/12/2011 21:53:00
749807,NEW.HAMP.GINGRICH,Newt Gingrich to win the 2012 New Hampshire Primary,1,4.0,Nov/12/2011 21:53:00
749807,NEW.HAMP.GINGRICH,Newt Gingrich to win the 2012 New Hampshire Primary,82,4.0,Nov/12/2011 21:53:00
749807,NEW.HAMP.GINGRICH,Newt Gingrich to win the 2012 New Hampshire Primary,17,4.1,Nov/12/2011 21:53:10
749807,NEW.HAMP.GINGRICH,Newt Gingrich to win the 2012 New Hampshire Primary,8,4.1,Nov/12/2011 21:53:20
749807,NEW.HAMP.GINGRICH,Newt Gingrich to win the 2012 New Hampshire Primary,25,4.3,Nov/13/2011 01:33:01
749807,NEW.HAMP.GINGRICH,Newt Gingrich to win the 2012 New Hampshire Primary,20,5.0,Nov/13/2011 15:22:57
749807,NEW.HAMP.GINGRICH,Newt Gingrich to win the 2012 New Hampshire Primary,1,5.0,Nov/13/2011 15:22:57
749807,NEW.HAMP.GINGRICH,Newt Gingrich to win the 2012 New Hampshire Primary,25,5.1,Nov/13/2011 15:23:00
749807,NEW.HAMP.GINGRICH,Newt Gingrich to win the 2012 New Hampshire Primary,1,4.0,Nov/14/2011 12:21:49
749807,NEW.HAMP.GINGRICH,Newt Gingrich to win the 2012 New Hampshire Primary,29,4.9,Nov/14/2011 14:07:39
749807,NEW.HAMP.GINGRICH,Newt Gingrich to win the 2012 New Hampshire Primary,50,5.0,Nov/15/2011 00:23:48
749807,NEW.HAMP.GINGRICH,Newt Gingrich to win the 2012 New Hampshire Primary,1,5.0,Nov/15/2011 00:23:48
749807,NEW.HAMP.GINGRICH,Newt Gingrich to win the 2012 New Hampshire Primary,9,4.5,Nov/15/2011 04:16:34
749807,NEW.HAMP.GINGRICH,Newt Gingrich to win the 2012 New Hampshire Primary,10,4.1,Nov/15/2011 15:29:10
749807,NEW.HAMP.GINGRICH,Newt Gingrich to win the 2012 New Hampshire Primary,22,4.3,Nov/16/2011 02:33:25
749807,NEW.HAMP.GINGRICH,Newt Gingrich to win the 2012 New Hampshire Primary,10,4.5,Nov/18/2011 09:17:45
749807,NEW.HAMP.GINGRICH,Newt Gingrich to win the 2012 New Hampshire Primary,1,4.5,Nov/18/2011 09:17:45
749807,NEW.HAMP.GINGRICH,Newt Gingrich to win the 2012 New Hampshire Primary,10,4.9,Nov/18/2011 09:17:59
749807,NEW.HAMP.GINGRICH,Newt Gingrich to win the 2012 New Hampshire Primary,4,5.0,Nov/18/2011 09:18:27
749807,NEW.HAMP.GINGRICH,Newt Gingrich to win the 2012 New Hampshire Primary,4,2.5,Nov/18/2011 10:23:34
749807,NEW.HAMP.GINGRICH,Newt Gingrich to win the 2012 New Hampshire Primary,1,2.6,Nov/18/2011 15:14:38
749807,NEW.HAMP.GINGRICH,Newt Gingrich to win the 2012 New Hampshire Primary,2,2.6,Nov/18/2011 15:14:49
749807,NEW.HAMP.GINGRICH,Newt Gingrich to win the 2012 New Hampshire Primary,1,2.6,Nov/18/2011 15:15:19
749807,NEW.HAMP.GINGRICH,Newt Gingrich to win the 2012 New Hampshire Primary,13,2.6,Nov/18/2011 15:15:39
749807,NEW.HAMP.GINGRICH,Newt Gingrich to win the 2012 New Hampshire Primary,12,2.6,Nov/18/2011 15:15:59
749807,NEW.HAMP.GINGRICH,Newt Gingrich to win the 2012 New Hampshire Primary,30,2.6,Nov/18/2011 15:16:41
749807,NEW.HAMP.GINGRICH,Newt Gingrich to win the 2012 New Hampshire Primary,14,2.6,Nov/18/2011 15:17:35
749807,NEW.HAMP.GINGRICH,Newt Gingrich to win the 2012 New Hampshire Primary,11,2.6,Nov/18/2011 15:17:35
749807,NEW.HAMP.GINGRICH,Newt Gingrich to win the 2012 New Hampshire Primary,10,4.5,Nov/18/2011 15:49:06
749807,NEW.HAMP.GINGRICH,Newt Gingrich to win the 2012 New Hampshire Primary,1,4.5,Nov/18/2011 15:49:06
749807,NEW.HAMP.GINGRICH,Newt Gingrich to win the 2012 New Hampshire Primary,1,4.5,Nov/18/2011 15:49:51
749807,NEW.HAMP.GINGRICH,Newt Gingrich to win the 2012 New Hampshire Primary,7,5.0,Nov/18/2011 15:50:13
749807,NEW.HAMP.GINGRICH,Newt Gingrich to win the 2012 New Hampshire Primary,1,5.1,Nov/18/2011 15:50:22
749807,NEW.HAMP.GINGRICH,Newt Gingrich to win the 2012 New Hampshire Primary,10,5.5,Nov/18/2011 15:50:31
749807,NEW.HAMP.GINGRICH,Newt Gingrich to win the 2012 New Hampshire Primary,1,5.5,Nov/18/2011 15:50:31
749807,NEW.HAMP.GINGRICH,Newt Gingrich to win the 2012 New Hampshire Primary,10,5.9,Nov/18/2011 15:50:37
749807,NEW.HAMP.GINGRICH,Newt Gingrich to win the 2012 New Hampshire Primary,10,5.9,Nov/18/2011 15:53:33
749807,NEW.HAMP.GINGRICH,Newt Gingrich to win the 2012 New Hampshire Primary,1,7.0,Nov/18/2011 16:00:04
749807,NEW.HAMP.GINGRICH,Newt Gingrich to win the 2012 New Hampshire Primary,1,5.9,Nov/18/2011 16:01:29
749807,NEW.HAMP.GINGRICH,Newt Gingrich to win the 2012 New Hampshire Primary,10,7.4,Nov/18/2011 16:13:42
749807,NEW.HAMP.GINGRICH,Newt Gingrich to win the 2012 New Hampshire Primary,2,7.5,Nov/18/2011 16:13:42
749807,NEW.HAMP.GINGRICH,Newt Gingrich to win the 2012 New Hampshire Primary,9,7.0,Nov/18/2011 16:13:42
749807,NEW.HAMP.GINGRICH,Newt Gingrich to win the 2012 New Hampshire Primary,20,7.5,Nov/18/2011 16:13:42
749807,NEW.HAMP.GINGRICH,Newt Gingrich to win the 2012 New Hampshire Primary,1,6.5,Nov/18/2011 16:18:21
749807,NEW.HAMP.GINGRICH,Newt Gingrich to win the 2012 New Hampshire Primary,3,6.5,Nov/18/2011 16:18:52
749807,NEW.HAMP.GINGRICH,Newt Gingrich to win the 2012 New Hampshire Primary,6,6.5,Nov/18/2011 16:19:14
749807,NEW.HAMP.GINGRICH,Newt Gingrich to win the 2012 New Hampshire Primary,5,6.0,Nov/18/2011 16:19:34
749807,NEW.HAMP.GINGRICH,Newt Gingrich to win the 2012 New Hampshire Primary,15,6.0,Nov/18/2011 16:20:55
749807,NEW.HAMP.GINGRICH,Newt Gingrich to win the 2012 New Hampshire Primary,10,7.5,Nov/18/2011 16:36:39
749807,NEW.HAMP.GINGRICH,Newt Gingrich to win the 2012 New Hampshire Primary,25,7.0,Nov/18/2011 16:48:40
749807,NEW.HAMP.GINGRICH,Newt Gingrich to win the 2012 New Hampshire Primary,16,6.5,Nov/18/2011 16:49:11
749807,NEW.HAMP.GINGRICH,Newt Gingrich to win the 2012 New Hampshire Primary,9,6.5,Nov/18/2011 16:50:23
749807,NEW.HAMP.GINGRICH,Newt Gingrich to win the 2012 New Hampshire Primary,3,6.5,Nov/18/2011 16:53:24
749807,NEW.HAMP.GINGRICH,Newt Gingrich to win the 2012 New Hampshire Primary,16,6.5,Nov/18/2011 17:01:42
749807,NEW.HAMP.GINGRICH,Newt Gingrich to win the 2012 New Hampshire Primary,1,6.5,Nov/18/2011 17:02:13
749807,NEW.HAMP.GINGRICH,Newt Gingrich to win the 2012 New Hampshire Primary,20,6.5,Nov/18/2011 17:02:13
749807,NEW.HAMP.GINGRICH,Newt Gingrich to win the 2012 New Hampshire Primary,10,6.4,Nov/18/2011 17:02:13
749807,NEW.HAMP.GINGRICH,Newt Gingrich to win the 2012 New Hampshire Primary,3,6.5,Nov/18/2011 17:04:34
749807,NEW.HAMP.GINGRICH,Newt Gingrich to win the 2012 New Hampshire Primary,25,6.6,Nov/18/2011 17:52:16
749807,NEW.HAMP.GINGRICH,Newt Gingrich to win the 2012 New Hampshire Primary,21,6.8,Nov/18/2011 19:10:05
749807,NEW.HAMP.GINGRICH,Newt Gingrich to win the 2012 New Hampshire Primary,1,8.5,Nov/18/2011 19:46:15
749807,NEW.HAMP.GINGRICH,Newt Gingrich to win the 2012 New Hampshire Primary,70,8.5,Nov/18/2011 19:46:15
749807,NEW.HAMP.GINGRICH,Newt Gingrich to win the 2012 New Hampshire Primary,2,8.0,Nov/18/2011 22:58:50
749807,NEW.HAMP.GINGRICH,Newt Gingrich to win the 2012 New Hampshire Primary,5,8.0,Nov/19/2011 00:25:25
749807,NEW.HAMP.GINGRICH,Newt Gingrich to win the 2012 New Hampshire Primary,2,7.7,Nov/19/2011 00:57:22
749807,NEW.HAMP.GINGRICH,Newt Gingrich to win the 2012 New Hampshire Primary,2,7.5,Nov/19/2011 00:57:22
749807,NEW.HAMP.GINGRICH,Newt Gingrich to win the 2012 New Hampshire Primary,2,7.5,Nov/19/2011 01:41:28
749807,NEW.HAMP.GINGRICH,Newt Gingrich to win the 2012 New Hampshire Primary,1,7.5,Nov/19/2011 02:04:16
749807,NEW.HAMP.GINGRICH,Newt Gingrich to win the 2012 New Hampshire Primary,3,7.5,Nov/19/2011 02:07:24
749807,NEW.HAMP.GINGRICH,Newt Gingrich to win the 2012 New Hampshire Primary,1,7.5,Nov/19/2011 02:07:24
749807,NEW.HAMP.GINGRICH,Newt Gingrich to win the 2012 New Hampshire Primary,3,7.5,Nov/19/2011 15:33:27
749807,NEW.HAMP.GINGRICH,Newt Gingrich to win the 2012 New Hampshire Primary,3,7.0,Nov/19/2011 16:49:51
749807,NEW.HAMP.GINGRICH,Newt Gingrich to win the 2012 New Hampshire Primary,7,7.0,Nov/19/2011 19:55:38
749807,NEW.HAMP.GINGRICH,Newt Gingrich to win the 2012 New Hampshire Primary,1,7.0,Nov/19/2011 19:55:38
749807,NEW.HAMP.GINGRICH,Newt Gingrich to win the 2012 New Hampshire Primary,20,6.7,Nov/19/2011 21:05:37
749807,NEW.HAMP.GINGRICH,Newt Gingrich to win the 2012 New Hampshire Primary,6,6.6,Nov/19/2011 21:05:37
749807,NEW.HAMP.GINGRICH,Newt Gingrich to win the 2012 New Hampshire Primary,11,7.0,Nov/19/2011 21:05:37
749807,NEW.HAMP.GINGRICH,Newt Gingrich to win the 2012 New Hampshire Primary,8,6.6,Nov/20/2011 00:41:13
749807,NEW.HAMP.GINGRICH,Newt Gingrich to win the 2012 New Hampshire Primary,1,6.6,Nov/20/2011 00:41:34
749807,NEW.HAMP.GINGRICH,Newt Gingrich to win the 2012 New Hampshire Primary,17,6.5,Nov/20/2011 00:42:24
749807,NEW.HAMP.GINGRICH,Newt Gingrich to win the 2012 New Hampshire Primary,10,6.0,Nov/20/2011 06:13:30
749807,NEW.HAMP.GINGRICH,Newt Gingrich to win the 2012 New Hampshire Primary,1,5.6,Nov/20/2011 08:23:12
749807,NEW.HAMP.GINGRICH,Newt Gingrich to win the 2012 New Hampshire Primary,9,5.5,Nov/20/2011 08:23:28
749807,NEW.HAMP.GINGRICH,Newt Gingrich to win the 2012 New Hampshire Primary,12,5.1,Nov/20/2011 08:23:53
749807,NEW.HAMP.GINGRICH,Newt Gingrich to win the 2012 New Hampshire Primary,40,5.0,Nov/20/2011 08:24:05
749807,NEW.HAMP.GINGRICH,Newt Gingrich to win the 2012 New Hampshire Primary,19,4.5,Nov/20/2011 08:24:21
749807,NEW.HAMP.GINGRICH,Newt Gingrich to win the 2012 New Hampshire Primary,25,5.0,Nov/20/2011 20:01:38
749807,NEW.HAMP.GINGRICH,Newt Gingrich to win the 2012 New Hampshire Primary,1,5.0,Nov/20/2011 20:01:38
749807,NEW.HAMP.GINGRICH,Newt Gingrich to win the 2012 New Hampshire Primary,50,5.5,Nov/21/2011 03:53:32
749807,NEW.HAMP.GINGRICH,Newt Gingrich to win the 2012 New Hampshire Primary,1,5.5,Nov/21/2011 03:53:32
749807,NEW.HAMP.GINGRICH,Newt Gingrich to win the 2012 New Hampshire Primary,1,6.0,Nov/21/2011 06:40:59
749807,NEW.HAMP.GINGRICH,Newt Gingrich to win the 2012 New Hampshire Primary,100,6.0,Nov/21/2011 06:40:59
749807,NEW.HAMP.GINGRICH,Newt Gingrich to win the 2012 New Hampshire Primary,2,5.1,Nov/21/2011 19:29:19
749807,NEW.HAMP.GINGRICH,Newt Gingrich to win the 2012 New Hampshire Primary,1,5.2,Nov/21/2011 19:29:19
749807,NEW.HAMP.GINGRICH,Newt Gingrich to win the 2012 New Hampshire Primary,3,5.1,Nov/21/2011 19:30:00
749807,NEW.HAMP.GINGRICH,Newt Gingrich to win the 2012 New Hampshire Primary,1,6.0,Nov/21/2011 19:42:22
749807,NEW.HAMP.GINGRICH,Newt Gingrich to win the 2012 New Hampshire Primary,25,4.0,Nov/21/2011 19:45:22
749807,NEW.HAMP.GINGRICH,Newt Gingrich to win the 2012 New Hampshire Primary,19,4.0,Nov/21/2011 19:45:22
749807,NEW.HAMP.GINGRICH,Newt Gingrich to win the 2012 New Hampshire Primary,33,4.0,Nov/21/2011 19:45:42
749807,NEW.HAMP.GINGRICH,Newt Gingrich to win the 2012 New Hampshire Primary,6,4.0,Nov/21/2011 19:46:53
749807,NEW.HAMP.GINGRICH,Newt Gingrich to win the 2012 New Hampshire Primary,10,5.5,Nov/21/2011 23:14:38
749807,NEW.HAMP.GINGRICH,Newt Gingrich to win the 2012 New Hampshire Primary,1,5.5,Nov/21/2011 23:14:38
749807,NEW.HAMP.GINGRICH,Newt Gingrich to win the 2012 New Hampshire Primary,20,6.0,Nov/22/2011 03:56:41
749807,NEW.HAMP.GINGRICH,Newt Gingrich to win the 2012 New Hampshire Primary,40,5.8,Nov/22/2011 05:06:39
749807,NEW.HAMP.GINGRICH,Newt Gingrich to win the 2012 New Hampshire Primary,10,4.5,Nov/22/2011 16:19:53
749807,NEW.HAMP.GINGRICH,Newt Gingrich to win the 2012 New Hampshire Primary,10,5.0,Nov/22/2011 18:44:08
749807,NEW.HAMP.GINGRICH,Newt Gingrich to win the 2012 New Hampshire Primary,1,5.0,Nov/22/2011 18:44:08
749807,NEW.HAMP.GINGRICH,Newt Gingrich to win the 2012 New Hampshire Primary,3,5.5,Nov/22/2011 19:03:30
749807,NEW.HAMP.GINGRICH,Newt Gingrich to win the 2012 New Hampshire Primary,31,5.8,Nov/22/2011 20:26:35
749807,NEW.HAMP.GINGRICH,Newt Gingrich to win the 2012 New Hampshire Primary,1,7.9,Nov/22/2011 20:26:35
749807,NEW.HAMP.GINGRICH,Newt Gingrich to win the 2012 New Hampshire Primary,10,7.0,Nov/22/2011 20:26:35
749807,NEW.HAMP.GINGRICH,Newt Gingrich to win the 2012 New Hampshire Primary,29,6.0,Nov/22/2011 20:26:35
749807,NEW.HAMP.GINGRICH,Newt Gingrich to win the 2012 New Hampshire Primary,7,5.5,Nov/22/2011 20:26:35
749807,NEW.HAMP.GINGRICH,Newt Gingrich to win the 2012 New Hampshire Primary,1,5.5,Nov/22/2011 20:26:35
749807,NEW.HAMP.GINGRICH,Newt Gingrich to win the 2012 New Hampshire Primary,1,7.0,Nov/22/2011 20:26:35
749807,NEW.HAMP.GINGRICH,Newt Gingrich to win the 2012 New Hampshire Primary,1,7.9,Nov/22/2011 20:26:35
749807,NEW.HAMP.GINGRICH,Newt Gingrich to win the 2012 New Hampshire Primary,6,6.0,Nov/23/2011 04:00:51
749807,NEW.HAMP.GINGRICH,Newt Gingrich to win the 2012 New Hampshire Primary,1,5.0,Nov/23/2011 09:35:41
749807,NEW.HAMP.GINGRICH,Newt Gingrich to win the 2012 New Hampshire Primary,16,4.5,Nov/23/2011 09:35:41
749807,NEW.HAMP.GINGRICH,Newt Gingrich to win the 2012 New Hampshire Primary,2,6.0,Nov/23/2011 12:59:47
749807,NEW.HAMP.GINGRICH,Newt Gingrich to win the 2012 New Hampshire Primary,16,5.8,Nov/23/2011 23:21:41
749807,NEW.HAMP.GINGRICH,Newt Gingrich to win the 2012 New Hampshire Primary,1,5.8,Nov/23/2011 23:21:41
749807,NEW.HAMP.GINGRICH,Newt Gingrich to win the 2012 New Hampshire Primary,17,4.6,Nov/24/2011 00:38:32
749807,NEW.HAMP.GINGRICH,Newt Gingrich to win the 2012 New Hampshire Primary,2,4.6,Nov/24/2011 00:39:44
749807,NEW.HAMP.GINGRICH,Newt Gingrich to win the 2012 New Hampshire Primary,2,4.6,Nov/24/2011 00:40:26
749807,NEW.HAMP.GINGRICH,Newt Gingrich to win the 2012 New Hampshire Primary,2,4.6,Nov/24/2011 00:40:58
749807,NEW.HAMP.GINGRICH,Newt Gingrich to win the 2012 New Hampshire Primary,10,5.5,Nov/24/2011 01:02:12
749807,NEW.HAMP.GINGRICH,Newt Gingrich to win the 2012 New Hampshire Primary,1,5.8,Nov/24/2011 01:27:28
749807,NEW.HAMP.GINGRICH,Newt Gingrich to win the 2012 New Hampshire Primary,1,5.8,Nov/24/2011 01:27:28
749807,NEW.HAMP.GINGRICH,Newt Gingrich to win the 2012 New Hampshire Primary,26,4.7,Nov/24/2011 02:31:25
749807,NEW.HAMP.GINGRICH,Newt Gingrich to win the 2012 New Hampshire Primary,30,4.7,Nov/24/2011 02:33:14
749807,NEW.HAMP.GINGRICH,Newt Gingrich to win the 2012 New Hampshire Primary,1,4.7,Nov/24/2011 02:33:14
749807,NEW.HAMP.GINGRICH,Newt Gingrich to win the 2012 New Hampshire Primary,5,4.4,Nov/24/2011 02:35:39
749807,NEW.HAMP.GINGRICH,Newt Gingrich to win the 2012 New Hampshire Primary,5,4.3,Nov/24/2011 02:35:57
749807,NEW.HAMP.GINGRICH,Newt Gingrich to win the 2012 New Hampshire Primary,50,4.0,Nov/24/2011 02:37:45
749807,NEW.HAMP.GINGRICH,Newt Gingrich to win the 2012 New Hampshire Primary,5,5.0,Nov/24/2011 02:57:53
749807,NEW.HAMP.GINGRICH,Newt Gingrich to win the 2012 New Hampshire Primary,5,3.6,Nov/24/2011 15:29:52
749807,NEW.HAMP.GINGRICH,Newt Gingrich to win the 2012 New Hampshire Primary,5,3.6,Nov/24/2011 15:29:52
749807,NEW.HAMP.GINGRICH,Newt Gingrich to win the 2012 New Hampshire Primary,12,4.2,Nov/24/2011 18:17:48
749807,NEW.HAMP.GINGRICH,Newt Gingrich to win the 2012 New Hampshire Primary,13,3.6,Nov/24/2011 19:14:51
749807,NEW.HAMP.GINGRICH,Newt Gingrich to win the 2012 New Hampshire Primary,7,3.5,Nov/24/2011 19:14:51
749807,NEW.HAMP.GINGRICH,Newt Gingrich to win the 2012 New Hampshire Primary,15,3.5,Nov/24/2011 19:15:02
749807,NEW.HAMP.GINGRICH,Newt Gingrich to win the 2012 New Hampshire Primary,5,3.5,Nov/25/2011 04:27:38
749807,NEW.HAMP.GINGRICH,Newt Gingrich to win the 2012 New Hampshire Primary,20,3.5,Nov/25/2011 04:47:37
749807,NEW.HAMP.GINGRICH,Newt Gingrich to win the 2012 New Hampshire Primary,3,3.5,Nov/25/2011 04:48:03
749807,NEW.HAMP.GINGRICH,Newt Gingrich to win the 2012 New Hampshire Primary,17,3.5,Nov/25/2011 04:48:03
749807,NEW.HAMP.GINGRICH,Newt Gingrich to win the 2012 New Hampshire Primary,1,3.5,Nov/25/2011 17:21:14
749807,NEW.HAMP.GINGRICH,Newt Gingrich to win the 2012 New Hampshire Primary,13,3.6,Nov/25/2011 19:48:40
749807,NEW.HAMP.GINGRICH,Newt Gingrich to win the 2012 New Hampshire Primary,1,4.0,Nov/26/2011 00:49:51
749807,NEW.HAMP.GINGRICH,Newt Gingrich to win the 2012 New Hampshire Primary,1,3.9,Nov/26/2011 19:37:24
749807,NEW.HAMP.GINGRICH,Newt Gingrich to win the 2012 New Hampshire Primary,50,4.0,Nov/26/2011 19:49:16
749807,NEW.HAMP.GINGRICH,Newt Gingrich to win the 2012 New Hampshire Primary,1,4.0,Nov/26/2011 19:49:16
749807,NEW.HAMP.GINGRICH,Newt Gingrich to win the 2012 New Hampshire Primary,10,4.0,Nov/26/2011 19:49:16
749807,NEW.HAMP.GINGRICH,Newt Gingrich to win the 2012 New Hampshire Primary,12,3.5,Nov/27/2011 05:45:00
749807,NEW.HAMP.GINGRICH,Newt Gingrich to win the 2012 New Hampshire Primary,1,3.8,Nov/27/2011 05:45:00
749807,NEW.HAMP.GINGRICH,Newt Gingrich to win the 2012 New Hampshire Primary,30,3.5,Nov/27/2011 05:47:51
749807,NEW.HAMP.GINGRICH,Newt Gingrich to win the 2012 New Hampshire Primary,20,3.5,Nov/27/2011 05:47:51
749807,NEW.HAMP.GINGRICH,Newt Gingrich to win the 2012 New Hampshire Primary,50,3.5,Nov/27/2011 05:48:01
749807,NEW.HAMP.GINGRICH,Newt Gingrich to win the 2012 New Hampshire Primary,23,3.5,Nov/27/2011 05:48:11
749807,NEW.HAMP.GINGRICH,Newt Gingrich to win the 2012 New Hampshire Primary,27,3.5,Nov/27/2011 05:50:16
749807,NEW.HAMP.GINGRICH,Newt Gingrich to win the 2012 New Hampshire Primary,23,2.5,Nov/27/2011 05:50:16
749807,NEW.HAMP.GINGRICH,Newt Gingrich to win the 2012 New Hampshire Primary,4,2.5,Nov/27/2011 05:50:29
749807,NEW.HAMP.GINGRICH,Newt Gingrich to win the 2012 New Hampshire Primary,10,4.0,Nov/27/2011 10:18:21
749807,NEW.HAMP.GINGRICH,Newt Gingrich to win the 2012 New Hampshire Primary,40,4.0,Nov/27/2011 10:18:21
749807,NEW.HAMP.GINGRICH,Newt Gingrich to win the 2012 New Hampshire Primary,1,4.0,Nov/27/2011 10:21:33
749807,NEW.HAMP.GINGRICH,Newt Gingrich to win the 2012 New Hampshire Primary,15,4.0,Nov/27/2011 10:21:33
749807,NEW.HAMP.GINGRICH,Newt Gingrich to win the 2012 New Hampshire Primary,88,4.5,Nov/27/2011 10:21:57
749807,NEW.HAMP.GINGRICH,Newt Gingrich to win the 2012 New Hampshire Primary,2,4.5,Nov/27/2011 10:21:57
749807,NEW.HAMP.GINGRICH,Newt Gingrich to win the 2012 New Hampshire Primary,50,5.0,Nov/27/2011 10:22:29
749807,NEW.HAMP.GINGRICH,Newt Gingrich to win the 2012 New Hampshire Primary,3,5.0,Nov/27/2011 10:22:29
749807,NEW.HAMP.GINGRICH,Newt Gingrich to win the 2012 New Hampshire Primary,10,5.0,Nov/27/2011 10:22:29
749807,NEW.HAMP.GINGRICH,Newt Gingrich to win the 2012 New Hampshire Primary,4,3.2,Nov/27/2011 10:24:05
749807,NEW.HAMP.GINGRICH,Newt Gingrich to win the 2012 New Hampshire Primary,10,5.9,Nov/27/2011 10:27:13
749807,NEW.HAMP.GINGRICH,Newt Gingrich to win the 2012 New Hampshire Primary,1,6.5,Nov/27/2011 10:27:13
749807,NEW.HAMP.GINGRICH,Newt Gingrich to win the 2012 New Hampshire Primary,5,6.0,Nov/27/2011 10:27:13
749807,NEW.HAMP.GINGRICH,Newt Gingrich to win the 2012 New Hampshire Primary,2,6.4,Nov/27/2011 10:27:13
749807,NEW.HAMP.GINGRICH,Newt Gingrich to win the 2012 New Hampshire Primary,10,6.0,Nov/27/2011 10:27:13
749807,NEW.HAMP.GINGRICH,Newt Gingrich to win the 2012 New Hampshire Primary,4,6.4,Nov/27/2011 10:27:13
749807,NEW.HAMP.GINGRICH,Newt Gingrich to win the 2012 New Hampshire Primary,10,6.5,Nov/27/2011 10:27:13
749807,NEW.HAMP.GINGRICH,Newt Gingrich to win the 2012 New Hampshire Primary,8,6.9,Nov/27/2011 10:27:13
749807,NEW.HAMP.GINGRICH,Newt Gingrich to win the 2012 New Hampshire Primary,5,7.0,Nov/27/2011 10:27:29
749807,NEW.HAMP.GINGRICH,Newt Gingrich to win the 2012 New Hampshire Primary,7,6.9,Nov/27/2011 10:27:29
749807,NEW.HAMP.GINGRICH,Newt Gingrich to win the 2012 New Hampshire Primary,2,6.9,Nov/27/2011 10:27:29
749807,NEW.HAMP.GINGRICH,Newt Gingrich to win the 2012 New Hampshire Primary,10,7.9,Nov/27/2011 12:36:58
749807,NEW.HAMP.GINGRICH,Newt Gingrich to win the 2012 New Hampshire Primary,1,8.0,Nov/27/2011 13:07:36
749807,NEW.HAMP.GINGRICH,Newt Gingrich to win the 2012 New Hampshire Primary,3,5.6,Nov/27/2011 13:08:03
749807,NEW.HAMP.GINGRICH,Newt Gingrich to win the 2012 New Hampshire Primary,7,5.6,Nov/27/2011 13:08:34
749807,NEW.HAMP.GINGRICH,Newt Gingrich to win the 2012 New Hampshire Primary,20,6.9,Nov/27/2011 13:31:49
749807,NEW.HAMP.GINGRICH,Newt Gingrich to win the 2012 New Hampshire Primary,20,6.9,Nov/27/2011 13:41:27
749807,NEW.HAMP.GINGRICH,Newt Gingrich to win the 2012 New Hampshire Primary,9,8.0,Nov/27/2011 14:07:43
749807,NEW.HAMP.GINGRICH,Newt Gingrich to win the 2012 New Hampshire Primary,6,8.0,Nov/27/2011 14:07:43
749807,NEW.HAMP.GINGRICH,Newt Gingrich to win the 2012 New Hampshire Primary,5,9.0,Nov/27/2011 14:08:01
749807,NEW.HAMP.GINGRICH,Newt Gingrich to win the 2012 New Hampshire Primary,5,9.0,Nov/27/2011 14:08:01
749807,NEW.HAMP.GINGRICH,Newt Gingrich to win the 2012 New Hampshire Primary,10,8.5,Nov/27/2011 16:33:39
749807,NEW.HAMP.GINGRICH,Newt Gingrich to win the 2012 New Hampshire Primary,8,9.0,Nov/27/2011 16:50:21
749807,NEW.HAMP.GINGRICH,Newt Gingrich to win the 2012 New Hampshire Primary,5,6.5,Nov/27/2011 17:50:55
749807,NEW.HAMP.GINGRICH,Newt Gingrich to win the 2012 New Hampshire Primary,5,6.0,Nov/27/2011 17:50:55
749807,NEW.HAMP.GINGRICH,Newt Gingrich to win the 2012 New Hampshire Primary,1,9.0,Nov/27/2011 19:01:13
749807,NEW.HAMP.GINGRICH,Newt Gingrich to win the 2012 New Hampshire Primary,1,6.0,Nov/27/2011 19:01:15
749807,NEW.HAMP.GINGRICH,Newt Gingrich to win the 2012 New Hampshire Primary,1,6.0,Nov/27/2011 19:01:35
749807,NEW.HAMP.GINGRICH,Newt Gingrich to win the 2012 New Hampshire Primary,10,8.0,Nov/28/2011 02:59:26
749807,NEW.HAMP.GINGRICH,Newt Gingrich to win the 2012 New Hampshire Primary,10,8.0,Nov/28/2011 03:02:32
749807,NEW.HAMP.GINGRICH,Newt Gingrich to win the 2012 New Hampshire Primary,2,8.0,Nov/28/2011 06:10:18
749807,NEW.HAMP.GINGRICH,Newt Gingrich to win the 2012 New Hampshire Primary,1,9.0,Nov/28/2011 06:13:25
749807,NEW.HAMP.GINGRICH,Newt Gingrich to win the 2012 New Hampshire Primary,1,9.0,Nov/28/2011 06:41:54
749807,NEW.HAMP.GINGRICH,Newt Gingrich to win the 2012 New Hampshire Primary,1,9.8,Nov/28/2011 06:42:12
749807,NEW.HAMP.GINGRICH,Newt Gingrich to win the 2012 New Hampshire Primary,1,9.8,Nov/28/2011 06:42:12
749807,NEW.HAMP.GINGRICH,Newt Gingrich to win the 2012 New Hampshire Primary,2,10.0,Nov/28/2011 06:42:27
749807,NEW.HAMP.GINGRICH,Newt Gingrich to win the 2012 New Hampshire Primary,2,10.0,Nov/28/2011 06:42:27
749807,NEW.HAMP.GINGRICH,Newt Gingrich to win the 2012 New Hampshire Primary,10,11.0,Nov/28/2011 06:42:46
749807,NEW.HAMP.GINGRICH,Newt Gingrich to win the 2012 New Hampshire Primary,8,11.0,Nov/28/2011 06:42:46
749807,NEW.HAMP.GINGRICH,Newt Gingrich to win the 2012 New Hampshire Primary,5,12.5,Nov/28/2011 06:46:03
749807,NEW.HAMP.GINGRICH,Newt Gingrich to win the 2012 New Hampshire Primary,5,12.5,Nov/28/2011 06:46:03
749807,NEW.HAMP.GINGRICH,Newt Gingrich to win the 2012 New Hampshire Primary,2,7.8,Nov/28/2011 15:54:19
749807,NEW.HAMP.GINGRICH,Newt Gingrich to win the 2012 New Hampshire Primary,9,9.0,Nov/28/2011 18:05:46
749807,NEW.HAMP.GINGRICH,Newt Gingrich to win the 2012 New Hampshire Primary,2,9.9,Nov/28/2011 18:05:59
749807,NEW.HAMP.GINGRICH,Newt Gingrich to win the 2012 New Hampshire Primary,2,9.9,Nov/28/2011 18:06:17
749807,NEW.HAMP.GINGRICH,Newt Gingrich to win the 2012 New Hampshire Primary,10,10.0,Nov/28/2011 18:06:19
749807,NEW.HAMP.GINGRICH,Newt Gingrich to win the 2012 New Hampshire Primary,10,10.0,Nov/28/2011 18:06:37
749807,NEW.HAMP.GINGRICH,Newt Gingrich to win the 2012 New Hampshire Primary,1,11.5,Nov/28/2011 18:06:45
749807,NEW.HAMP.GINGRICH,Newt Gingrich to win the 2012 New Hampshire Primary,5,11.5,Nov/28/2011 18:06:45
749807,NEW.HAMP.GINGRICH,Newt Gingrich to win the 2012 New Hampshire Primary,5,11.5,Nov/28/2011 18:06:45
749807,NEW.HAMP.GINGRICH,Newt Gingrich to win the 2012 New Hampshire Primary,5,11.5,Nov/28/2011 18:06:56
749807,NEW.HAMP.GINGRICH,Newt Gingrich to win the 2012 New Hampshire Primary,6,11.5,Nov/28/2011 18:06:58
749807,NEW.HAMP.GINGRICH,Newt Gingrich to win the 2012 New Hampshire Primary,1,12.0,Nov/28/2011 18:27:08
749807,NEW.HAMP.GINGRICH,Newt Gingrich to win the 2012 New Hampshire Primary,6,10.0,Nov/28/2011 19:09:27
749807,NEW.HAMP.GINGRICH,Newt Gingrich to win the 2012 New Hampshire Primary,3,10.1,Nov/28/2011 20:09:35
749807,NEW.HAMP.GINGRICH,Newt Gingrich to win the 2012 New Hampshire Primary,17,10.0,Nov/28/2011 20:09:35
749807,NEW.HAMP.GINGRICH,Newt Gingrich to win the 2012 New Hampshire Primary,17,11.4,Nov/28/2011 20:16:22
749807,NEW.HAMP.GINGRICH,Newt Gingrich to win the 2012 New Hampshire Primary,11,12.0,Nov/28/2011 20:17:11
749807,NEW.HAMP.GINGRICH,Newt Gingrich to win the 2012 New Hampshire Primary,5,12.0,Nov/28/2011 20:17:11
749807,NEW.HAMP.GINGRICH,Newt Gingrich to win the 2012 New Hampshire Primary,1,12.0,Nov/28/2011 20:17:11
749807,NEW.HAMP.GINGRICH,Newt Gingrich to win the 2012 New Hampshire Primary,5,12.4,Nov/28/2011 20:17:53
749807,NEW.HAMP.GINGRICH,Newt Gingrich to win the 2012 New Hampshire Primary,2,12.4,Nov/28/2011 20:17:53
749807,NEW.HAMP.GINGRICH,Newt Gingrich to win the 2012 New Hampshire Primary,1,12.4,Nov/28/2011 21:38:03
749807,NEW.HAMP.GINGRICH,Newt Gingrich to win the 2012 New Hampshire Primary,1,12.4,Nov/28/2011 21:38:03
749807,NEW.HAMP.GINGRICH,Newt Gingrich to win the 2012 New Hampshire Primary,3,12.4,Nov/28/2011 21:38:03
749807,NEW.HAMP.GINGRICH,Newt Gingrich to win the 2012 New Hampshire Primary,12,11.0,Nov/28/2011 21:58:24
749807,NEW.HAMP.GINGRICH,Newt Gingrich to win the 2012 New Hampshire Primary,1,11.1,Nov/28/2011 22:40:54
749807,NEW.HAMP.GINGRICH,Newt Gingrich to win the 2012 New Hampshire Primary,2,11.1,Nov/28/2011 23:46:24
749807,NEW.HAMP.GINGRICH,Newt Gingrich to win the 2012 New Hampshire Primary,8,11.0,Nov/28/2011 23:46:24
749807,NEW.HAMP.GINGRICH,Newt Gingrich to win the 2012 New Hampshire Primary,8,11.6,Nov/29/2011 17:31:15
749807,NEW.HAMP.GINGRICH,Newt Gingrich to win the 2012 New Hampshire Primary,15,11.6,Nov/29/2011 17:41:45
749807,NEW.HAMP.GINGRICH,Newt Gingrich to win the 2012 New Hampshire Primary,1,12.4,Nov/29/2011 18:00:41
749807,NEW.HAMP.GINGRICH,Newt Gingrich to win the 2012 New Hampshire Primary,3,12.3,Nov/29/2011 18:00:41
749807,NEW.HAMP.GINGRICH,Newt Gingrich to win the 2012 New Hampshire Primary,3,12.2,Nov/29/2011 18:00:41
749807,NEW.HAMP.GINGRICH,Newt Gingrich to win the 2012 New Hampshire Primary,1,12.2,Nov/29/2011 18:00:41
749807,NEW.HAMP.GINGRICH,Newt Gingrich to win the 2012 New Hampshire Primary,10,14.0,Nov/29/2011 18:08:15
749807,NEW.HAMP.GINGRICH,Newt Gingrich to win the 2012 New Hampshire Primary,90,14.0,Nov/29/2011 18:26:56
749807,NEW.HAMP.GINGRICH,Newt Gingrich to win the 2012 New Hampshire Primary,1,14.0,Nov/29/2011 18:26:56
749807,NEW.HAMP.GINGRICH,Newt Gingrich to win the 2012 New Hampshire Primary,99,14.8,Nov/29/2011 18:28:02
749807,NEW.HAMP.GINGRICH,Newt Gingrich to win the 2012 New Hampshire Primary,1,14.8,Nov/29/2011 18:28:02
749807,NEW.HAMP.GINGRICH,Newt Gingrich to win the 2012 New Hampshire Primary,10,12.5,Nov/29/2011 19:33:18
749807,NEW.HAMP.GINGRICH,Newt Gingrich to win the 2012 New Hampshire Primary,6,12.5,Nov/29/2011 21:02:33
749807,NEW.HAMP.GINGRICH,Newt Gingrich to win the 2012 New Hampshire Primary,4,12.5,Nov/29/2011 21:02:44
749807,NEW.HAMP.GINGRICH,Newt Gingrich to win the 2012 New Hampshire Primary,6,12.5,Nov/29/2011 21:03:06
749807,NEW.HAMP.GINGRICH,Newt Gingrich to win the 2012 New Hampshire Primary,4,12.5,Nov/29/2011 21:03:17
749807,NEW.HAMP.GINGRICH,Newt Gingrich to win the 2012 New Hampshire Primary,71,13.0,Nov/29/2011 23:50:36
749807,NEW.HAMP.GINGRICH,Newt Gingrich to win the 2012 New Hampshire Primary,1,14.0,Nov/30/2011 00:19:10
749807,NEW.HAMP.GINGRICH,Newt Gingrich to win the 2012 New Hampshire Primary,5,14.5,Nov/30/2011 14:27:21
749807,NEW.HAMP.GINGRICH,Newt Gingrich to win the 2012 New Hampshire Primary,1,14.5,Nov/30/2011 16:39:24
749807,NEW.HAMP.GINGRICH,Newt Gingrich to win the 2012 New Hampshire Primary,19,14.5,Nov/30/2011 16:40:15
749807,NEW.HAMP.GINGRICH,Newt Gingrich to win the 2012 New Hampshire Primary,5,14.8,Nov/30/2011 17:22:31
749807,NEW.HAMP.GINGRICH,Newt Gingrich to win the 2012 New Hampshire Primary,20,14.9,Nov/30/2011 17:22:31
749807,NEW.HAMP.GINGRICH,Newt Gingrich to win the 2012 New Hampshire Primary,5,14.5,Nov/30/2011 18:19:54
749807,NEW.HAMP.GINGRICH,Newt Gingrich to win the 2012 New Hampshire Primary,10,15.0,Nov/30/2011 18:35:00
749807,NEW.HAMP.GINGRICH,Newt Gingrich to win the 2012 New Hampshire Primary,10,14.9,Nov/30/2011 18:35:00
749807,NEW.HAMP.GINGRICH,Newt Gingrich to win the 2012 New Hampshire Primary,10,15.0,Nov/30/2011 18:35:00
749807,NEW.HAMP.GINGRICH,Newt Gingrich to win the 2012 New Hampshire Primary,50,16.0,Nov/30/2011 19:33:22
749807,NEW.HAMP.GINGRICH,Newt Gingrich to win the 2012 New Hampshire Primary,19,15.9,Nov/30/2011 19:33:22
749807,NEW.HAMP.GINGRICH,Newt Gingrich to win the 2012 New Hampshire Primary,41,15.0,Nov/30/2011 20:04:20
749807,NEW.HAMP.GINGRICH,Newt Gingrich to win the 2012 New Hampshire Primary,10,17.8,Nov/30/2011 23:15:01
749807,NEW.HAMP.GINGRICH,Newt Gingrich to win the 2012 New Hampshire Primary,5,17.9,Nov/30/2011 23:15:24
749807,NEW.HAMP.GINGRICH,Newt Gingrich to win the 2012 New Hampshire Primary,5,17.9,Nov/30/2011 23:15:24
749807,NEW.HAMP.GINGRICH,Newt Gingrich to win the 2012 New Hampshire Primary,10,15.2,Nov/30/2011 23:52:00
749807,NEW.HAMP.GINGRICH,Newt Gingrich to win the 2012 New Hampshire Primary,51,15.0,Nov/30/2011 23:52:00
749807,NEW.HAMP.GINGRICH,Newt Gingrich to win the 2012 New Hampshire Primary,1,15.3,Nov/30/2011 23:52:00
749807,NEW.HAMP.GINGRICH,Newt Gingrich to win the 2012 New Hampshire Primary,2,15.4,Nov/30/2011 23:52:00
749807,NEW.HAMP.GINGRICH,Newt Gingrich to win the 2012 New Hampshire Primary,1,15.5,Nov/30/2011 23:52:00
749807,NEW.HAMP.GINGRICH,Newt Gingrich to win the 2012 New Hampshire Primary,10,15.0,Dec/01/2011 00:46:54
749807,NEW.HAMP.GINGRICH,Newt Gingrich to win the 2012 New Hampshire Primary,2,15.1,Dec/01/2011 15:59:26
749807,NEW.HAMP.GINGRICH,Newt Gingrich to win the 2012 New Hampshire Primary,4,15.0,Dec/01/2011 15:59:40
749807,NEW.HAMP.GINGRICH,Newt Gingrich to win the 2012 New Hampshire Primary,14,17.3,Dec/01/2011 18:17:31
749807,NEW.HAMP.GINGRICH,Newt Gingrich to win the 2012 New Hampshire Primary,1,17.4,Dec/01/2011 18:17:48
749807,NEW.HAMP.GINGRICH,Newt Gingrich to win the 2012 New Hampshire Primary,5,17.3,Dec/01/2011 21:12:41
749807,NEW.HAMP.GINGRICH,Newt Gingrich to win the 2012 New Hampshire Primary,5,17.4,Dec/01/2011 21:13:06
749807,NEW.HAMP.GINGRICH,Newt Gingrich to win the 2012 New Hampshire Primary,4,17.4,Dec/01/2011 21:52:33
749807,NEW.HAMP.GINGRICH,Newt Gingrich to win the 2012 New Hampshire Primary,2,17.6,Dec/01/2011 22:09:40
749807,NEW.HAMP.GINGRICH,Newt Gingrich to win the 2012 New Hampshire Primary,6,17.7,Dec/01/2011 22:09:54
749807,NEW.HAMP.GINGRICH,Newt Gingrich to win the 2012 New Hampshire Primary,6,17.8,Dec/01/2011 22:10:09
749807,NEW.HAMP.GINGRICH,Newt Gingrich to win the 2012 New Hampshire Primary,20,17.8,Dec/01/2011 22:28:13
749807,NEW.HAMP.GINGRICH,Newt Gingrich to win the 2012 New Hampshire Primary,23,17.5,Dec/01/2011 22:28:27
749807,NEW.HAMP.GINGRICH,Newt Gingrich to win the 2012 New Hampshire Primary,2,17.5,Dec/01/2011 23:12:59
749807,NEW.HAMP.GINGRICH,Newt Gingrich to win the 2012 New Hampshire Primary,40,17.0,Dec/01/2011 23:12:59
749807,NEW.HAMP.GINGRICH,Newt Gingrich to win the 2012 New Hampshire Primary,5,18.3,Dec/02/2011 00:06:29
749807,NEW.HAMP.GINGRICH,Newt Gingrich to win the 2012 New Hampshire Primary,5,18.0,Dec/02/2011 01:43:43
749807,NEW.HAMP.GINGRICH,Newt Gingrich to win the 2012 New Hampshire Primary,5,18.0,Dec/02/2011 01:43:43
749807,NEW.HAMP.GINGRICH,Newt Gingrich to win the 2012 New Hampshire Primary,5,17.6,Dec/02/2011 01:44:02
749807,NEW.HAMP.GINGRICH,Newt Gingrich to win the 2012 New Hampshire Primary,5,17.2,Dec/02/2011 01:44:13
749807,NEW.HAMP.GINGRICH,Newt Gingrich to win the 2012 New Hampshire Primary,5,17.0,Dec/02/2011 03:32:20
749807,NEW.HAMP.GINGRICH,Newt Gingrich to win the 2012 New Hampshire Primary,5,16.7,Dec/02/2011 14:41:57
749807,NEW.HAMP.GINGRICH,Newt Gingrich to win the 2012 New Hampshire Primary,3,16.6,Dec/02/2011 14:42:33
749807,NEW.HAMP.GINGRICH,Newt Gingrich to win the 2012 New Hampshire Primary,5,16.5,Dec/02/2011 14:42:46
749807,NEW.HAMP.GINGRICH,Newt Gingrich to win the 2012 New Hampshire Primary,5,15.4,Dec/02/2011 14:49:09
749807,NEW.HAMP.GINGRICH,Newt Gingrich to win the 2012 New Hampshire Primary,10,15.3,Dec/02/2011 14:49:18
749807,NEW.HAMP.GINGRICH,Newt Gingrich to win the 2012 New Hampshire Primary,5,16.0,Dec/02/2011 16:47:23
749807,NEW.HAMP.GINGRICH,Newt Gingrich to win the 2012 New Hampshire Primary,5,16.0,Dec/02/2011 21:06:11
749807,NEW.HAMP.GINGRICH,Newt Gingrich to win the 2012 New Hampshire Primary,2,15.5,Dec/02/2011 21:06:25
749807,NEW.HAMP.GINGRICH,Newt Gingrich to win the 2012 New Hampshire Primary,8,15.5,Dec/03/2011 04:45:34
749807,NEW.HAMP.GINGRICH,Newt Gingrich to win the 2012 New Hampshire Primary,20,15.0,Dec/03/2011 04:58:52
749807,NEW.HAMP.GINGRICH,Newt Gingrich to win the 2012 New Hampshire Primary,7,15.9,Dec/03/2011 13:05:50
749807,NEW.HAMP.GINGRICH,Newt Gingrich to win the 2012 New Hampshire Primary,8,14.0,Dec/03/2011 19:48:38
749807,NEW.HAMP.GINGRICH,Newt Gingrich to win the 2012 New Hampshire Primary,10,15.7,Dec/04/2011 08:09:26
749807,NEW.HAMP.GINGRICH,Newt Gingrich to win the 2012 New Hampshire Primary,1,15.8,Dec/04/2011 08:12:44
749807,NEW.HAMP.GINGRICH,Newt Gingrich to win the 2012 New Hampshire Primary,5,15.8,Dec/04/2011 08:12:44
749807,NEW.HAMP.GINGRICH,Newt Gingrich to win the 2012 New Hampshire Primary,3,15.9,Dec/04/2011 08:13:08
749807,NEW.HAMP.GINGRICH,Newt Gingrich to win the 2012 New Hampshire Primary,1,15.9,Dec/04/2011 08:13:08
749807,NEW.HAMP.GINGRICH,Newt Gingrich to win the 2012 New Hampshire Primary,3,15.9,Dec/04/2011 10:51:07
749807,NEW.HAMP.GINGRICH,Newt Gingrich to win the 2012 New Hampshire Primary,5,14.5,Dec/04/2011 15:06:30
749807,NEW.HAMP.GINGRICH,Newt Gingrich to win the 2012 New Hampshire Primary,5,14.4,Dec/04/2011 15:06:42
749807,NEW.HAMP.GINGRICH,Newt Gingrich to win the 2012 New Hampshire Primary,10,14.3,Dec/04/2011 15:18:52
749807,NEW.HAMP.GINGRICH,Newt Gingrich to win the 2012 New Hampshire Primary,8,15.4,Dec/04/2011 20:04:59
749807,NEW.HAMP.GINGRICH,Newt Gingrich to win the 2012 New Hampshire Primary,5,13.5,Dec/04/2011 21:07:32
749807,NEW.HAMP.GINGRICH,Newt Gingrich to win the 2012 New Hampshire Primary,1,13.0,Dec/04/2011 21:08:00
749807,NEW.HAMP.GINGRICH,Newt Gingrich to win the 2012 New Hampshire Primary,1,12.1,Dec/04/2011 21:08:16
749807,NEW.HAMP.GINGRICH,Newt Gingrich to win the 2012 New Hampshire Primary,1,14.5,Dec/05/2011 10:07:30
749807,NEW.HAMP.GINGRICH,Newt Gingrich to win the 2012 New Hampshire Primary,1,12.8,Dec/05/2011 23:14:31
749807,NEW.HAMP.GINGRICH,Newt Gingrich to win the 2012 New Hampshire Primary,10,12.0,Dec/06/2011 05:40:05
749807,NEW.HAMP.GINGRICH,Newt Gingrich to win the 2012 New Hampshire Primary,10,11.9,Dec/06/2011 09:32:35
749807,NEW.HAMP.GINGRICH,Newt Gingrich to win the 2012 New Hampshire Primary,4,12.0,Dec/06/2011 09:33:24
749807,NEW.HAMP.GINGRICH,Newt Gingrich to win the 2012 New Hampshire Primary,2,10.4,Dec/06/2011 20:21:32
749807,NEW.HAMP.GINGRICH,Newt Gingrich to win the 2012 New Hampshire Primary,37,10.4,Dec/06/2011 21:12:22
749807,NEW.HAMP.GINGRICH,Newt Gingrich to win the 2012 New Hampshire Primary,1,10.4,Dec/06/2011 21:12:22
749807,NEW.HAMP.GINGRICH,Newt Gingrich to win the 2012 New Hampshire Primary,1,11.4,Dec/06/2011 23:01:56
749807,NEW.HAMP.GINGRICH,Newt Gingrich to win the 2012 New Hampshire Primary,5,9.1,Dec/07/2011 02:52:40
749807,NEW.HAMP.GINGRICH,Newt Gingrich to win the 2012 New Hampshire Primary,3,8.1,Dec/07/2011 02:53:04
749807,NEW.HAMP.GINGRICH,Newt Gingrich to win the 2012 New Hampshire Primary,10,9.5,Dec/07/2011 02:55:46
749807,NEW.HAMP.GINGRICH,Newt Gingrich to win the 2012 New Hampshire Primary,10,9.5,Dec/07/2011 04:26:53
749807,NEW.HAMP.GINGRICH,Newt Gingrich to win the 2012 New Hampshire Primary,10,9.9,Dec/07/2011 04:28:58
749807,NEW.HAMP.GINGRICH,Newt Gingrich to win the 2012 New Hampshire Primary,10,10.0,Dec/07/2011 04:29:50
749807,NEW.HAMP.GINGRICH,Newt Gingrich to win the 2012 New Hampshire Primary,10,10.5,Dec/07/2011 04:38:06
749807,NEW.HAMP.GINGRICH,Newt Gingrich to win the 2012 New Hampshire Primary,6,10.5,Dec/07/2011 04:38:06
749807,NEW.HAMP.GINGRICH,Newt Gingrich to win the 2012 New Hampshire Primary,1,11.4,Dec/07/2011 21:15:01
749807,NEW.HAMP.GINGRICH,Newt Gingrich to win the 2012 New Hampshire Primary,10,11.5,Dec/07/2011 21:15:01
749807,NEW.HAMP.GINGRICH,Newt Gingrich to win the 2012 New Hampshire Primary,1,11.4,Dec/07/2011 21:15:01
749807,NEW.HAMP.GINGRICH,Newt Gingrich to win the 2012 New Hampshire Primary,16,10.8,Dec/07/2011 21:15:01
749807,NEW.HAMP.GINGRICH,Newt Gingrich to win the 2012 New Hampshire Primary,3,11.5,Dec/07/2011 21:15:01
749807,NEW.HAMP.GINGRICH,Newt Gingrich to win the 2012 New Hampshire Primary,1,10.8,Dec/07/2011 21:15:01
749807,NEW.HAMP.GINGRICH,Newt Gingrich to win the 2012 New Hampshire Primary,10,10.7,Dec/07/2011 21:15:01
749807,NEW.HAMP.GINGRICH,Newt Gingrich to win the 2012 New Hampshire Primary,8,11.0,Dec/07/2011 21:37:38
749807,NEW.HAMP.GINGRICH,Newt Gingrich to win the 2012 New Hampshire Primary,29,12.0,Dec/07/2011 22:19:05
749807,NEW.HAMP.GINGRICH,Newt Gingrich to win the 2012 New Hampshire Primary,3,9.4,Dec/07/2011 23:28:41
749807,NEW.HAMP.GINGRICH,Newt Gingrich to win the 2012 New Hampshire Primary,7,9.4,Dec/07/2011 23:30:03
749807,NEW.HAMP.GINGRICH,Newt Gingrich to win the 2012 New Hampshire Primary,10,11.5,Dec/08/2011 00:28:23
749807,NEW.HAMP.GINGRICH,Newt Gingrich to win the 2012 New Hampshire Primary,5,11.1,Dec/08/2011 02:46:14
749807,NEW.HAMP.GINGRICH,Newt Gingrich to win the 2012 New Hampshire Primary,5,11.0,Dec/08/2011 02:46:31
749807,NEW.HAMP.GINGRICH,Newt Gingrich to win the 2012 New Hampshire Primary,10,12.0,Dec/08/2011 04:41:07
749807,NEW.HAMP.GINGRICH,Newt Gingrich to win the 2012 New Hampshire Primary,5,11.9,Dec/08/2011 04:41:07
749807,NEW.HAMP.GINGRICH,Newt Gingrich to win the 2012 New Hampshire Primary,1,11.9,Dec/08/2011 04:41:07
749807,NEW.HAMP.GINGRICH,Newt Gingrich to win the 2012 New Hampshire Primary,1,12.5,Dec/08/2011 13:59:38
749807,NEW.HAMP.GINGRICH,Newt Gingrich to win the 2012 New Hampshire Primary,2,12.5,Dec/08/2011 13:59:38
749807,NEW.HAMP.GINGRICH,Newt Gingrich to win the 2012 New Hampshire Primary,8,12.5,Dec/08/2011 14:36:06
749807,NEW.HAMP.GINGRICH,Newt Gingrich to win the 2012 New Hampshire Primary,1,12.5,Dec/08/2011 14:36:06
749807,NEW.HAMP.GINGRICH,Newt Gingrich to win the 2012 New Hampshire Primary,1,12.6,Dec/08/2011 14:43:28
749807,NEW.HAMP.GINGRICH,Newt Gingrich to win the 2012 New Hampshire Primary,10,13.0,Dec/08/2011 14:43:28
749807,NEW.HAMP.GINGRICH,Newt Gingrich to win the 2012 New Hampshire Primary,2,13.0,Dec/08/2011 14:43:28
749807,NEW.HAMP.GINGRICH,Newt Gingrich to win the 2012 New Hampshire Primary,1,13.0,Dec/08/2011 14:47:37
749807,NEW.HAMP.GINGRICH,Newt Gingrich to win the 2012 New Hampshire Primary,4,15.0,Dec/08/2011 15:53:28
749807,NEW.HAMP.GINGRICH,Newt Gingrich to win the 2012 New Hampshire Primary,15,14.0,Dec/08/2011 23:56:08
749807,NEW.HAMP.GINGRICH,Newt Gingrich to win the 2012 New Hampshire Primary,1,14.0,Dec/08/2011 23:56:08
749807,NEW.HAMP.GINGRICH,Newt Gingrich to win the 2012 New Hampshire Primary,5,14.9,Dec/08/2011 23:57:04
749807,NEW.HAMP.GINGRICH,Newt Gingrich to win the 2012 New Hampshire Primary,5,14.9,Dec/08/2011 23:57:04
749807,NEW.HAMP.GINGRICH,Newt Gingrich to win the 2012 New Hampshire Primary,6,15.0,Dec/08/2011 23:57:33
749807,NEW.HAMP.GINGRICH,Newt Gingrich to win the 2012 New Hampshire Primary,1,15.0,Dec/08/2011 23:57:33
749807,NEW.HAMP.GINGRICH,Newt Gingrich to win the 2012 New Hampshire Primary,15,15.5,Dec/08/2011 23:57:33
749807,NEW.HAMP.GINGRICH,Newt Gingrich to win the 2012 New Hampshire Primary,2,15.8,Dec/08/2011 23:57:33
749807,NEW.HAMP.GINGRICH,Newt Gingrich to win the 2012 New Hampshire Primary,10,13.5,Dec/09/2011 12:05:49
749807,NEW.HAMP.GINGRICH,Newt Gingrich to win the 2012 New Hampshire Primary,8,13.9,Dec/09/2011 12:41:07
749807,NEW.HAMP.GINGRICH,Newt Gingrich to win the 2012 New Hampshire Primary,1,12.5,Dec/10/2011 00:12:06
749807,NEW.HAMP.GINGRICH,Newt Gingrich to win the 2012 New Hampshire Primary,1,12.5,Dec/10/2011 00:12:06
749807,NEW.HAMP.GINGRICH,Newt Gingrich to win the 2012 New Hampshire Primary,3,13.0,Dec/10/2011 17:25:51
749807,NEW.HAMP.GINGRICH,Newt Gingrich to win the 2012 New Hampshire Primary,20,12.5,Dec/10/2011 17:25:51
749807,NEW.HAMP.GINGRICH,Newt Gingrich to win the 2012 New Hampshire Primary,30,13.0,Dec/10/2011 17:25:51
749807,NEW.HAMP.GINGRICH,Newt Gingrich to win the 2012 New Hampshire Primary,1,12.4,Dec/10/2011 17:25:51
749807,NEW.HAMP.GINGRICH,Newt Gingrich to win the 2012 New Hampshire Primary,20,12.4,Dec/10/2011 17:25:51
749807,NEW.HAMP.GINGRICH,Newt Gingrich to win the 2012 New Hampshire Primary,11,13.3,Dec/11/2011 03:37:29
749807,NEW.HAMP.GINGRICH,Newt Gingrich to win the 2012 New Hampshire Primary,3,13.8,Dec/11/2011 04:44:52
749807,NEW.HAMP.GINGRICH,Newt Gingrich to win the 2012 New Hampshire Primary,2,13.9,Dec/11/2011 04:44:52
749807,NEW.HAMP.GINGRICH,Newt Gingrich to win the 2012 New Hampshire Primary,1,13.8,Dec/11/2011 04:44:52
749807,NEW.HAMP.GINGRICH,Newt Gingrich to win the 2012 New Hampshire Primary,20,14.4,Dec/11/2011 04:44:52
749807,NEW.HAMP.GINGRICH,Newt Gingrich to win the 2012 New Hampshire Primary,8,14.5,Dec/11/2011 04:44:52
749807,NEW.HAMP.GINGRICH,Newt Gingrich to win the 2012 New Hampshire Primary,2,12.6,Dec/11/2011 19:41:00
749807,NEW.HAMP.GINGRICH,Newt Gingrich to win the 2012 New Hampshire Primary,6,12.5,Dec/11/2011 19:41:20
749807,NEW.HAMP.GINGRICH,Newt Gingrich to win the 2012 New Hampshire Primary,8,14.3,Dec/11/2011 22:09:08
749807,NEW.HAMP.GINGRICH,Newt Gingrich to win the 2012 New Hampshire Primary,2,14.4,Dec/11/2011 22:09:08
749807,NEW.HAMP.GINGRICH,Newt Gingrich to win the 2012 New Hampshire Primary,2,13.6,Dec/11/2011 22:10:38
749807,NEW.HAMP.GINGRICH,Newt Gingrich to win the 2012 New Hampshire Primary,2,13.6,Dec/12/2011 01:16:07
749807,NEW.HAMP.GINGRICH,Newt Gingrich to win the 2012 New Hampshire Primary,5,14.0,Dec/12/2011 05:32:12
749807,NEW.HAMP.GINGRICH,Newt Gingrich to win the 2012 New Hampshire Primary,5,14.0,Dec/12/2011 06:03:09
749807,NEW.HAMP.GINGRICH,Newt Gingrich to win the 2012 New Hampshire Primary,1,14.0,Dec/12/2011 06:03:09
749807,NEW.HAMP.GINGRICH,Newt Gingrich to win the 2012 New Hampshire Primary,4,13.6,Dec/12/2011 18:38:56
749807,NEW.HAMP.GINGRICH,Newt Gingrich to win the 2012 New Hampshire Primary,2,13.1,Dec/13/2011 19:05:07
749807,NEW.HAMP.GINGRICH,Newt Gingrich to win the 2012 New Hampshire Primary,9,13.0,Dec/13/2011 19:07:53
749807,NEW.HAMP.GINGRICH,Newt Gingrich to win the 2012 New Hampshire Primary,1,13.0,Dec/13/2011 20:36:14
749807,NEW.HAMP.GINGRICH,Newt Gingrich to win the 2012 New Hampshire Primary,4,12.5,Dec/13/2011 20:36:14
749807,NEW.HAMP.GINGRICH,Newt Gingrich to win the 2012 New Hampshire Primary,6,11.7,Dec/13/2011 21:35:31
749807,NEW.HAMP.GINGRICH,Newt Gingrich to win the 2012 New Hampshire Primary,5,11.6,Dec/13/2011 21:35:43
749807,NEW.HAMP.GINGRICH,Newt Gingrich to win the 2012 New Hampshire Primary,4,11.0,Dec/13/2011 23:03:00
749807,NEW.HAMP.GINGRICH,Newt Gingrich to win the 2012 New Hampshire Primary,1,10.8,Dec/13/2011 23:57:39
749807,NEW.HAMP.GINGRICH,Newt Gingrich to win the 2012 New Hampshire Primary,5,10.6,Dec/13/2011 23:57:39
749807,NEW.HAMP.GINGRICH,Newt Gingrich to win the 2012 New Hampshire Primary,1,9.9,Dec/14/2011 01:38:21
749807,NEW.HAMP.GINGRICH,Newt Gingrich to win the 2012 New Hampshire Primary,3,9.9,Dec/14/2011 02:56:10
749807,NEW.HAMP.GINGRICH,Newt Gingrich to win the 2012 New Hampshire Primary,1,9.9,Dec/14/2011 15:03:54
749807,NEW.HAMP.GINGRICH,Newt Gingrich to win the 2012 New Hampshire Primary,3,9.9,Dec/14/2011 15:04:16
749807,NEW.HAMP.GINGRICH,Newt Gingrich to win the 2012 New Hampshire Primary,1,9.9,Dec/14/2011 15:04:16
749807,NEW.HAMP.GINGRICH,Newt Gingrich to win the 2012 New Hampshire Primary,2,9.9,Dec/14/2011 15:06:33
749807,NEW.HAMP.GINGRICH,Newt Gingrich to win the 2012 New Hampshire Primary,2,9.9,Dec/14/2011 15:07:05
749807,NEW.HAMP.GINGRICH,Newt Gingrich to win the 2012 New Hampshire Primary,8,10.0,Dec/14/2011 15:07:05
749807,NEW.HAMP.GINGRICH,Newt Gingrich to win the 2012 New Hampshire Primary,5,9.9,Dec/14/2011 17:41:55
749807,NEW.HAMP.GINGRICH,Newt Gingrich to win the 2012 New Hampshire Primary,1,10.0,Dec/14/2011 18:15:00
749807,NEW.HAMP.GINGRICH,Newt Gingrich to win the 2012 New Hampshire Primary,4,9.9,Dec/14/2011 18:15:00
749807,NEW.HAMP.GINGRICH,Newt Gingrich to win the 2012 New Hampshire Primary,2,9.9,Dec/14/2011 18:15:00
749807,NEW.HAMP.GINGRICH,Newt Gingrich to win the 2012 New Hampshire Primary,1,9.9,Dec/14/2011 18:15:00
749807,NEW.HAMP.GINGRICH,Newt Gingrich to win the 2012 New Hampshire Primary,2,10.0,Dec/14/2011 18:15:00
749807,NEW.HAMP.GINGRICH,Newt Gingrich to win the 2012 New Hampshire Primary,5,8.7,Dec/14/2011 21:50:43
749807,NEW.HAMP.GINGRICH,Newt Gingrich to win the 2012 New Hampshire Primary,10,8.7,Dec/15/2011 00:18:38
749807,NEW.HAMP.GINGRICH,Newt Gingrich to win the 2012 New Hampshire Primary,5,8.7,Dec/15/2011 00:18:38
749807,NEW.HAMP.GINGRICH,Newt Gingrich to win the 2012 New Hampshire Primary,5,8.7,Dec/15/2011 00:18:38
749807,NEW.HAMP.GINGRICH,Newt Gingrich to win the 2012 New Hampshire Primary,8,8.5,Dec/15/2011 01:44:36
749807,NEW.HAMP.GINGRICH,Newt Gingrich to win the 2012 New Hampshire Primary,12,8.4,Dec/15/2011 01:44:36
749807,NEW.HAMP.GINGRICH,Newt Gingrich to win the 2012 New Hampshire Primary,20,8.2,Dec/15/2011 01:44:36
749807,NEW.HAMP.GINGRICH,Newt Gingrich to win the 2012 New Hampshire Primary,5,8.1,Dec/15/2011 01:45:18
749807,NEW.HAMP.GINGRICH,Newt Gingrich to win the 2012 New Hampshire Primary,4,8.1,Dec/15/2011 01:45:18
749807,NEW.HAMP.GINGRICH,Newt Gingrich to win the 2012 New Hampshire Primary,1,8.0,Dec/15/2011 01:45:18
749807,NEW.HAMP.GINGRICH,Newt Gingrich to win the 2012 New Hampshire Primary,4,8.0,Dec/15/2011 02:42:34
749807,NEW.HAMP.GINGRICH,Newt Gingrich to win the 2012 New Hampshire Primary,9,8.0,Dec/15/2011 02:42:34
749807,NEW.HAMP.GINGRICH,Newt Gingrich to win the 2012 New Hampshire Primary,1,8.0,Dec/15/2011 05:01:46
749807,NEW.HAMP.GINGRICH,Newt Gingrich to win the 2012 New Hampshire Primary,20,7.5,Dec/15/2011 05:02:13
749807,NEW.HAMP.GINGRICH,Newt Gingrich to win the 2012 New Hampshire Primary,4,8.1,Dec/15/2011 10:47:39
749807,NEW.HAMP.GINGRICH,Newt Gingrich to win the 2012 New Hampshire Primary,5,8.0,Dec/15/2011 10:47:39
749807,NEW.HAMP.GINGRICH,Newt Gingrich to win the 2012 New Hampshire Primary,1,8.0,Dec/15/2011 10:47:39
749807,NEW.HAMP.GINGRICH,Newt Gingrich to win the 2012 New Hampshire Primary,1,8.2,Dec/15/2011 10:48:33
749807,NEW.HAMP.GINGRICH,Newt Gingrich to win the 2012 New Hampshire Primary,9,8.2,Dec/15/2011 10:48:33
749807,NEW.HAMP.GINGRICH,Newt Gingrich to win the 2012 New Hampshire Primary,1,7.3,Dec/15/2011 15:16:11
749807,NEW.HAMP.GINGRICH,Newt Gingrich to win the 2012 New Hampshire Primary,1,7.4,Dec/15/2011 15:16:11
749807,NEW.HAMP.GINGRICH,Newt Gingrich to win the 2012 New Hampshire Primary,5,6.9,Dec/15/2011 17:09:28
749807,NEW.HAMP.GINGRICH,Newt Gingrich to win the 2012 New Hampshire Primary,48,7.0,Dec/15/2011 17:09:28
749807,NEW.HAMP.GINGRICH,Newt Gingrich to win the 2012 New Hampshire Primary,7,6.9,Dec/15/2011 17:09:28
749807,NEW.HAMP.GINGRICH,Newt Gingrich to win the 2012 New Hampshire Primary,1,6.2,Dec/15/2011 17:40:36
749807,NEW.HAMP.GINGRICH,Newt Gingrich to win the 2012 New Hampshire Primary,4,6.2,Dec/15/2011 17:47:58
749807,NEW.HAMP.GINGRICH,Newt Gingrich to win the 2012 New Hampshire Primary,1,6.0,Dec/15/2011 17:47:58
749807,NEW.HAMP.GINGRICH,Newt Gingrich to win the 2012 New Hampshire Primary,2,5.1,Dec/15/2011 17:47:58
749807,NEW.HAMP.GINGRICH,Newt Gingrich to win the 2012 New Hampshire Primary,1,5.0,Dec/15/2011 17:47:58
749807,NEW.HAMP.GINGRICH,Newt Gingrich to win the 2012 New Hampshire Primary,10,5.9,Dec/15/2011 19:46:40
749807,NEW.HAMP.GINGRICH,Newt Gingrich to win the 2012 New Hampshire Primary,1,5.9,Dec/15/2011 19:47:06
749807,NEW.HAMP.GINGRICH,Newt Gingrich to win the 2012 New Hampshire Primary,10,5.9,Dec/15/2011 19:47:06
749807,NEW.HAMP.GINGRICH,Newt Gingrich to win the 2012 New Hampshire Primary,3,6.3,Dec/15/2011 23:30:21
749807,NEW.HAMP.GINGRICH,Newt Gingrich to win the 2012 New Hampshire Primary,9,5.9,Dec/15/2011 23:31:35
749807,NEW.HAMP.GINGRICH,Newt Gingrich to win the 2012 New Hampshire Primary,1,5.5,Dec/16/2011 02:52:33
749807,NEW.HAMP.GINGRICH,Newt Gingrich to win the 2012 New Hampshire Primary,15,5.7,Dec/16/2011 03:20:49
749807,NEW.HAMP.GINGRICH,Newt Gingrich to win the 2012 New Hampshire Primary,5,5.5,Dec/16/2011 03:20:49
749807,NEW.HAMP.GINGRICH,Newt Gingrich to win the 2012 New Hampshire Primary,5,5.7,Dec/16/2011 03:38:50
749807,NEW.HAMP.GINGRICH,Newt Gingrich to win the 2012 New Hampshire Primary,1,5.7,Dec/16/2011 03:38:50
749807,NEW.HAMP.GINGRICH,Newt Gingrich to win the 2012 New Hampshire Primary,1,5.9,Dec/16/2011 04:25:08
749807,NEW.HAMP.GINGRICH,Newt Gingrich to win the 2012 New Hampshire Primary,1,5.9,Dec/16/2011 04:25:08
749807,NEW.HAMP.GINGRICH,Newt Gingrich to win the 2012 New Hampshire Primary,5,5.5,Dec/16/2011 08:39:40
749807,NEW.HAMP.GINGRICH,Newt Gingrich to win the 2012 New Hampshire Primary,6,5.6,Dec/16/2011 15:28:09
749807,NEW.HAMP.GINGRICH,Newt Gingrich to win the 2012 New Hampshire Primary,7,5.6,Dec/16/2011 15:28:09
749807,NEW.HAMP.GINGRICH,Newt Gingrich to win the 2012 New Hampshire Primary,43,5.6,Dec/16/2011 15:28:09
749807,NEW.HAMP.GINGRICH,Newt Gingrich to win the 2012 New Hampshire Primary,37,5.5,Dec/16/2011 15:28:09
749807,NEW.HAMP.GINGRICH,Newt Gingrich to win the 2012 New Hampshire Primary,1,5.5,Dec/16/2011 18:26:48
749807,NEW.HAMP.GINGRICH,Newt Gingrich to win the 2012 New Hampshire Primary,7,5.5,Dec/16/2011 18:26:48
749807,NEW.HAMP.GINGRICH,Newt Gingrich to win the 2012 New Hampshire Primary,2,6.0,Dec/16/2011 18:29:50
749807,NEW.HAMP.GINGRICH,Newt Gingrich to win the 2012 New Hampshire Primary,1,5.9,Dec/16/2011 18:29:50
749807,NEW.HAMP.GINGRICH,Newt Gingrich to win the 2012 New Hampshire Primary,1,5.8,Dec/16/2011 18:29:50
749807,NEW.HAMP.GINGRICH,Newt Gingrich to win the 2012 New Hampshire Primary,1,5.7,Dec/16/2011 18:29:50
749807,NEW.HAMP.GINGRICH,Newt Gingrich to win the 2012 New Hampshire Primary,1,6.0,Dec/16/2011 18:29:50
749807,NEW.HAMP.GINGRICH,Newt Gingrich to win the 2012 New Hampshire Primary,10,6.0,Dec/16/2011 18:29:50
749807,NEW.HAMP.GINGRICH,Newt Gingrich to win the 2012 New Hampshire Primary,1,6.1,Dec/16/2011 19:20:41
749807,NEW.HAMP.GINGRICH,Newt Gingrich to win the 2012 New Hampshire Primary,1,6.1,Dec/16/2011 19:20:41
749807,NEW.HAMP.GINGRICH,Newt Gingrich to win the 2012 New Hampshire Primary,13,6.0,Dec/16/2011 19:58:12
749807,NEW.HAMP.GINGRICH,Newt Gingrich to win the 2012 New Hampshire Primary,1,6.2,Dec/16/2011 20:39:12
749807,NEW.HAMP.GINGRICH,Newt Gingrich to win the 2012 New Hampshire Primary,1,6.3,Dec/16/2011 20:39:12
749807,NEW.HAMP.GINGRICH,Newt Gingrich to win the 2012 New Hampshire Primary,10,6.5,Dec/16/2011 20:39:12
749807,NEW.HAMP.GINGRICH,Newt Gingrich to win the 2012 New Hampshire Primary,1,6.5,Dec/16/2011 20:39:12
749807,NEW.HAMP.GINGRICH,Newt Gingrich to win the 2012 New Hampshire Primary,5,6.5,Dec/16/2011 20:39:12
749807,NEW.HAMP.GINGRICH,Newt Gingrich to win the 2012 New Hampshire Primary,1,6.4,Dec/16/2011 20:39:12
749807,NEW.HAMP.GINGRICH,Newt Gingrich to win the 2012 New Hampshire Primary,1,6.3,Dec/16/2011 20:39:12
749807,NEW.HAMP.GINGRICH,Newt Gingrich to win the 2012 New Hampshire Primary,1,6.5,Dec/16/2011 20:50:32
749807,NEW.HAMP.GINGRICH,Newt Gingrich to win the 2012 New Hampshire Primary,18,6.7,Dec/16/2011 20:50:32
749807,NEW.HAMP.GINGRICH,Newt Gingrich to win the 2012 New Hampshire Primary,1,7.0,Dec/16/2011 20:50:32
749807,NEW.HAMP.GINGRICH,Newt Gingrich to win the 2012 New Hampshire Primary,10,7.0,Dec/16/2011 20:50:32
749807,NEW.HAMP.GINGRICH,Newt Gingrich to win the 2012 New Hampshire Primary,1,6.7,Dec/16/2011 20:50:32
749807,NEW.HAMP.GINGRICH,Newt Gingrich to win the 2012 New Hampshire Primary,5,8.5,Dec/16/2011 23:09:09
749807,NEW.HAMP.GINGRICH,Newt Gingrich to win the 2012 New Hampshire Primary,1,8.5,Dec/16/2011 23:09:09
749807,NEW.HAMP.GINGRICH,Newt Gingrich to win the 2012 New Hampshire Primary,1,7.1,Dec/17/2011 01:13:44
749807,NEW.HAMP.GINGRICH,Newt Gingrich to win the 2012 New Hampshire Primary,4,7.1,Dec/17/2011 01:33:33
749807,NEW.HAMP.GINGRICH,Newt Gingrich to win the 2012 New Hampshire Primary,3,7.0,Dec/17/2011 01:33:33
749807,NEW.HAMP.GINGRICH,Newt Gingrich to win the 2012 New Hampshire Primary,1,7.0,Dec/17/2011 01:33:33
749807,NEW.HAMP.GINGRICH,Newt Gingrich to win the 2012 New Hampshire Primary,17,7.0,Dec/17/2011 08:16:36
749807,NEW.HAMP.GINGRICH,Newt Gingrich to win the 2012 New Hampshire Primary,10,7.0,Dec/17/2011 17:12:27
749807,NEW.HAMP.GINGRICH,Newt Gingrich to win the 2012 New Hampshire Primary,1,4.9,Dec/18/2011 04:19:35
749807,NEW.HAMP.GINGRICH,Newt Gingrich to win the 2012 New Hampshire Primary,10,4.0,Dec/18/2011 15:32:19
749807,NEW.HAMP.GINGRICH,Newt Gingrich to win the 2012 New Hampshire Primary,5,4.1,Dec/19/2011 00:50:02
749807,NEW.HAMP.GINGRICH,Newt Gingrich to win the 2012 New Hampshire Primary,1,4.1,Dec/19/2011 00:50:02
749807,NEW.HAMP.GINGRICH,Newt Gingrich to win the 2012 New Hampshire Primary,5,4.2,Dec/19/2011 00:50:07
749807,NEW.HAMP.GINGRICH,Newt Gingrich to win the 2012 New Hampshire Primary,1,4.3,Dec/19/2011 00:50:16
749807,NEW.HAMP.GINGRICH,Newt Gingrich to win the 2012 New Hampshire Primary,5,4.3,Dec/19/2011 00:50:16
749807,NEW.HAMP.GINGRICH,Newt Gingrich to win the 2012 New Hampshire Primary,3,4.4,Dec/19/2011 00:50:27
749807,NEW.HAMP.GINGRICH,Newt Gingrich to win the 2012 New Hampshire Primary,2,4.4,Dec/19/2011 03:53:25
749807,NEW.HAMP.GINGRICH,Newt Gingrich to win the 2012 New Hampshire Primary,1,3.4,Dec/19/2011 04:00:24
749807,NEW.HAMP.GINGRICH,Newt Gingrich to win the 2012 New Hampshire Primary,1,3.4,Dec/19/2011 04:00:59
749807,NEW.HAMP.GINGRICH,Newt Gingrich to win the 2012 New Hampshire Primary,1,3.4,Dec/19/2011 04:01:58
749807,NEW.HAMP.GINGRICH,Newt Gingrich to win the 2012 New Hampshire Primary,2,4.4,Dec/19/2011 04:02:00
749807,NEW.HAMP.GINGRICH,Newt Gingrich to win the 2012 New Hampshire Primary,200,3.0,Dec/19/2011 04:41:18
749807,NEW.HAMP.GINGRICH,Newt Gingrich to win the 2012 New Hampshire Primary,47,3.4,Dec/19/2011 04:41:18
749807,NEW.HAMP.GINGRICH,Newt Gingrich to win the 2012 New Hampshire Primary,9,2.5,Dec/19/2011 06:35:15
749807,NEW.HAMP.GINGRICH,Newt Gingrich to win the 2012 New Hampshire Primary,15,2.4,Dec/19/2011 08:42:39
749807,NEW.HAMP.GINGRICH,Newt Gingrich to win the 2012 New Hampshire Primary,5,2.4,Dec/19/2011 08:42:42
749807,NEW.HAMP.GINGRICH,Newt Gingrich to win the 2012 New Hampshire Primary,2,2.4,Dec/19/2011 08:43:21
749807,NEW.HAMP.GINGRICH,Newt Gingrich to win the 2012 New Hampshire Primary,1,3.5,Dec/19/2011 09:27:00
749807,NEW.HAMP.GINGRICH,Newt Gingrich to win the 2012 New Hampshire Primary,5,2.4,Dec/19/2011 10:26:55
749807,NEW.HAMP.GINGRICH,Newt Gingrich to win the 2012 New Hampshire Primary,4,3.0,Dec/19/2011 16:27:01
749807,NEW.HAMP.GINGRICH,Newt Gingrich to win the 2012 New Hampshire Primary,17,2.4,Dec/19/2011 16:53:10
749807,NEW.HAMP.GINGRICH,Newt Gingrich to win the 2012 New Hampshire Primary,10,3.0,Dec/19/2011 17:34:04
749807,NEW.HAMP.GINGRICH,Newt Gingrich to win the 2012 New Hampshire Primary,1,3.0,Dec/19/2011 17:34:04
749807,NEW.HAMP.GINGRICH,Newt Gingrich to win the 2012 New Hampshire Primary,16,3.0,Dec/19/2011 17:34:04
749807,NEW.HAMP.GINGRICH,Newt Gingrich to win the 2012 New Hampshire Primary,5,2.9,Dec/19/2011 17:34:04
749807,NEW.HAMP.GINGRICH,Newt Gingrich to win the 2012 New Hampshire Primary,7,2.4,Dec/19/2011 18:43:39
749807,NEW.HAMP.GINGRICH,Newt Gingrich to win the 2012 New Hampshire Primary,27,2.4,Dec/19/2011 18:43:39
749807,NEW.HAMP.GINGRICH,Newt Gingrich to win the 2012 New Hampshire Primary,6,2.4,Dec/19/2011 18:43:39
749807,NEW.HAMP.GINGRICH,Newt Gingrich to win the 2012 New Hampshire Primary,5,3.2,Dec/19/2011 18:56:52
749807,NEW.HAMP.GINGRICH,Newt Gingrich to win the 2012 New Hampshire Primary,7,3.1,Dec/19/2011 18:56:52
749807,NEW.HAMP.GINGRICH,Newt Gingrich to win the 2012 New Hampshire Primary,30,3.0,Dec/19/2011 18:56:52
749807,NEW.HAMP.GINGRICH,Newt Gingrich to win the 2012 New Hampshire Primary,2,2.4,Dec/19/2011 21:40:51
749807,NEW.HAMP.GINGRICH,Newt Gingrich to win the 2012 New Hampshire Primary,40,2.4,Dec/19/2011 22:50:27
749807,NEW.HAMP.GINGRICH,Newt Gingrich to win the 2012 New Hampshire Primary,8,2.4,Dec/19/2011 22:50:27
749807,NEW.HAMP.GINGRICH,Newt Gingrich to win the 2012 New Hampshire Primary,2,2.0,Dec/19/2011 22:50:27
749807,NEW.HAMP.GINGRICH,Newt Gingrich to win the 2012 New Hampshire Primary,23,2.0,Dec/19/2011 22:50:38
749807,NEW.HAMP.GINGRICH,Newt Gingrich to win the 2012 New Hampshire Primary,9,2.1,Dec/19/2011 23:18:05
749807,NEW.HAMP.GINGRICH,Newt Gingrich to win the 2012 New Hampshire Primary,1,2.4,Dec/19/2011 23:18:55
749807,NEW.HAMP.GINGRICH,Newt Gingrich to win the 2012 New Hampshire Primary,49,2.4,Dec/19/2011 23:19:26
749807,NEW.HAMP.GINGRICH,Newt Gingrich to win the 2012 New Hampshire Primary,1,2.4,Dec/19/2011 23:20:07
749807,NEW.HAMP.GINGRICH,Newt Gingrich to win the 2012 New Hampshire Primary,1,2.6,Dec/19/2011 23:24:23
749807,NEW.HAMP.GINGRICH,Newt Gingrich to win the 2012 New Hampshire Primary,5,2.5,Dec/20/2011 15:18:00
749807,NEW.HAMP.GINGRICH,Newt Gingrich to win the 2012 New Hampshire Primary,8,2.6,Dec/20/2011 15:27:50
749807,NEW.HAMP.GINGRICH,Newt Gingrich to win the 2012 New Hampshire Primary,1,2.9,Dec/20/2011 18:16:33
749807,NEW.HAMP.GINGRICH,Newt Gingrich to win the 2012 New Hampshire Primary,10,2.9,Dec/20/2011 18:16:33
749807,NEW.HAMP.GINGRICH,Newt Gingrich to win the 2012 New Hampshire Primary,13,2.4,Dec/20/2011 19:40:28
749807,NEW.HAMP.GINGRICH,Newt Gingrich to win the 2012 New Hampshire Primary,10,2.6,Dec/20/2011 19:40:28
749807,NEW.HAMP.GINGRICH,Newt Gingrich to win the 2012 New Hampshire Primary,2,2.4,Dec/20/2011 19:50:05
749807,NEW.HAMP.GINGRICH,Newt Gingrich to win the 2012 New Hampshire Primary,10,2.4,Dec/20/2011 22:48:16
749807,NEW.HAMP.GINGRICH,Newt Gingrich to win the 2012 New Hampshire Primary,1,2.4,Dec/20/2011 23:01:13
749807,NEW.HAMP.GINGRICH,Newt Gingrich to win the 2012 New Hampshire Primary,20,2.5,Dec/22/2011 15:24:13
749807,NEW.HAMP.GINGRICH,Newt Gingrich to win the 2012 New Hampshire Primary,1,2.5,Dec/22/2011 15:24:13
749807,NEW.HAMP.GINGRICH,Newt Gingrich to win the 2012 New Hampshire Primary,10,2.5,Dec/22/2011 15:24:13
749807,NEW.HAMP.GINGRICH,Newt Gingrich to win the 2012 New Hampshire Primary,15,3.0,Dec/22/2011 18:51:30
749807,NEW.HAMP.GINGRICH,Newt Gingrich to win the 2012 New Hampshire Primary,10,3.0,Dec/22/2011 18:51:30
749807,NEW.HAMP.GINGRICH,Newt Gingrich to win the 2012 New Hampshire Primary,10,2.9,Dec/22/2011 18:51:30
749807,NEW.HAMP.GINGRICH,Newt Gingrich to win the 2012 New Hampshire Primary,30,3.0,Dec/22/2011 18:51:30
749807,NEW.HAMP.GINGRICH,Newt Gingrich to win the 2012 New Hampshire Primary,10,2.9,Dec/22/2011 18:51:30
749807,NEW.HAMP.GINGRICH,Newt Gingrich to win the 2012 New Hampshire Primary,10,3.0,Dec/22/2011 18:51:30
749807,NEW.HAMP.GINGRICH,Newt Gingrich to win the 2012 New Hampshire Primary,1,2.5,Dec/22/2011 18:51:30
749807,NEW.HAMP.GINGRICH,Newt Gingrich to win the 2012 New Hampshire Primary,10,2.5,Dec/22/2011 18:51:30
749807,NEW.HAMP.GINGRICH,Newt Gingrich to win the 2012 New Hampshire Primary,9,2.5,Dec/22/2011 18:51:30
749807,NEW.HAMP.GINGRICH,Newt Gingrich to win the 2012 New Hampshire Primary,10,2.8,Dec/22/2011 18:51:30
749807,NEW.HAMP.GINGRICH,Newt Gingrich to win the 2012 New Hampshire Primary,1,2.8,Dec/22/2011 18:51:30
749807,NEW.HAMP.GINGRICH,Newt Gingrich to win the 2012 New Hampshire Primary,1,2.9,Dec/22/2011 18:51:30
749807,NEW.HAMP.GINGRICH,Newt Gingrich to win the 2012 New Hampshire Primary,10,3.1,Dec/22/2011 19:29:55
749807,NEW.HAMP.GINGRICH,Newt Gingrich to win the 2012 New Hampshire Primary,10,3.1,Dec/22/2011 19:29:55
749807,NEW.HAMP.GINGRICH,Newt Gingrich to win the 2012 New Hampshire Primary,1,3.1,Dec/22/2011 19:29:55
749807,NEW.HAMP.GINGRICH,Newt Gingrich to win the 2012 New Hampshire Primary,3,3.0,Dec/22/2011 20:42:08
749807,NEW.HAMP.GINGRICH,Newt Gingrich to win the 2012 New Hampshire Primary,15,3.0,Dec/22/2011 22:39:22
749807,NEW.HAMP.GINGRICH,Newt Gingrich to win the 2012 New Hampshire Primary,30,3.0,Dec/22/2011 22:59:06
749807,NEW.HAMP.GINGRICH,Newt Gingrich to win the 2012 New Hampshire Primary,10,3.2,Dec/23/2011 03:57:07
749807,NEW.HAMP.GINGRICH,Newt Gingrich to win the 2012 New Hampshire Primary,10,3.3,Dec/23/2011 03:57:07
749807,NEW.HAMP.GINGRICH,Newt Gingrich to win the 2012 New Hampshire Primary,1,3.2,Dec/23/2011 03:57:07
749807,NEW.HAMP.GINGRICH,Newt Gingrich to win the 2012 New Hampshire Primary,5,3.3,Dec/23/2011 03:57:07
749807,NEW.HAMP.GINGRICH,Newt Gingrich to win the 2012 New Hampshire Primary,10,3.2,Dec/24/2011 15:47:25
749807,NEW.HAMP.GINGRICH,Newt Gingrich to win the 2012 New Hampshire Primary,1,3.2,Dec/24/2011 15:47:25
749807,NEW.HAMP.GINGRICH,Newt Gingrich to win the 2012 New Hampshire Primary,10,3.3,Dec/24/2011 15:48:14
749807,NEW.HAMP.GINGRICH,Newt Gingrich to win the 2012 New Hampshire Primary,1,3.6,Dec/25/2011 00:32:42
749807,NEW.HAMP.GINGRICH,Newt Gingrich to win the 2012 New Hampshire Primary,1,3.4,Dec/25/2011 00:32:42
749807,NEW.HAMP.GINGRICH,Newt Gingrich to win the 2012 New Hampshire Primary,10,3.5,Dec/25/2011 00:32:42
749807,NEW.HAMP.GINGRICH,Newt Gingrich to win the 2012 New Hampshire Primary,7,3.4,Dec/25/2011 00:32:42
749807,NEW.HAMP.GINGRICH,Newt Gingrich to win the 2012 New Hampshire Primary,9,3.5,Dec/25/2011 00:32:42
749807,NEW.HAMP.GINGRICH,Newt Gingrich to win the 2012 New Hampshire Primary,10,3.5,Dec/25/2011 00:32:42
749807,NEW.HAMP.GINGRICH,Newt Gingrich to win the 2012 New Hampshire Primary,10,3.6,Dec/25/2011 00:32:42
749807,NEW.HAMP.GINGRICH,Newt Gingrich to win the 2012 New Hampshire Primary,10,3.7,Dec/25/2011 01:10:01
749807,NEW.HAMP.GINGRICH,Newt Gingrich to win the 2012 New Hampshire Primary,10,4.0,Dec/25/2011 02:52:52
749807,NEW.HAMP.GINGRICH,Newt Gingrich to win the 2012 New Hampshire Primary,10,3.8,Dec/25/2011 02:52:52
749807,NEW.HAMP.GINGRICH,Newt Gingrich to win the 2012 New Hampshire Primary,10,3.9,Dec/25/2011 02:52:52
749807,NEW.HAMP.GINGRICH,Newt Gingrich to win the 2012 New Hampshire Primary,11,4.0,Dec/25/2011 02:52:52
749807,NEW.HAMP.GINGRICH,Newt Gingrich to win the 2012 New Hampshire Primary,10,3.9,Dec/25/2011 02:52:52
749807,NEW.HAMP.GINGRICH,Newt Gingrich to win the 2012 New Hampshire Primary,1,3.8,Dec/25/2011 02:52:52
749807,NEW.HAMP.GINGRICH,Newt Gingrich to win the 2012 New Hampshire Primary,1,4.0,Dec/25/2011 02:52:52
749807,NEW.HAMP.GINGRICH,Newt Gingrich to win the 2012 New Hampshire Primary,3,4.0,Dec/25/2011 02:52:52
749807,NEW.HAMP.GINGRICH,Newt Gingrich to win the 2012 New Hampshire Primary,3,3.0,Dec/25/2011 13:41:25
749807,NEW.HAMP.GINGRICH,Newt Gingrich to win the 2012 New Hampshire Primary,4,3.4,Dec/26/2011 09:42:44
749807,NEW.HAMP.GINGRICH,Newt Gingrich to win the 2012 New Hampshire Primary,5,3.0,Dec/26/2011 17:53:14
749807,NEW.HAMP.GINGRICH,Newt Gingrich to win the 2012 New Hampshire Primary,2,3.0,Dec/26/2011 18:14:37
749807,NEW.HAMP.GINGRICH,Newt Gingrich to win the 2012 New Hampshire Primary,3,3.0,Dec/26/2011 18:14:37
749807,NEW.HAMP.GINGRICH,Newt Gingrich to win the 2012 New Hampshire Primary,5,3.1,Dec/26/2011 18:19:08
749807,NEW.HAMP.GINGRICH,Newt Gingrich to win the 2012 New Hampshire Primary,17,3.0,Dec/27/2011 00:45:47
749807,NEW.HAMP.GINGRICH,Newt Gingrich to win the 2012 New Hampshire Primary,50,2.9,Dec/27/2011 00:46:46
749807,NEW.HAMP.GINGRICH,Newt Gingrich to win the 2012 New Hampshire Primary,1,2.4,Dec/27/2011 01:30:33
749807,NEW.HAMP.GINGRICH,Newt Gingrich to win the 2012 New Hampshire Primary,8,2.4,Dec/27/2011 03:23:05
749807,NEW.HAMP.GINGRICH,Newt Gingrich to win the 2012 New Hampshire Primary,5,2.5,Dec/27/2011 03:23:05
749807,NEW.HAMP.GINGRICH,Newt Gingrich to win the 2012 New Hampshire Primary,26,2.4,Dec/27/2011 03:23:35
749807,NEW.HAMP.GINGRICH,Newt Gingrich to win the 2012 New Hampshire Primary,14,2.4,Dec/27/2011 03:23:35
749807,NEW.HAMP.GINGRICH,Newt Gingrich to win the 2012 New Hampshire Primary,5,2.0,Dec/27/2011 17:17:35
749807,NEW.HAMP.GINGRICH,Newt Gingrich to win the 2012 New Hampshire Primary,1,2.4,Dec/27/2011 17:17:35
749807,NEW.HAMP.GINGRICH,Newt Gingrich to win the 2012 New Hampshire Primary,20,2.0,Dec/27/2011 17:20:50
749807,NEW.HAMP.GINGRICH,Newt Gingrich to win the 2012 New Hampshire Primary,10,2.7,Dec/27/2011 18:58:42
749807,NEW.HAMP.GINGRICH,Newt Gingrich to win the 2012 New Hampshire Primary,10,2.6,Dec/27/2011 18:58:42
749807,NEW.HAMP.GINGRICH,Newt Gingrich to win the 2012 New Hampshire Primary,1,2.6,Dec/27/2011 18:58:42
749807,NEW.HAMP.GINGRICH,Newt Gingrich to win the 2012 New Hampshire Primary,1,2.8,Dec/27/2011 18:58:42
749807,NEW.HAMP.GINGRICH,Newt Gingrich to win the 2012 New Hampshire Primary,10,2.8,Dec/27/2011 18:58:42
749807,NEW.HAMP.GINGRICH,Newt Gingrich to win the 2012 New Hampshire Primary,10,2.9,Dec/27/2011 18:58:42
749807,NEW.HAMP.GINGRICH,Newt Gingrich to win the 2012 New Hampshire Primary,1,3.0,Dec/27/2011 18:58:42
749807,NEW.HAMP.GINGRICH,Newt Gingrich to win the 2012 New Hampshire Primary,30,3.0,Dec/27/2011 18:58:42
749807,NEW.HAMP.GINGRICH,Newt Gingrich to win the 2012 New Hampshire Primary,13,3.0,Dec/27/2011 18:58:42
749807,NEW.HAMP.GINGRICH,Newt Gingrich to win the 2012 New Hampshire Primary,1,2.4,Dec/28/2011 04:39:28
749807,NEW.HAMP.GINGRICH,Newt Gingrich to win the 2012 New Hampshire Primary,1,2.5,Dec/28/2011 05:13:20
749807,NEW.HAMP.GINGRICH,Newt Gingrich to win the 2012 New Hampshire Primary,50,2.5,Dec/28/2011 05:13:20
749807,NEW.HAMP.GINGRICH,Newt Gingrich to win the 2012 New Hampshire Primary,25,2.4,Dec/28/2011 07:53:47
749807,NEW.HAMP.GINGRICH,Newt Gingrich to win the 2012 New Hampshire Primary,10,2.5,Dec/28/2011 13:57:38
749807,NEW.HAMP.GINGRICH,Newt Gingrich to win the 2012 New Hampshire Primary,5,2.6,Dec/28/2011 14:21:41
749807,NEW.HAMP.GINGRICH,Newt Gingrich to win the 2012 New Hampshire Primary,3,2.0,Dec/28/2011 15:44:34
749807,NEW.HAMP.GINGRICH,Newt Gingrich to win the 2012 New Hampshire Primary,2,2.0,Dec/28/2011 15:46:19
749807,NEW.HAMP.GINGRICH,Newt Gingrich to win the 2012 New Hampshire Primary,28,2.1,Dec/28/2011 18:35:38
749807,NEW.HAMP.GINGRICH,Newt Gingrich to win the 2012 New Hampshire Primary,1,2.1,Dec/28/2011 18:36:58
749807,NEW.HAMP.GINGRICH,Newt Gingrich to win the 2012 New Hampshire Primary,6,2.1,Dec/28/2011 18:37:29
749807,NEW.HAMP.GINGRICH,Newt Gingrich to win the 2012 New Hampshire Primary,1,2.1,Dec/28/2011 18:40:31
749807,NEW.HAMP.GINGRICH,Newt Gingrich to win the 2012 New Hampshire Primary,14,2.1,Dec/28/2011 18:41:11
749807,NEW.HAMP.GINGRICH,Newt Gingrich to win the 2012 New Hampshire Primary,5,2.0,Dec/28/2011 18:41:11
749807,NEW.HAMP.GINGRICH,Newt Gingrich to win the 2012 New Hampshire Primary,25,2.0,Dec/28/2011 18:48:44
749807,NEW.HAMP.GINGRICH,Newt Gingrich to win the 2012 New Hampshire Primary,1,2.0,Dec/28/2011 18:56:18
749807,NEW.HAMP.GINGRICH,Newt Gingrich to win the 2012 New Hampshire Primary,1,2.0,Dec/28/2011 18:56:38
749807,NEW.HAMP.GINGRICH,Newt Gingrich to win the 2012 New Hampshire Primary,2,1.9,Dec/28/2011 19:12:25
749807,NEW.HAMP.GINGRICH,Newt Gingrich to win the 2012 New Hampshire Primary,18,2.0,Dec/28/2011 19:12:25
749807,NEW.HAMP.GINGRICH,Newt Gingrich to win the 2012 New Hampshire Primary,2,1.9,Dec/28/2011 19:47:53
749807,NEW.HAMP.GINGRICH,Newt Gingrich to win the 2012 New Hampshire Primary,23,1.9,Dec/28/2011 22:19:18
749807,NEW.HAMP.GINGRICH,Newt Gingrich to win the 2012 New Hampshire Primary,23,1.9,Dec/28/2011 22:19:36
749807,NEW.HAMP.GINGRICH,Newt Gingrich to win the 2012 New Hampshire Primary,17,1.4,Dec/29/2011 01:58:27
749807,NEW.HAMP.GINGRICH,Newt Gingrich to win the 2012 New Hampshire Primary,23,1.5,Dec/29/2011 01:58:27
749807,NEW.HAMP.GINGRICH,Newt Gingrich to win the 2012 New Hampshire Primary,10,1.5,Dec/29/2011 08:21:11
749807,NEW.HAMP.GINGRICH,Newt Gingrich to win the 2012 New Hampshire Primary,1,1.5,Dec/29/2011 18:59:43
749807,NEW.HAMP.GINGRICH,Newt Gingrich to win the 2012 New Hampshire Primary,10,1.5,Dec/29/2011 18:59:43
749807,NEW.HAMP.GINGRICH,Newt Gingrich to win the 2012 New Hampshire Primary,20,1.5,Dec/29/2011 18:59:43
749807,NEW.HAMP.GINGRICH,Newt Gingrich to win the 2012 New Hampshire Primary,40,1.5,Dec/29/2011 19:09:53
749807,NEW.HAMP.GINGRICH,Newt Gingrich to win the 2012 New Hampshire Primary,13,1.6,Dec/29/2011 22:24:28
749807,NEW.HAMP.GINGRICH,Newt Gingrich to win the 2012 New Hampshire Primary,15,1.5,Dec/29/2011 23:10:19
749807,NEW.HAMP.GINGRICH,Newt Gingrich to win the 2012 New Hampshire Primary,15,1.6,Dec/30/2011 01:01:28
749807,NEW.HAMP.GINGRICH,Newt Gingrich to win the 2012 New Hampshire Primary,7,1.6,Dec/30/2011 01:01:28
749807,NEW.HAMP.GINGRICH,Newt Gingrich to win the 2012 New Hampshire Primary,1,1.6,Dec/30/2011 01:01:28
749807,NEW.HAMP.GINGRICH,Newt Gingrich to win the 2012 New Hampshire Primary,10,1.7,Dec/30/2011 01:01:55
749807,NEW.HAMP.GINGRICH,Newt Gingrich to win the 2012 New Hampshire Primary,10,1.8,Dec/30/2011 01:02:18
749807,NEW.HAMP.GINGRICH,Newt Gingrich to win the 2012 New Hampshire Primary,1,1.8,Dec/30/2011 01:02:18
749807,NEW.HAMP.GINGRICH,Newt Gingrich to win the 2012 New Hampshire Primary,20,1.5,Dec/30/2011 01:15:37
749807,NEW.HAMP.GINGRICH,Newt Gingrich to win the 2012 New Hampshire Primary,5,1.5,Dec/30/2011 01:30:45
749807,NEW.HAMP.GINGRICH,Newt Gingrich to win the 2012 New Hampshire Primary,30,1.5,Dec/30/2011 03:28:05
749807,NEW.HAMP.GINGRICH,Newt Gingrich to win the 2012 New Hampshire Primary,33,1.5,Dec/30/2011 05:16:41
749807,NEW.HAMP.GINGRICH,Newt Gingrich to win the 2012 New Hampshire Primary,26,1.5,Dec/30/2011 06:06:08
749807,NEW.HAMP.GINGRICH,Newt Gingrich to win the 2012 New Hampshire Primary,14,1.4,Dec/30/2011 06:06:08
749807,NEW.HAMP.GINGRICH,Newt Gingrich to win the 2012 New Hampshire Primary,2,1.4,Dec/30/2011 13:47:43
749807,NEW.HAMP.GINGRICH,Newt Gingrich to win the 2012 New Hampshire Primary,74,1.4,Dec/30/2011 15:41:12
749807,NEW.HAMP.GINGRICH,Newt Gingrich to win the 2012 New Hampshire Primary,20,1.0,Dec/30/2011 17:10:17
749807,NEW.HAMP.GINGRICH,Newt Gingrich to win the 2012 New Hampshire Primary,40,1.0,Dec/30/2011 17:24:18
749807,NEW.HAMP.GINGRICH,Newt Gingrich to win the 2012 New Hampshire Primary,140,1.0,Dec/30/2011 23:08:00
749807,NEW.HAMP.GINGRICH,Newt Gingrich to win the 2012 New Hampshire Primary,7,1.0,Dec/30/2011 23:14:45
749807,NEW.HAMP.GINGRICH,Newt Gingrich to win the 2012 New Hampshire Primary,20,1.1,Dec/31/2011 02:58:18
749807,NEW.HAMP.GINGRICH,Newt Gingrich to win the 2012 New Hampshire Primary,1,1.1,Dec/31/2011 02:58:18
749807,NEW.HAMP.GINGRICH,Newt Gingrich to win the 2012 New Hampshire Primary,20,1.2,Dec/31/2011 02:58:18
749807,NEW.HAMP.GINGRICH,Newt Gingrich to win the 2012 New Hampshire Primary,37,1.0,Dec/31/2011 05:31:14
749807,NEW.HAMP.GINGRICH,Newt Gingrich to win the 2012 New Hampshire Primary,2,1.0,Dec/31/2011 06:01:23
749807,NEW.HAMP.GINGRICH,Newt Gingrich to win the 2012 New Hampshire Primary,1,1.1,Dec/31/2011 08:46:12
749807,NEW.HAMP.GINGRICH,Newt Gingrich to win the 2012 New Hampshire Primary,25,1.1,Dec/31/2011 08:46:12
749807,NEW.HAMP.GINGRICH,Newt Gingrich to win the 2012 New Hampshire Primary,25,1.2,Dec/31/2011 09:11:21
749807,NEW.HAMP.GINGRICH,Newt Gingrich to win the 2012 New Hampshire Primary,30,1.0,Jan/01/2012 03:26:19
749807,NEW.HAMP.GINGRICH,Newt Gingrich to win the 2012 New Hampshire Primary,25,1.1,Jan/01/2012 03:26:19
749807,NEW.HAMP.GINGRICH,Newt Gingrich to win the 2012 New Hampshire Primary,1,1.1,Jan/01/2012 20:38:37
749807,NEW.HAMP.GINGRICH,Newt Gingrich to win the 2012 New Hampshire Primary,10,1.1,Jan/01/2012 20:38:37
749807,NEW.HAMP.GINGRICH,Newt Gingrich to win the 2012 New Hampshire Primary,57,1.0,Jan/02/2012 00:48:49
749807,NEW.HAMP.GINGRICH,Newt Gingrich to win the 2012 New Hampshire Primary,10,1.0,Jan/02/2012 00:50:18
749807,NEW.HAMP.GINGRICH,Newt Gingrich to win the 2012 New Hampshire Primary,1,1.0,Jan/02/2012 02:35:56
749807,NEW.HAMP.GINGRICH,Newt Gingrich to win the 2012 New Hampshire Primary,1,1.1,Jan/02/2012 03:43:23
749807,NEW.HAMP.GINGRICH,Newt Gingrich to win the 2012 New Hampshire Primary,50,1.1,Jan/02/2012 03:43:23
749807,NEW.HAMP.GINGRICH,Newt Gingrich to win the 2012 New Hampshire Primary,20,1.2,Jan/02/2012 04:09:57
749807,NEW.HAMP.GINGRICH,Newt Gingrich to win the 2012 New Hampshire Primary,10,1.0,Jan/02/2012 04:26:53
749807,NEW.HAMP.GINGRICH,Newt Gingrich to win the 2012 New Hampshire Primary,7,1.0,Jan/02/2012 13:16:16
749807,NEW.HAMP.GINGRICH,Newt Gingrich to win the 2012 New Hampshire Primary,1,1.1,Jan/02/2012 13:27:41
749807,NEW.HAMP.GINGRICH,Newt Gingrich to win the 2012 New Hampshire Primary,2,1.1,Jan/02/2012 13:27:41
749807,NEW.HAMP.GINGRICH,Newt Gingrich to win the 2012 New Hampshire Primary,20,1.1,Jan/02/2012 13:27:41
749807,NEW.HAMP.GINGRICH,Newt Gingrich to win the 2012 New Hampshire Primary,10,1.1,Jan/02/2012 13:27:41
749807,NEW.HAMP.GINGRICH,Newt Gingrich to win the 2012 New Hampshire Primary,33,1.1,Jan/02/2012 16:06:58
749807,NEW.HAMP.GINGRICH,Newt Gingrich to win the 2012 New Hampshire Primary,20,1.1,Jan/02/2012 16:28:26
749807,NEW.HAMP.GINGRICH,Newt Gingrich to win the 2012 New Hampshire Primary,20,1.1,Jan/02/2012 16:34:26
749807,NEW.HAMP.GINGRICH,Newt Gingrich to win the 2012 New Hampshire Primary,50,1.1,Jan/02/2012 17:37:14
749807,NEW.HAMP.GINGRICH,Newt Gingrich to win the 2012 New Hampshire Primary,31,1.1,Jan/02/2012 17:38:51
749807,NEW.HAMP.GINGRICH,Newt Gingrich to win the 2012 New Hampshire Primary,4,1.1,Jan/02/2012 19:38:51
749807,NEW.HAMP.GINGRICH,Newt Gingrich to win the 2012 New Hampshire Primary,1,1.1,Jan/02/2012 23:26:45
749807,NEW.HAMP.GINGRICH,Newt Gingrich to win the 2012 New Hampshire Primary,20,1.2,Jan/03/2012 00:21:37
749807,NEW.HAMP.GINGRICH,Newt Gingrich to win the 2012 New Hampshire Primary,10,1.2,Jan/03/2012 00:21:37
749807,NEW.HAMP.GINGRICH,Newt Gingrich to win the 2012 New Hampshire Primary,1,1.2,Jan/03/2012 00:21:37
749807,NEW.HAMP.GINGRICH,Newt Gingrich to win the 2012 New Hampshire Primary,10,1.2,Jan/03/2012 00:21:37
749807,NEW.HAMP.GINGRICH,Newt Gingrich to win the 2012 New Hampshire Primary,5,1.2,Jan/03/2012 00:21:37
749807,NEW.HAMP.GINGRICH,Newt Gingrich to win the 2012 New Hampshire Primary,10,1.2,Jan/03/2012 00:21:37
749807,NEW.HAMP.GINGRICH,Newt Gingrich to win the 2012 New Hampshire Primary,10,1.2,Jan/03/2012 00:21:37
749807,NEW.HAMP.GINGRICH,Newt Gingrich to win the 2012 New Hampshire Primary,14,1.1,Jan/03/2012 02:35:22
749807,NEW.HAMP.GINGRICH,Newt Gingrich to win the 2012 New Hampshire Primary,8,1.1,Jan/03/2012 04:59:11
749807,NEW.HAMP.GINGRICH,Newt Gingrich to win the 2012 New Hampshire Primary,8,1.1,Jan/03/2012 06:00:18
749807,NEW.HAMP.GINGRICH,Newt Gingrich to win the 2012 New Hampshire Primary,2,1.1,Jan/03/2012 06:02:19
749807,NEW.HAMP.GINGRICH,Newt Gingrich to win the 2012 New Hampshire Primary,100,1.1,Jan/03/2012 06:15:43
749807,NEW.HAMP.GINGRICH,Newt Gingrich to win the 2012 New Hampshire Primary,200,1.1,Jan/03/2012 06:16:23
749807,NEW.HAMP.GINGRICH,Newt Gingrich to win the 2012 New Hampshire Primary,200,1.1,Jan/03/2012 06:16:41
749807,NEW.HAMP.GINGRICH,Newt Gingrich to win the 2012 New Hampshire Primary,315,1.1,Jan/03/2012 06:20:44
749807,NEW.HAMP.GINGRICH,Newt Gingrich to win the 2012 New Hampshire Primary,100,1.0,Jan/03/2012 06:21:32
749807,NEW.HAMP.GINGRICH,Newt Gingrich to win the 2012 New Hampshire Primary,39,1.0,Jan/03/2012 06:21:32
749807,NEW.HAMP.GINGRICH,Newt Gingrich to win the 2012 New Hampshire Primary,10,1.0,Jan/03/2012 06:21:32
749807,NEW.HAMP.GINGRICH,Newt Gingrich to win the 2012 New Hampshire Primary,4,0.9,Jan/03/2012 16:30:59
749807,NEW.HAMP.GINGRICH,Newt Gingrich to win the 2012 New Hampshire Primary,2,0.6,Jan/03/2012 21:48:28
749807,NEW.HAMP.GINGRICH,Newt Gingrich to win the 2012 New Hampshire Primary,2,0.8,Jan/03/2012 23:18:21
749807,NEW.HAMP.GINGRICH,Newt Gingrich to win the 2012 New Hampshire Primary,1,0.8,Jan/03/2012 23:18:21
749807,NEW.HAMP.GINGRICH,Newt Gingrich to win the 2012 New Hampshire Primary,20,0.8,Jan/03/2012 23:36:49
749807,NEW.HAMP.GINGRICH,Newt Gingrich to win the 2012 New Hampshire Primary,16,0.6,Jan/04/2012 00:44:11
749807,NEW.HAMP.GINGRICH,Newt Gingrich to win the 2012 New Hampshire Primary,4,0.6,Jan/04/2012 00:44:11
749807,NEW.HAMP.GINGRICH,Newt Gingrich to win the 2012 New Hampshire Primary,8,0.6,Jan/04/2012 02:27:55
749807,NEW.HAMP.GINGRICH,Newt Gingrich to win the 2012 New Hampshire Primary,12,0.6,Jan/04/2012 02:28:15
749807,NEW.HAMP.GINGRICH,Newt Gingrich to win the 2012 New Hampshire Primary,32,0.6,Jan/04/2012 06:08:37
749807,NEW.HAMP.GINGRICH,Newt Gingrich to win the 2012 New Hampshire Primary,10,1.0,Jan/04/2012 06:30:52
749807,NEW.HAMP.GINGRICH,Newt Gingrich to win the 2012 New Hampshire Primary,10,0.9,Jan/04/2012 06:30:52
749807,NEW.HAMP.GINGRICH,Newt Gingrich to win the 2012 New Hampshire Primary,5,1.1,Jan/04/2012 06:30:52
749807,NEW.HAMP.GINGRICH,Newt Gingrich to win the 2012 New Hampshire Primary,4,0.8,Jan/04/2012 06:30:52
749807,NEW.HAMP.GINGRICH,Newt Gingrich to win the 2012 New Hampshire Primary,21,1.1,Jan/04/2012 06:33:26
749807,NEW.HAMP.GINGRICH,Newt Gingrich to win the 2012 New Hampshire Primary,4,0.6,Jan/04/2012 06:33:26
749807,NEW.HAMP.GINGRICH,Newt Gingrich to win the 2012 New Hampshire Primary,10,0.6,Jan/04/2012 07:42:29
749807,NEW.HAMP.GINGRICH,Newt Gingrich to win the 2012 New Hampshire Primary,6,0.6,Jan/04/2012 07:51:21
749807,NEW.HAMP.GINGRICH,Newt Gingrich to win the 2012 New Hampshire Primary,6,0.6,Jan/04/2012 07:51:32
749807,NEW.HAMP.GINGRICH,Newt Gingrich to win the 2012 New Hampshire Primary,19,0.5,Jan/04/2012 07:51:32
749807,NEW.HAMP.GINGRICH,Newt Gingrich to win the 2012 New Hampshire Primary,10,0.5,Jan/04/2012 07:52:58
749807,NEW.HAMP.GINGRICH,Newt Gingrich to win the 2012 New Hampshire Primary,10,0.5,Jan/04/2012 07:53:49
749807,NEW.HAMP.GINGRICH,Newt Gingrich to win the 2012 New Hampshire Primary,10,0.5,Jan/04/2012 07:54:06
749807,NEW.HAMP.GINGRICH,Newt Gingrich to win the 2012 New Hampshire Primary,10,0.5,Jan/04/2012 07:54:23
749807,NEW.HAMP.GINGRICH,Newt Gingrich to win the 2012 New Hampshire Primary,1,0.5,Jan/04/2012 07:54:48
749807,NEW.HAMP.GINGRICH,Newt Gingrich to win the 2012 New Hampshire Primary,28,0.5,Jan/04/2012 07:55:06
749807,NEW.HAMP.GINGRICH,Newt Gingrich to win the 2012 New Hampshire Primary,1,0.5,Jan/04/2012 07:57:01
749807,NEW.HAMP.GINGRICH,Newt Gingrich to win the 2012 New Hampshire Primary,1,0.5,Jan/04/2012 07:57:17
749807,NEW.HAMP.GINGRICH,Newt Gingrich to win the 2012 New Hampshire Primary,2,0.5,Jan/04/2012 08:08:58
749807,NEW.HAMP.GINGRICH,Newt Gingrich to win the 2012 New Hampshire Primary,1,0.5,Jan/04/2012 08:09:21
749807,NEW.HAMP.GINGRICH,Newt Gingrich to win the 2012 New Hampshire Primary,9,0.6,Jan/04/2012 13:07:22
749807,NEW.HAMP.GINGRICH,Newt Gingrich to win the 2012 New Hampshire Primary,1,0.6,Jan/04/2012 13:08:43
749807,NEW.HAMP.GINGRICH,Newt Gingrich to win the 2012 New Hampshire Primary,6,0.6,Jan/04/2012 13:08:43
749807,NEW.HAMP.GINGRICH,Newt Gingrich to win the 2012 New Hampshire Primary,9,0.6,Jan/04/2012 13:11:04
749807,NEW.HAMP.GINGRICH,Newt Gingrich to win the 2012 New Hampshire Primary,1,0.6,Jan/04/2012 13:14:39
749807,NEW.HAMP.GINGRICH,Newt Gingrich to win the 2012 New Hampshire Primary,3,0.6,Jan/04/2012 13:33:10
749807,NEW.HAMP.GINGRICH,Newt Gingrich to win the 2012 New Hampshire Primary,7,0.6,Jan/04/2012 13:36:45
749807,NEW.HAMP.GINGRICH,Newt Gingrich to win the 2012 New Hampshire Primary,11,0.6,Jan/04/2012 14:48:30
749807,NEW.HAMP.GINGRICH,Newt Gingrich to win the 2012 New Hampshire Primary,75,0.5,Jan/04/2012 14:48:30
749807,NEW.HAMP.GINGRICH,Newt Gingrich to win the 2012 New Hampshire Primary,4,0.3,Jan/04/2012 16:41:12
749807,NEW.HAMP.GINGRICH,Newt Gingrich to win the 2012 New Hampshire Primary,4,0.4,Jan/04/2012 18:34:11
749807,NEW.HAMP.GINGRICH,Newt Gingrich to win the 2012 New Hampshire Primary,6,0.4,Jan/04/2012 18:34:29
749807,NEW.HAMP.GINGRICH,Newt Gingrich to win the 2012 New Hampshire Primary,50,0.5,Jan/04/2012 18:56:39
749807,NEW.HAMP.GINGRICH,Newt Gingrich to win the 2012 New Hampshire Primary,10,0.5,Jan/04/2012 18:56:39
749807,NEW.HAMP.GINGRICH,Newt Gingrich to win the 2012 New Hampshire Primary,10,0.5,Jan/04/2012 19:20:18
749807,NEW.HAMP.GINGRICH,Newt Gingrich to win the 2012 New Hampshire Primary,50,0.6,Jan/04/2012 19:32:09
749807,NEW.HAMP.GINGRICH,Newt Gingrich to win the 2012 New Hampshire Primary,10,0.7,Jan/04/2012 19:35:52
749807,NEW.HAMP.GINGRICH,Newt Gingrich to win the 2012 New Hampshire Primary,30,0.6,Jan/04/2012 19:37:36
749807,NEW.HAMP.GINGRICH,Newt Gingrich to win the 2012 New Hampshire Primary,40,0.5,Jan/04/2012 20:11:25
749807,NEW.HAMP.GINGRICH,Newt Gingrich to win the 2012 New Hampshire Primary,100,0.5,Jan/04/2012 21:01:59
749807,NEW.HAMP.GINGRICH,Newt Gingrich to win the 2012 New Hampshire Primary,10,0.5,Jan/04/2012 21:02:09
749807,NEW.HAMP.GINGRICH,Newt Gingrich to win the 2012 New Hampshire Primary,90,0.5,Jan/04/2012 21:02:09
749807,NEW.HAMP.GINGRICH,Newt Gingrich to win the 2012 New Hampshire Primary,100,0.5,Jan/04/2012 21:02:20
749807,NEW.HAMP.GINGRICH,Newt Gingrich to win the 2012 New Hampshire Primary,90,0.5,Jan/04/2012 21:02:33
749807,NEW.HAMP.GINGRICH,Newt Gingrich to win the 2012 New Hampshire Primary,10,0.5,Jan/04/2012 21:02:33
749807,NEW.HAMP.GINGRICH,Newt Gingrich to win the 2012 New Hampshire Primary,100,0.5,Jan/04/2012 21:02:56
749807,NEW.HAMP.GINGRICH,Newt Gingrich to win the 2012 New Hampshire Primary,50,0.5,Jan/04/2012 21:03:08
749807,NEW.HAMP.GINGRICH,Newt Gingrich to win the 2012 New Hampshire Primary,4,0.5,Jan/04/2012 21:05:23
749807,NEW.HAMP.GINGRICH,Newt Gingrich to win the 2012 New Hampshire Primary,20,0.6,Jan/04/2012 21:21:57
749807,NEW.HAMP.GINGRICH,Newt Gingrich to win the 2012 New Hampshire Primary,80,0.6,Jan/04/2012 21:21:57
749807,NEW.HAMP.GINGRICH,Newt Gingrich to win the 2012 New Hampshire Primary,10,0.6,Jan/04/2012 21:21:57
749807,NEW.HAMP.GINGRICH,Newt Gingrich to win the 2012 New Hampshire Primary,10,0.6,Jan/04/2012 21:21:57
749807,NEW.HAMP.GINGRICH,Newt Gingrich to win the 2012 New Hampshire Primary,40,0.7,Jan/04/2012 21:22:35
749807,NEW.HAMP.GINGRICH,Newt Gingrich to win the 2012 New Hampshire Primary,10,0.7,Jan/04/2012 21:22:35
749807,NEW.HAMP.GINGRICH,Newt Gingrich to win the 2012 New Hampshire Primary,50,0.7,Jan/04/2012 21:22:35
749807,NEW.HAMP.GINGRICH,Newt Gingrich to win the 2012 New Hampshire Primary,80,0.8,Jan/04/2012 21:23:21
749807,NEW.HAMP.GINGRICH,Newt Gingrich to win the 2012 New Hampshire Primary,50,0.8,Jan/04/2012 21:23:21
749807,NEW.HAMP.GINGRICH,Newt Gingrich to win the 2012 New Hampshire Primary,50,0.9,Jan/04/2012 21:23:58
749807,NEW.HAMP.GINGRICH,Newt Gingrich to win the 2012 New Hampshire Primary,11,0.9,Jan/04/2012 21:23:58
749807,NEW.HAMP.GINGRICH,Newt Gingrich to win the 2012 New Hampshire Primary,108,1.0,Jan/04/2012 21:24:30
749807,NEW.HAMP.GINGRICH,Newt Gingrich to win the 2012 New Hampshire Primary,50,1.0,Jan/04/2012 21:24:30
749807,NEW.HAMP.GINGRICH,Newt Gingrich to win the 2012 New Hampshire Primary,10,1.0,Jan/04/2012 23:14:18
749807,NEW.HAMP.GINGRICH,Newt Gingrich to win the 2012 New Hampshire Primary,20,1.0,Jan/04/2012 23:17:40
749807,NEW.HAMP.GINGRICH,Newt Gingrich to win the 2012 New Hampshire Primary,13,0.6,Jan/04/2012 23:33:13
749807,NEW.HAMP.GINGRICH,Newt Gingrich to win the 2012 New Hampshire Primary,20,0.5,Jan/04/2012 23:33:30
749807,NEW.HAMP.GINGRICH,Newt Gingrich to win the 2012 New Hampshire Primary,10,0.5,Jan/04/2012 23:33:40
749807,NEW.HAMP.GINGRICH,Newt Gingrich to win the 2012 New Hampshire Primary,10,0.5,Jan/04/2012 23:33:52
749807,NEW.HAMP.GINGRICH,Newt Gingrich to win the 2012 New Hampshire Primary,13,0.7,Jan/05/2012 05:31:11
749807,NEW.HAMP.GINGRICH,Newt Gingrich to win the 2012 New Hampshire Primary,1,0.6,Jan/05/2012 11:44:40
749807,NEW.HAMP.GINGRICH,Newt Gingrich to win the 2012 New Hampshire Primary,10,0.7,Jan/05/2012 14:56:12
749807,NEW.HAMP.GINGRICH,Newt Gingrich to win the 2012 New Hampshire Primary,20,0.8,Jan/05/2012 15:36:17
749807,NEW.HAMP.GINGRICH,Newt Gingrich to win the 2012 New Hampshire Primary,20,0.9,Jan/05/2012 15:36:34
749807,NEW.HAMP.GINGRICH,Newt Gingrich to win the 2012 New Hampshire Primary,50,0.9,Jan/05/2012 15:36:34
749807,NEW.HAMP.GINGRICH,Newt Gingrich to win the 2012 New Hampshire Primary,10,1.0,Jan/05/2012 15:37:02
749807,NEW.HAMP.GINGRICH,Newt Gingrich to win the 2012 New Hampshire Primary,2,0.6,Jan/05/2012 17:23:09
749807,NEW.HAMP.GINGRICH,Newt Gingrich to win the 2012 New Hampshire Primary,12,0.6,Jan/05/2012 17:34:49
749807,NEW.HAMP.GINGRICH,Newt Gingrich to win the 2012 New Hampshire Primary,28,0.6,Jan/05/2012 17:34:49
749807,NEW.HAMP.GINGRICH,Newt Gingrich to win the 2012 New Hampshire Primary,30,0.6,Jan/05/2012 18:08:56
749807,NEW.HAMP.GINGRICH,Newt Gingrich to win the 2012 New Hampshire Primary,133,0.6,Jan/05/2012 18:29:07
749807,NEW.HAMP.GINGRICH,Newt Gingrich to win the 2012 New Hampshire Primary,9,0.6,Jan/05/2012 18:53:46
749807,NEW.HAMP.GINGRICH,Newt Gingrich to win the 2012 New Hampshire Primary,14,0.7,Jan/05/2012 19:27:48
749807,NEW.HAMP.GINGRICH,Newt Gingrich to win the 2012 New Hampshire Primary,20,1.0,Jan/05/2012 19:27:48
749807,NEW.HAMP.GINGRICH,Newt Gingrich to win the 2012 New Hampshire Primary,10,0.9,Jan/05/2012 19:27:48
749807,NEW.HAMP.GINGRICH,Newt Gingrich to win the 2012 New Hampshire Primary,4,0.7,Jan/05/2012 19:27:48
749807,NEW.HAMP.GINGRICH,Newt Gingrich to win the 2012 New Hampshire Primary,11,0.6,Jan/05/2012 19:27:48
749807,NEW.HAMP.GINGRICH,Newt Gingrich to win the 2012 New Hampshire Primary,31,1.0,Jan/05/2012 19:27:48
749807,NEW.HAMP.GINGRICH,Newt Gingrich to win the 2012 New Hampshire Primary,10,0.8,Jan/05/2012 19:27:48
749807,NEW.HAMP.GINGRICH,Newt Gingrich to win the 2012 New Hampshire Primary,164,0.5,Jan/05/2012 19:28:35
749807,NEW.HAMP.GINGRICH,Newt Gingrich to win the 2012 New Hampshire Primary,40,0.5,Jan/05/2012 19:28:35
749807,NEW.HAMP.GINGRICH,Newt Gingrich to win the 2012 New Hampshire Primary,296,0.5,Jan/05/2012 19:28:35
749807,NEW.HAMP.GINGRICH,Newt Gingrich to win the 2012 New Hampshire Primary,36,0.6,Jan/05/2012 19:59:16
749807,NEW.HAMP.GINGRICH,Newt Gingrich to win the 2012 New Hampshire Primary,10,0.5,Jan/05/2012 22:49:18
749807,NEW.HAMP.GINGRICH,Newt Gingrich to win the 2012 New Hampshire Primary,10,0.5,Jan/05/2012 22:49:28
749807,NEW.HAMP.GINGRICH,Newt Gingrich to win the 2012 New Hampshire Primary,10,0.5,Jan/05/2012 22:49:38
749807,NEW.HAMP.GINGRICH,Newt Gingrich to win the 2012 New Hampshire Primary,4,0.4,Jan/06/2012 02:49:15
749807,NEW.HAMP.GINGRICH,Newt Gingrich to win the 2012 New Hampshire Primary,1,0.3,Jan/06/2012 03:09:09
749807,NEW.HAMP.GINGRICH,Newt Gingrich to win the 2012 New Hampshire Primary,2,0.4,Jan/06/2012 06:53:59
749807,NEW.HAMP.GINGRICH,Newt Gingrich to win the 2012 New Hampshire Primary,30,0.4,Jan/06/2012 06:53:59
749807,NEW.HAMP.GINGRICH,Newt Gingrich to win the 2012 New Hampshire Primary,36,0.4,Jan/06/2012 06:53:59
749807,NEW.HAMP.GINGRICH,Newt Gingrich to win the 2012 New Hampshire Primary,27,0.5,Jan/06/2012 06:54:32
749807,NEW.HAMP.GINGRICH,Newt Gingrich to win the 2012 New Hampshire Primary,22,0.3,Jan/06/2012 08:59:37
749807,NEW.HAMP.GINGRICH,Newt Gingrich to win the 2012 New Hampshire Primary,3,0.3,Jan/06/2012 08:59:37
749807,NEW.HAMP.GINGRICH,Newt Gingrich to win the 2012 New Hampshire Primary,30,0.3,Jan/06/2012 16:33:52
749807,NEW.HAMP.GINGRICH,Newt Gingrich to win the 2012 New Hampshire Primary,13,0.3,Jan/06/2012 18:37:43
749807,NEW.HAMP.GINGRICH,Newt Gingrich to win the 2012 New Hampshire Primary,10,0.4,Jan/06/2012 20:25:48
749807,NEW.HAMP.GINGRICH,Newt Gingrich to win the 2012 New Hampshire Primary,12,0.4,Jan/06/2012 21:14:52
749807,NEW.HAMP.GINGRICH,Newt Gingrich to win the 2012 New Hampshire Primary,27,0.4,Jan/06/2012 21:14:52
749807,NEW.HAMP.GINGRICH,Newt Gingrich to win the 2012 New Hampshire Primary,61,0.4,Jan/06/2012 21:14:52
749807,NEW.HAMP.GINGRICH,Newt Gingrich to win the 2012 New Hampshire Primary,30,0.4,Jan/06/2012 22:46:04
749807,NEW.HAMP.GINGRICH,Newt Gingrich to win the 2012 New Hampshire Primary,39,0.4,Jan/06/2012 22:46:04
749807,NEW.HAMP.GINGRICH,Newt Gingrich to win the 2012 New Hampshire Primary,20,0.4,Jan/06/2012 23:31:34
749807,NEW.HAMP.GINGRICH,Newt Gingrich to win the 2012 New Hampshire Primary,20,0.4,Jan/06/2012 23:31:50
749807,NEW.HAMP.GINGRICH,Newt Gingrich to win the 2012 New Hampshire Primary,14,0.4,Jan/06/2012 23:32:00
749807,NEW.HAMP.GINGRICH,Newt Gingrich to win the 2012 New Hampshire Primary,2,0.5,Jan/06/2012 23:41:48
749807,NEW.HAMP.GINGRICH,Newt Gingrich to win the 2012 New Hampshire Primary,77,0.4,Jan/07/2012 01:13:22
749807,NEW.HAMP.GINGRICH,Newt Gingrich to win the 2012 New Hampshire Primary,1,0.3,Jan/07/2012 02:39:34
749807,NEW.HAMP.GINGRICH,Newt Gingrich to win the 2012 New Hampshire Primary,5,0.3,Jan/07/2012 02:44:29
749807,NEW.HAMP.GINGRICH,Newt Gingrich to win the 2012 New Hampshire Primary,5,0.3,Jan/07/2012 02:44:38
749807,NEW.HAMP.GINGRICH,Newt Gingrich to win the 2012 New Hampshire Primary,10,0.3,Jan/07/2012 02:44:47
749807,NEW.HAMP.GINGRICH,Newt Gingrich to win the 2012 New Hampshire Primary,1,0.3,Jan/07/2012 02:45:08
749807,NEW.HAMP.GINGRICH,Newt Gingrich to win the 2012 New Hampshire Primary,23,0.3,Jan/07/2012 12:41:40
749807,NEW.HAMP.GINGRICH,Newt Gingrich to win the 2012 New Hampshire Primary,100,0.3,Jan/07/2012 17:14:32
749807,NEW.HAMP.GINGRICH,Newt Gingrich to win the 2012 New Hampshire Primary,90,0.3,Jan/07/2012 17:22:59
749807,NEW.HAMP.GINGRICH,Newt Gingrich to win the 2012 New Hampshire Primary,64,0.3,Jan/07/2012 17:49:48
