market id,market symbol,market name,trade quantity,trade price,date/time [utc]
483466,DEM.IOWA.RICHARDSON,Bill Richardson to Win,1,5.0,Aug/26/2007 10:46:34
483466,DEM.IOWA.RICHARDSON,Bill Richardson to Win,1,1.0,Aug/27/2007 14:31:06
483466,DEM.IOWA.RICHARDSON,Bill Richardson to Win,3,1.5,Aug/28/2007 05:05:31
483466,DEM.IOWA.RICHARDSON,Bill Richardson to Win,2,1.5,Aug/31/2007 12:50:06
483466,DEM.IOWA.RICHARDSON,Bill Richardson to Win,2,1.5,Sep/18/2007 05:35:15
483466,DEM.IOWA.RICHARDSON,Bill Richardson to Win,1,1.5,Sep/18/2007 12:53:35
483466,DEM.IOWA.RICHARDSON,Bill Richardson to Win,4,1.0,Sep/18/2007 12:53:35
483466,DEM.IOWA.RICHARDSON,Bill Richardson to Win,2,0.1,Sep/26/2007 20:32:50
483466,DEM.IOWA.RICHARDSON,Bill Richardson to Win,5,0.1,Sep/26/2007 20:32:50
483466,DEM.IOWA.RICHARDSON,Bill Richardson to Win,10,0.1,Sep/26/2007 20:32:50
483466,DEM.IOWA.RICHARDSON,Bill Richardson to Win,20,0.9,Oct/01/2007 22:30:00
483466,DEM.IOWA.RICHARDSON,Bill Richardson to Win,7,0.6,Oct/27/2007 16:27:44
483466,DEM.IOWA.RICHARDSON,Bill Richardson to Win,8,2.0,Oct/27/2007 16:27:44
483466,DEM.IOWA.RICHARDSON,Bill Richardson to Win,15,1.0,Oct/27/2007 16:27:44
483466,DEM.IOWA.RICHARDSON,Bill Richardson to Win,7,0.5,Nov/05/2007 14:06:02
483466,DEM.IOWA.RICHARDSON,Bill Richardson to Win,3,0.6,Nov/07/2007 16:40:25
483466,DEM.IOWA.RICHARDSON,Bill Richardson to Win,3,0.5,Nov/11/2007 22:10:34
483466,DEM.IOWA.RICHARDSON,Bill Richardson to Win,4,0.2,Nov/13/2007 14:15:17
483466,DEM.IOWA.RICHARDSON,Bill Richardson to Win,1,0.2,Nov/13/2007 14:15:27
483466,DEM.IOWA.RICHARDSON,Bill Richardson to Win,1,0.2,Nov/13/2007 14:15:42
483466,DEM.IOWA.RICHARDSON,Bill Richardson to Win,2,0.2,Nov/13/2007 14:16:31
483466,DEM.IOWA.RICHARDSON,Bill Richardson to Win,3,0.2,Nov/13/2007 16:44:07
483466,DEM.IOWA.RICHARDSON,Bill Richardson to Win,10,0.1,Nov/13/2007 16:44:15
483466,DEM.IOWA.RICHARDSON,Bill Richardson to Win,7,0.2,Nov/13/2007 16:44:15
483466,DEM.IOWA.RICHARDSON,Bill Richardson to Win,10,0.2,Nov/13/2007 20:44:32
483466,DEM.IOWA.RICHARDSON,Bill Richardson to Win,10,0.2,Nov/13/2007 20:44:32
483466,DEM.IOWA.RICHARDSON,Bill Richardson to Win,10,0.2,Nov/13/2007 21:31:30
483466,DEM.IOWA.RICHARDSON,Bill Richardson to Win,10,0.2,Nov/13/2007 21:31:30
483466,DEM.IOWA.RICHARDSON,Bill Richardson to Win,8,0.2,Nov/14/2007 08:05:40
483466,DEM.IOWA.RICHARDSON,Bill Richardson to Win,1,0.2,Nov/14/2007 16:55:48
483466,DEM.IOWA.RICHARDSON,Bill Richardson to Win,5,0.4,Nov/20/2007 06:04:41
483466,DEM.IOWA.RICHARDSON,Bill Richardson to Win,6,0.4,Nov/20/2007 19:59:51
483466,DEM.IOWA.RICHARDSON,Bill Richardson to Win,1,0.4,Nov/26/2007 20:33:47
483466,DEM.IOWA.RICHARDSON,Bill Richardson to Win,1,1.0,Nov/27/2007 18:58:23
483466,DEM.IOWA.RICHARDSON,Bill Richardson to Win,2,0.4,Nov/28/2007 18:11:10
483466,DEM.IOWA.RICHARDSON,Bill Richardson to Win,11,0.3,Nov/28/2007 20:41:06
483466,DEM.IOWA.RICHARDSON,Bill Richardson to Win,6,0.4,Nov/28/2007 20:41:06
483466,DEM.IOWA.RICHARDSON,Bill Richardson to Win,3,0.3,Dec/01/2007 16:06:30
483466,DEM.IOWA.RICHARDSON,Bill Richardson to Win,1,0.3,Dec/01/2007 16:08:26
483466,DEM.IOWA.RICHARDSON,Bill Richardson to Win,1,0.2,Dec/05/2007 06:09:05
483466,DEM.IOWA.RICHARDSON,Bill Richardson to Win,1,0.2,Dec/05/2007 06:09:29
483466,DEM.IOWA.RICHARDSON,Bill Richardson to Win,1,0.2,Dec/05/2007 06:09:41
483466,DEM.IOWA.RICHARDSON,Bill Richardson to Win,1,0.2,Dec/05/2007 06:10:07
483466,DEM.IOWA.RICHARDSON,Bill Richardson to Win,1,0.2,Dec/05/2007 06:10:20
483466,DEM.IOWA.RICHARDSON,Bill Richardson to Win,1,0.2,Dec/05/2007 06:10:48
483466,DEM.IOWA.RICHARDSON,Bill Richardson to Win,1,0.2,Dec/05/2007 06:11:04
483466,DEM.IOWA.RICHARDSON,Bill Richardson to Win,1,0.2,Dec/05/2007 06:11:30
483466,DEM.IOWA.RICHARDSON,Bill Richardson to Win,1,0.2,Dec/05/2007 06:11:46
483466,DEM.IOWA.RICHARDSON,Bill Richardson to Win,1,0.2,Dec/05/2007 06:12:13
483466,DEM.IOWA.RICHARDSON,Bill Richardson to Win,1,0.2,Dec/05/2007 19:07:28
483466,DEM.IOWA.RICHARDSON,Bill Richardson to Win,1,0.2,Dec/05/2007 19:07:56
483466,DEM.IOWA.RICHARDSON,Bill Richardson to Win,1,0.2,Dec/05/2007 19:08:11
483466,DEM.IOWA.RICHARDSON,Bill Richardson to Win,1,0.2,Dec/05/2007 19:08:35
483466,DEM.IOWA.RICHARDSON,Bill Richardson to Win,1,0.2,Dec/05/2007 19:08:48
483466,DEM.IOWA.RICHARDSON,Bill Richardson to Win,1,0.2,Dec/05/2007 19:09:10
483466,DEM.IOWA.RICHARDSON,Bill Richardson to Win,1,0.2,Dec/05/2007 19:09:22
483466,DEM.IOWA.RICHARDSON,Bill Richardson to Win,1,0.2,Dec/05/2007 19:09:47
483466,DEM.IOWA.RICHARDSON,Bill Richardson to Win,1,0.2,Dec/05/2007 19:10:00
483466,DEM.IOWA.RICHARDSON,Bill Richardson to Win,1,0.2,Dec/05/2007 19:10:23
483466,DEM.IOWA.RICHARDSON,Bill Richardson to Win,1,0.2,Dec/05/2007 19:10:35
483466,DEM.IOWA.RICHARDSON,Bill Richardson to Win,1,0.2,Dec/05/2007 19:10:58
483466,DEM.IOWA.RICHARDSON,Bill Richardson to Win,1,0.2,Dec/05/2007 19:11:11
483466,DEM.IOWA.RICHARDSON,Bill Richardson to Win,1,0.2,Dec/05/2007 19:11:34
483466,DEM.IOWA.RICHARDSON,Bill Richardson to Win,1,0.2,Dec/05/2007 19:11:52
483466,DEM.IOWA.RICHARDSON,Bill Richardson to Win,1,0.2,Dec/05/2007 19:12:15
483466,DEM.IOWA.RICHARDSON,Bill Richardson to Win,1,0.2,Dec/05/2007 19:12:28
483466,DEM.IOWA.RICHARDSON,Bill Richardson to Win,1,0.2,Dec/05/2007 19:12:50
483466,DEM.IOWA.RICHARDSON,Bill Richardson to Win,1,0.2,Dec/05/2007 19:13:09
483466,DEM.IOWA.RICHARDSON,Bill Richardson to Win,1,0.2,Dec/05/2007 19:13:32
483466,DEM.IOWA.RICHARDSON,Bill Richardson to Win,1,0.2,Dec/05/2007 19:13:49
483466,DEM.IOWA.RICHARDSON,Bill Richardson to Win,1,0.2,Dec/05/2007 19:14:14
483466,DEM.IOWA.RICHARDSON,Bill Richardson to Win,1,0.2,Dec/05/2007 19:14:26
483466,DEM.IOWA.RICHARDSON,Bill Richardson to Win,1,0.2,Dec/05/2007 19:14:49
483466,DEM.IOWA.RICHARDSON,Bill Richardson to Win,1,0.2,Dec/05/2007 19:15:01
483466,DEM.IOWA.RICHARDSON,Bill Richardson to Win,1,0.2,Dec/05/2007 19:15:25
483466,DEM.IOWA.RICHARDSON,Bill Richardson to Win,1,0.2,Dec/05/2007 19:15:39
483466,DEM.IOWA.RICHARDSON,Bill Richardson to Win,1,0.2,Dec/05/2007 19:16:01
483466,DEM.IOWA.RICHARDSON,Bill Richardson to Win,1,0.1,Dec/05/2007 21:05:36
483466,DEM.IOWA.RICHARDSON,Bill Richardson to Win,1,0.1,Dec/05/2007 21:05:40
483466,DEM.IOWA.RICHARDSON,Bill Richardson to Win,1,0.1,Dec/05/2007 21:05:43
483466,DEM.IOWA.RICHARDSON,Bill Richardson to Win,1,0.1,Dec/05/2007 21:05:48
483466,DEM.IOWA.RICHARDSON,Bill Richardson to Win,1,0.1,Dec/05/2007 21:05:51
483466,DEM.IOWA.RICHARDSON,Bill Richardson to Win,1,0.1,Dec/05/2007 21:05:55
483466,DEM.IOWA.RICHARDSON,Bill Richardson to Win,1,0.1,Dec/05/2007 21:05:58
483466,DEM.IOWA.RICHARDSON,Bill Richardson to Win,1,0.1,Dec/05/2007 21:06:04
483466,DEM.IOWA.RICHARDSON,Bill Richardson to Win,1,0.1,Dec/06/2007 09:10:45
483466,DEM.IOWA.RICHARDSON,Bill Richardson to Win,1,0.1,Dec/06/2007 09:10:56
483466,DEM.IOWA.RICHARDSON,Bill Richardson to Win,1,0.1,Dec/06/2007 09:11:21
483466,DEM.IOWA.RICHARDSON,Bill Richardson to Win,1,0.1,Dec/06/2007 09:11:31
483466,DEM.IOWA.RICHARDSON,Bill Richardson to Win,1,0.1,Dec/06/2007 09:11:58
483466,DEM.IOWA.RICHARDSON,Bill Richardson to Win,1,0.1,Dec/06/2007 09:12:09
483466,DEM.IOWA.RICHARDSON,Bill Richardson to Win,1,0.1,Dec/06/2007 09:12:33
483466,DEM.IOWA.RICHARDSON,Bill Richardson to Win,1,0.1,Dec/06/2007 09:12:44
483466,DEM.IOWA.RICHARDSON,Bill Richardson to Win,1,0.1,Dec/06/2007 09:13:19
483466,DEM.IOWA.RICHARDSON,Bill Richardson to Win,1,0.1,Dec/06/2007 09:13:30
483466,DEM.IOWA.RICHARDSON,Bill Richardson to Win,1,0.1,Dec/06/2007 09:13:57
483466,DEM.IOWA.RICHARDSON,Bill Richardson to Win,1,0.1,Dec/06/2007 09:14:08
483466,DEM.IOWA.RICHARDSON,Bill Richardson to Win,1,0.1,Dec/06/2007 09:14:33
483466,DEM.IOWA.RICHARDSON,Bill Richardson to Win,1,0.1,Dec/06/2007 09:14:45
483466,DEM.IOWA.RICHARDSON,Bill Richardson to Win,1,0.1,Dec/06/2007 09:15:12
483466,DEM.IOWA.RICHARDSON,Bill Richardson to Win,1,0.1,Dec/06/2007 09:15:24
483466,DEM.IOWA.RICHARDSON,Bill Richardson to Win,1,0.1,Dec/06/2007 09:15:49
483466,DEM.IOWA.RICHARDSON,Bill Richardson to Win,1,0.1,Dec/06/2007 09:16:00
483466,DEM.IOWA.RICHARDSON,Bill Richardson to Win,1,0.1,Dec/06/2007 09:16:26
483466,DEM.IOWA.RICHARDSON,Bill Richardson to Win,1,0.1,Dec/06/2007 09:16:39
483466,DEM.IOWA.RICHARDSON,Bill Richardson to Win,1,0.1,Dec/06/2007 17:18:38
483466,DEM.IOWA.RICHARDSON,Bill Richardson to Win,1,0.1,Dec/06/2007 17:19:25
483466,DEM.IOWA.RICHARDSON,Bill Richardson to Win,1,0.1,Dec/06/2007 17:20:13
483466,DEM.IOWA.RICHARDSON,Bill Richardson to Win,1,0.1,Dec/06/2007 17:20:58
483466,DEM.IOWA.RICHARDSON,Bill Richardson to Win,1,0.1,Dec/06/2007 17:21:43
483466,DEM.IOWA.RICHARDSON,Bill Richardson to Win,1,0.1,Dec/06/2007 17:22:30
483466,DEM.IOWA.RICHARDSON,Bill Richardson to Win,1,0.1,Dec/06/2007 17:23:15
483466,DEM.IOWA.RICHARDSON,Bill Richardson to Win,1,0.1,Dec/09/2007 12:01:47
483466,DEM.IOWA.RICHARDSON,Bill Richardson to Win,2,0.1,Dec/09/2007 12:01:52
483466,DEM.IOWA.RICHARDSON,Bill Richardson to Win,1,0.2,Dec/09/2007 17:57:24
483466,DEM.IOWA.RICHARDSON,Bill Richardson to Win,2,0.2,Dec/09/2007 17:57:29
483466,DEM.IOWA.RICHARDSON,Bill Richardson to Win,1,0.2,Dec/09/2007 17:57:39
483466,DEM.IOWA.RICHARDSON,Bill Richardson to Win,1,0.2,Dec/11/2007 23:21:13
483466,DEM.IOWA.RICHARDSON,Bill Richardson to Win,1,0.2,Dec/11/2007 23:22:13
483466,DEM.IOWA.RICHARDSON,Bill Richardson to Win,1,0.2,Dec/11/2007 23:23:13
483466,DEM.IOWA.RICHARDSON,Bill Richardson to Win,1,0.2,Dec/11/2007 23:24:35
483466,DEM.IOWA.RICHARDSON,Bill Richardson to Win,2,0.2,Dec/11/2007 23:24:42
483466,DEM.IOWA.RICHARDSON,Bill Richardson to Win,1,0.1,Dec/13/2007 20:49:36
483466,DEM.IOWA.RICHARDSON,Bill Richardson to Win,2,0.1,Dec/13/2007 20:49:42
483466,DEM.IOWA.RICHARDSON,Bill Richardson to Win,1,0.1,Dec/14/2007 05:30:13
483466,DEM.IOWA.RICHARDSON,Bill Richardson to Win,1,0.1,Dec/14/2007 11:53:31
483466,DEM.IOWA.RICHARDSON,Bill Richardson to Win,1,0.1,Dec/14/2007 11:53:36
483466,DEM.IOWA.RICHARDSON,Bill Richardson to Win,3,0.1,Dec/15/2007 22:25:26
483466,DEM.IOWA.RICHARDSON,Bill Richardson to Win,1,0.1,Dec/16/2007 15:19:07
483466,DEM.IOWA.RICHARDSON,Bill Richardson to Win,1,0.1,Dec/17/2007 15:42:15
483466,DEM.IOWA.RICHARDSON,Bill Richardson to Win,1,0.1,Dec/17/2007 15:43:21
483466,DEM.IOWA.RICHARDSON,Bill Richardson to Win,1,0.1,Dec/17/2007 15:44:20
483466,DEM.IOWA.RICHARDSON,Bill Richardson to Win,1,0.1,Dec/17/2007 15:45:22
483466,DEM.IOWA.RICHARDSON,Bill Richardson to Win,1,0.1,Dec/17/2007 15:46:19
483466,DEM.IOWA.RICHARDSON,Bill Richardson to Win,1,0.1,Dec/17/2007 15:47:15
483466,DEM.IOWA.RICHARDSON,Bill Richardson to Win,1,0.1,Dec/17/2007 15:48:18
483466,DEM.IOWA.RICHARDSON,Bill Richardson to Win,1,0.1,Dec/17/2007 15:49:19
483466,DEM.IOWA.RICHARDSON,Bill Richardson to Win,1,0.1,Dec/17/2007 15:50:19
483466,DEM.IOWA.RICHARDSON,Bill Richardson to Win,1,0.1,Dec/17/2007 15:51:15
483466,DEM.IOWA.RICHARDSON,Bill Richardson to Win,1,0.1,Dec/18/2007 08:21:28
483466,DEM.IOWA.RICHARDSON,Bill Richardson to Win,1,0.1,Dec/18/2007 08:24:19
483466,DEM.IOWA.RICHARDSON,Bill Richardson to Win,1,0.1,Dec/18/2007 08:25:21
483466,DEM.IOWA.RICHARDSON,Bill Richardson to Win,1,0.1,Dec/18/2007 08:26:21
483466,DEM.IOWA.RICHARDSON,Bill Richardson to Win,1,0.1,Dec/18/2007 08:27:15
483466,DEM.IOWA.RICHARDSON,Bill Richardson to Win,1,0.1,Dec/18/2007 08:28:28
483466,DEM.IOWA.RICHARDSON,Bill Richardson to Win,1,0.1,Dec/18/2007 08:29:15
483466,DEM.IOWA.RICHARDSON,Bill Richardson to Win,1,0.1,Dec/18/2007 08:30:21
483466,DEM.IOWA.RICHARDSON,Bill Richardson to Win,1,0.1,Dec/18/2007 08:31:22
483466,DEM.IOWA.RICHARDSON,Bill Richardson to Win,1,0.1,Dec/18/2007 08:32:21
483466,DEM.IOWA.RICHARDSON,Bill Richardson to Win,1,0.1,Dec/18/2007 08:33:22
483466,DEM.IOWA.RICHARDSON,Bill Richardson to Win,1,0.1,Dec/18/2007 20:29:28
483466,DEM.IOWA.RICHARDSON,Bill Richardson to Win,1,0.1,Dec/18/2007 20:30:24
483466,DEM.IOWA.RICHARDSON,Bill Richardson to Win,1,0.1,Dec/18/2007 20:31:26
483466,DEM.IOWA.RICHARDSON,Bill Richardson to Win,1,0.1,Dec/18/2007 20:32:19
483466,DEM.IOWA.RICHARDSON,Bill Richardson to Win,1,0.1,Dec/18/2007 20:33:16
483466,DEM.IOWA.RICHARDSON,Bill Richardson to Win,1,0.1,Dec/18/2007 21:19:26
483466,DEM.IOWA.RICHARDSON,Bill Richardson to Win,1,0.1,Dec/19/2007 19:20:20
483466,DEM.IOWA.RICHARDSON,Bill Richardson to Win,1,0.1,Dec/19/2007 19:21:15
483466,DEM.IOWA.RICHARDSON,Bill Richardson to Win,1,0.1,Dec/20/2007 23:15:23
483466,DEM.IOWA.RICHARDSON,Bill Richardson to Win,1,0.1,Dec/20/2007 23:16:22
483466,DEM.IOWA.RICHARDSON,Bill Richardson to Win,1,0.1,Dec/21/2007 00:17:21
483466,DEM.IOWA.RICHARDSON,Bill Richardson to Win,1,0.1,Dec/21/2007 00:18:22
483466,DEM.IOWA.RICHARDSON,Bill Richardson to Win,1,0.1,Dec/21/2007 00:19:23
483466,DEM.IOWA.RICHARDSON,Bill Richardson to Win,1,0.1,Dec/21/2007 00:20:29
483466,DEM.IOWA.RICHARDSON,Bill Richardson to Win,1,0.1,Dec/21/2007 00:21:24
483466,DEM.IOWA.RICHARDSON,Bill Richardson to Win,1,0.1,Dec/21/2007 00:22:20
483466,DEM.IOWA.RICHARDSON,Bill Richardson to Win,1,0.1,Dec/21/2007 00:23:16
483466,DEM.IOWA.RICHARDSON,Bill Richardson to Win,1,0.1,Dec/21/2007 00:24:23
483466,DEM.IOWA.RICHARDSON,Bill Richardson to Win,1,0.1,Dec/21/2007 00:25:24
483466,DEM.IOWA.RICHARDSON,Bill Richardson to Win,1,0.1,Dec/21/2007 00:26:23
483466,DEM.IOWA.RICHARDSON,Bill Richardson to Win,1,0.1,Dec/21/2007 00:27:24
483466,DEM.IOWA.RICHARDSON,Bill Richardson to Win,1,0.1,Dec/21/2007 00:28:22
483466,DEM.IOWA.RICHARDSON,Bill Richardson to Win,1,0.1,Dec/21/2007 00:29:19
483466,DEM.IOWA.RICHARDSON,Bill Richardson to Win,1,0.1,Dec/23/2007 01:10:18
483466,DEM.IOWA.RICHARDSON,Bill Richardson to Win,1,0.1,Dec/24/2007 16:50:25
483466,DEM.IOWA.RICHARDSON,Bill Richardson to Win,1,0.1,Dec/24/2007 17:51:31
483466,DEM.IOWA.RICHARDSON,Bill Richardson to Win,1,0.1,Dec/24/2007 17:52:16
483466,DEM.IOWA.RICHARDSON,Bill Richardson to Win,1,0.1,Dec/24/2007 17:53:20
483466,DEM.IOWA.RICHARDSON,Bill Richardson to Win,1,0.1,Dec/24/2007 17:54:33
483466,DEM.IOWA.RICHARDSON,Bill Richardson to Win,1,0.1,Dec/24/2007 17:55:15
483466,DEM.IOWA.RICHARDSON,Bill Richardson to Win,1,0.1,Dec/24/2007 17:56:21
483466,DEM.IOWA.RICHARDSON,Bill Richardson to Win,1,0.1,Dec/24/2007 17:57:21
483466,DEM.IOWA.RICHARDSON,Bill Richardson to Win,1,0.1,Dec/24/2007 17:58:29
483466,DEM.IOWA.RICHARDSON,Bill Richardson to Win,1,0.1,Dec/24/2007 17:59:12
483466,DEM.IOWA.RICHARDSON,Bill Richardson to Win,1,0.1,Dec/24/2007 18:00:13
483466,DEM.IOWA.RICHARDSON,Bill Richardson to Win,1,0.1,Dec/24/2007 18:01:30
483466,DEM.IOWA.RICHARDSON,Bill Richardson to Win,1,0.1,Dec/24/2007 18:02:29
483466,DEM.IOWA.RICHARDSON,Bill Richardson to Win,1,0.1,Dec/24/2007 18:03:18
483466,DEM.IOWA.RICHARDSON,Bill Richardson to Win,1,0.1,Dec/24/2007 18:04:26
483466,DEM.IOWA.RICHARDSON,Bill Richardson to Win,1,0.1,Dec/24/2007 18:06:32
483466,DEM.IOWA.RICHARDSON,Bill Richardson to Win,1,0.1,Dec/24/2007 18:08:21
483466,DEM.IOWA.RICHARDSON,Bill Richardson to Win,1,0.1,Dec/24/2007 18:09:29
483466,DEM.IOWA.RICHARDSON,Bill Richardson to Win,1,0.1,Dec/24/2007 18:10:18
483466,DEM.IOWA.RICHARDSON,Bill Richardson to Win,1,0.1,Dec/24/2007 18:11:21
483466,DEM.IOWA.RICHARDSON,Bill Richardson to Win,1,0.1,Dec/24/2007 18:12:23
483466,DEM.IOWA.RICHARDSON,Bill Richardson to Win,1,0.1,Dec/24/2007 18:13:29
483466,DEM.IOWA.RICHARDSON,Bill Richardson to Win,1,0.1,Dec/24/2007 18:14:12
483466,DEM.IOWA.RICHARDSON,Bill Richardson to Win,1,0.1,Dec/24/2007 18:15:33
483466,DEM.IOWA.RICHARDSON,Bill Richardson to Win,1,0.1,Dec/24/2007 18:31:30
483466,DEM.IOWA.RICHARDSON,Bill Richardson to Win,1,0.1,Dec/24/2007 18:32:22
483466,DEM.IOWA.RICHARDSON,Bill Richardson to Win,1,0.1,Dec/24/2007 18:33:16
483466,DEM.IOWA.RICHARDSON,Bill Richardson to Win,1,0.1,Dec/25/2007 02:15:27
483466,DEM.IOWA.RICHARDSON,Bill Richardson to Win,1,0.1,Dec/25/2007 02:16:20
483466,DEM.IOWA.RICHARDSON,Bill Richardson to Win,1,0.1,Dec/25/2007 02:17:39
483466,DEM.IOWA.RICHARDSON,Bill Richardson to Win,1,0.1,Dec/25/2007 03:41:36
483466,DEM.IOWA.RICHARDSON,Bill Richardson to Win,1,0.1,Dec/25/2007 03:42:22
483466,DEM.IOWA.RICHARDSON,Bill Richardson to Win,1,0.1,Dec/25/2007 03:43:21
483466,DEM.IOWA.RICHARDSON,Bill Richardson to Win,1,0.1,Dec/25/2007 03:44:41
483466,DEM.IOWA.RICHARDSON,Bill Richardson to Win,1,0.1,Dec/25/2007 03:45:26
483466,DEM.IOWA.RICHARDSON,Bill Richardson to Win,1,0.1,Dec/25/2007 03:46:30
483466,DEM.IOWA.RICHARDSON,Bill Richardson to Win,1,0.1,Dec/25/2007 03:47:14
483466,DEM.IOWA.RICHARDSON,Bill Richardson to Win,1,0.1,Dec/25/2007 03:48:24
483466,DEM.IOWA.RICHARDSON,Bill Richardson to Win,1,0.1,Dec/25/2007 21:50:25
483466,DEM.IOWA.RICHARDSON,Bill Richardson to Win,1,0.1,Dec/25/2007 21:52:15
483466,DEM.IOWA.RICHARDSON,Bill Richardson to Win,1,0.1,Dec/25/2007 21:53:23
483466,DEM.IOWA.RICHARDSON,Bill Richardson to Win,1,0.1,Dec/25/2007 21:54:31
483466,DEM.IOWA.RICHARDSON,Bill Richardson to Win,1,0.1,Dec/25/2007 21:55:23
483466,DEM.IOWA.RICHARDSON,Bill Richardson to Win,1,0.1,Dec/25/2007 21:56:28
483466,DEM.IOWA.RICHARDSON,Bill Richardson to Win,1,0.1,Dec/25/2007 22:27:34
483466,DEM.IOWA.RICHARDSON,Bill Richardson to Win,1,0.1,Dec/25/2007 22:28:22
483466,DEM.IOWA.RICHARDSON,Bill Richardson to Win,1,0.1,Dec/25/2007 22:29:31
483466,DEM.IOWA.RICHARDSON,Bill Richardson to Win,10,0.4,Dec/25/2007 23:30:12
483466,DEM.IOWA.RICHARDSON,Bill Richardson to Win,1,0.5,Dec/25/2007 23:31:48
483466,DEM.IOWA.RICHARDSON,Bill Richardson to Win,50,0.5,Dec/25/2007 23:31:48
483466,DEM.IOWA.RICHARDSON,Bill Richardson to Win,1,0.2,Dec/26/2007 00:27:25
483466,DEM.IOWA.RICHARDSON,Bill Richardson to Win,1,0.1,Dec/26/2007 00:28:23
483466,DEM.IOWA.RICHARDSON,Bill Richardson to Win,1,0.1,Dec/26/2007 00:29:20
483466,DEM.IOWA.RICHARDSON,Bill Richardson to Win,1,0.1,Dec/26/2007 00:54:22
483466,DEM.IOWA.RICHARDSON,Bill Richardson to Win,1,0.1,Dec/26/2007 00:55:26
483466,DEM.IOWA.RICHARDSON,Bill Richardson to Win,1,0.1,Dec/26/2007 00:56:22
483466,DEM.IOWA.RICHARDSON,Bill Richardson to Win,1,0.1,Dec/26/2007 02:04:23
483466,DEM.IOWA.RICHARDSON,Bill Richardson to Win,1,0.1,Dec/26/2007 02:05:15
483466,DEM.IOWA.RICHARDSON,Bill Richardson to Win,1,0.1,Dec/26/2007 02:06:31
483466,DEM.IOWA.RICHARDSON,Bill Richardson to Win,1,0.1,Dec/26/2007 02:26:24
483466,DEM.IOWA.RICHARDSON,Bill Richardson to Win,1,0.1,Dec/26/2007 02:29:20
483466,DEM.IOWA.RICHARDSON,Bill Richardson to Win,1,0.1,Dec/26/2007 02:31:23
483466,DEM.IOWA.RICHARDSON,Bill Richardson to Win,1,0.1,Dec/26/2007 02:32:29
483466,DEM.IOWA.RICHARDSON,Bill Richardson to Win,1,0.1,Dec/26/2007 02:37:23
483466,DEM.IOWA.RICHARDSON,Bill Richardson to Win,1,0.1,Dec/26/2007 02:38:24
483466,DEM.IOWA.RICHARDSON,Bill Richardson to Win,1,0.1,Dec/26/2007 02:39:19
483466,DEM.IOWA.RICHARDSON,Bill Richardson to Win,1,0.1,Dec/26/2007 02:41:23
483466,DEM.IOWA.RICHARDSON,Bill Richardson to Win,1,0.1,Dec/26/2007 02:42:23
483466,DEM.IOWA.RICHARDSON,Bill Richardson to Win,1,0.1,Dec/26/2007 02:43:24
483466,DEM.IOWA.RICHARDSON,Bill Richardson to Win,1,0.1,Dec/26/2007 02:44:25
483466,DEM.IOWA.RICHARDSON,Bill Richardson to Win,1,0.1,Dec/26/2007 02:47:24
483466,DEM.IOWA.RICHARDSON,Bill Richardson to Win,1,0.1,Dec/26/2007 02:48:29
483466,DEM.IOWA.RICHARDSON,Bill Richardson to Win,1,0.1,Dec/26/2007 02:58:34
483466,DEM.IOWA.RICHARDSON,Bill Richardson to Win,1,0.1,Dec/26/2007 03:02:24
483466,DEM.IOWA.RICHARDSON,Bill Richardson to Win,1,0.1,Dec/26/2007 03:07:28
483466,DEM.IOWA.RICHARDSON,Bill Richardson to Win,1,0.1,Dec/26/2007 03:08:25
483466,DEM.IOWA.RICHARDSON,Bill Richardson to Win,1,0.1,Dec/26/2007 03:09:31
483466,DEM.IOWA.RICHARDSON,Bill Richardson to Win,1,0.1,Dec/26/2007 03:11:29
483466,DEM.IOWA.RICHARDSON,Bill Richardson to Win,1,0.1,Dec/26/2007 03:12:23
483466,DEM.IOWA.RICHARDSON,Bill Richardson to Win,1,0.1,Dec/26/2007 03:13:30
483466,DEM.IOWA.RICHARDSON,Bill Richardson to Win,1,0.1,Dec/26/2007 03:14:34
483466,DEM.IOWA.RICHARDSON,Bill Richardson to Win,1,0.1,Dec/26/2007 03:15:26
483466,DEM.IOWA.RICHARDSON,Bill Richardson to Win,1,0.1,Dec/26/2007 03:16:31
483466,DEM.IOWA.RICHARDSON,Bill Richardson to Win,1,0.1,Dec/26/2007 03:17:25
483466,DEM.IOWA.RICHARDSON,Bill Richardson to Win,1,0.1,Dec/26/2007 03:20:15
483466,DEM.IOWA.RICHARDSON,Bill Richardson to Win,1,0.1,Dec/26/2007 03:21:23
483466,DEM.IOWA.RICHARDSON,Bill Richardson to Win,1,0.1,Dec/26/2007 03:22:34
483466,DEM.IOWA.RICHARDSON,Bill Richardson to Win,1,0.1,Dec/26/2007 03:23:22
483466,DEM.IOWA.RICHARDSON,Bill Richardson to Win,1,0.1,Dec/26/2007 03:24:24
483466,DEM.IOWA.RICHARDSON,Bill Richardson to Win,1,0.1,Dec/26/2007 03:25:22
483466,DEM.IOWA.RICHARDSON,Bill Richardson to Win,1,0.1,Dec/26/2007 03:26:30
483466,DEM.IOWA.RICHARDSON,Bill Richardson to Win,1,0.1,Dec/26/2007 03:27:32
483466,DEM.IOWA.RICHARDSON,Bill Richardson to Win,1,0.1,Dec/26/2007 03:28:24
483466,DEM.IOWA.RICHARDSON,Bill Richardson to Win,1,0.1,Dec/26/2007 03:29:23
483466,DEM.IOWA.RICHARDSON,Bill Richardson to Win,1,0.1,Dec/26/2007 03:30:29
483466,DEM.IOWA.RICHARDSON,Bill Richardson to Win,1,0.1,Dec/26/2007 03:31:31
483466,DEM.IOWA.RICHARDSON,Bill Richardson to Win,1,0.1,Dec/26/2007 03:32:22
483466,DEM.IOWA.RICHARDSON,Bill Richardson to Win,1,0.1,Dec/26/2007 03:33:27
483466,DEM.IOWA.RICHARDSON,Bill Richardson to Win,1,0.1,Dec/26/2007 03:37:28
483466,DEM.IOWA.RICHARDSON,Bill Richardson to Win,1,0.1,Dec/26/2007 03:38:33
483466,DEM.IOWA.RICHARDSON,Bill Richardson to Win,1,0.1,Dec/26/2007 03:39:22
483466,DEM.IOWA.RICHARDSON,Bill Richardson to Win,1,0.1,Dec/26/2007 03:40:27
483466,DEM.IOWA.RICHARDSON,Bill Richardson to Win,1,0.1,Dec/26/2007 03:42:34
483466,DEM.IOWA.RICHARDSON,Bill Richardson to Win,1,0.1,Dec/26/2007 03:46:24
483466,DEM.IOWA.RICHARDSON,Bill Richardson to Win,1,0.1,Dec/26/2007 03:47:23
483466,DEM.IOWA.RICHARDSON,Bill Richardson to Win,1,0.1,Dec/26/2007 03:48:30
483466,DEM.IOWA.RICHARDSON,Bill Richardson to Win,1,0.1,Dec/26/2007 03:49:24
483466,DEM.IOWA.RICHARDSON,Bill Richardson to Win,1,0.1,Dec/26/2007 03:51:25
483466,DEM.IOWA.RICHARDSON,Bill Richardson to Win,1,0.1,Dec/26/2007 03:52:24
483466,DEM.IOWA.RICHARDSON,Bill Richardson to Win,1,0.1,Dec/26/2007 03:53:33
483466,DEM.IOWA.RICHARDSON,Bill Richardson to Win,1,0.1,Dec/26/2007 03:54:21
483466,DEM.IOWA.RICHARDSON,Bill Richardson to Win,1,0.1,Dec/26/2007 14:33:25
483466,DEM.IOWA.RICHARDSON,Bill Richardson to Win,1,0.1,Dec/26/2007 14:34:30
483466,DEM.IOWA.RICHARDSON,Bill Richardson to Win,1,0.1,Dec/26/2007 14:35:14
483466,DEM.IOWA.RICHARDSON,Bill Richardson to Win,1,0.1,Dec/26/2007 14:36:13
483466,DEM.IOWA.RICHARDSON,Bill Richardson to Win,1,0.1,Dec/26/2007 14:37:12
483466,DEM.IOWA.RICHARDSON,Bill Richardson to Win,1,0.1,Dec/26/2007 14:38:30
483466,DEM.IOWA.RICHARDSON,Bill Richardson to Win,1,0.1,Dec/26/2007 14:39:22
483466,DEM.IOWA.RICHARDSON,Bill Richardson to Win,1,0.1,Dec/26/2007 14:40:31
483466,DEM.IOWA.RICHARDSON,Bill Richardson to Win,1,0.1,Dec/26/2007 14:41:12
483466,DEM.IOWA.RICHARDSON,Bill Richardson to Win,1,0.1,Dec/26/2007 14:42:20
483466,DEM.IOWA.RICHARDSON,Bill Richardson to Win,1,0.1,Dec/26/2007 14:43:18
483466,DEM.IOWA.RICHARDSON,Bill Richardson to Win,1,0.1,Dec/26/2007 14:44:29
483466,DEM.IOWA.RICHARDSON,Bill Richardson to Win,1,0.1,Dec/26/2007 14:45:12
483466,DEM.IOWA.RICHARDSON,Bill Richardson to Win,1,0.1,Dec/26/2007 14:46:39
483466,DEM.IOWA.RICHARDSON,Bill Richardson to Win,1,0.1,Dec/26/2007 14:47:12
483466,DEM.IOWA.RICHARDSON,Bill Richardson to Win,1,0.1,Dec/26/2007 14:48:23
483466,DEM.IOWA.RICHARDSON,Bill Richardson to Win,1,0.1,Dec/26/2007 14:49:46
483466,DEM.IOWA.RICHARDSON,Bill Richardson to Win,1,0.1,Dec/26/2007 14:50:20
483466,DEM.IOWA.RICHARDSON,Bill Richardson to Win,1,0.1,Dec/26/2007 14:51:28
483466,DEM.IOWA.RICHARDSON,Bill Richardson to Win,1,0.1,Dec/26/2007 14:52:31
483466,DEM.IOWA.RICHARDSON,Bill Richardson to Win,1,0.1,Dec/26/2007 14:53:23
483466,DEM.IOWA.RICHARDSON,Bill Richardson to Win,1,0.1,Dec/26/2007 14:54:32
483466,DEM.IOWA.RICHARDSON,Bill Richardson to Win,1,0.1,Dec/26/2007 14:55:23
483466,DEM.IOWA.RICHARDSON,Bill Richardson to Win,1,0.1,Dec/26/2007 14:56:20
483466,DEM.IOWA.RICHARDSON,Bill Richardson to Win,1,0.1,Dec/26/2007 14:57:13
483466,DEM.IOWA.RICHARDSON,Bill Richardson to Win,1,0.1,Dec/26/2007 14:58:23
483466,DEM.IOWA.RICHARDSON,Bill Richardson to Win,1,0.1,Dec/26/2007 15:32:19
483466,DEM.IOWA.RICHARDSON,Bill Richardson to Win,1,0.1,Dec/26/2007 16:16:30
483466,DEM.IOWA.RICHARDSON,Bill Richardson to Win,1,0.1,Dec/26/2007 16:17:23
483466,DEM.IOWA.RICHARDSON,Bill Richardson to Win,1,0.1,Dec/26/2007 16:18:38
483466,DEM.IOWA.RICHARDSON,Bill Richardson to Win,1,0.1,Dec/26/2007 16:23:26
483466,DEM.IOWA.RICHARDSON,Bill Richardson to Win,1,0.1,Dec/26/2007 16:24:39
483466,DEM.IOWA.RICHARDSON,Bill Richardson to Win,1,0.1,Dec/26/2007 16:25:29
483466,DEM.IOWA.RICHARDSON,Bill Richardson to Win,1,0.1,Dec/26/2007 16:26:20
483466,DEM.IOWA.RICHARDSON,Bill Richardson to Win,1,0.1,Dec/26/2007 16:28:18
483466,DEM.IOWA.RICHARDSON,Bill Richardson to Win,1,0.1,Dec/26/2007 16:29:12
483466,DEM.IOWA.RICHARDSON,Bill Richardson to Win,1,0.1,Dec/26/2007 16:30:29
483466,DEM.IOWA.RICHARDSON,Bill Richardson to Win,1,0.1,Dec/26/2007 16:31:37
483466,DEM.IOWA.RICHARDSON,Bill Richardson to Win,1,0.1,Dec/26/2007 16:32:19
483466,DEM.IOWA.RICHARDSON,Bill Richardson to Win,1,0.1,Dec/26/2007 16:33:28
483466,DEM.IOWA.RICHARDSON,Bill Richardson to Win,1,0.1,Dec/26/2007 16:35:22
483466,DEM.IOWA.RICHARDSON,Bill Richardson to Win,1,0.1,Dec/26/2007 16:36:41
483466,DEM.IOWA.RICHARDSON,Bill Richardson to Win,1,0.1,Dec/26/2007 16:38:14
483466,DEM.IOWA.RICHARDSON,Bill Richardson to Win,1,0.1,Dec/26/2007 16:43:21
483466,DEM.IOWA.RICHARDSON,Bill Richardson to Win,1,0.1,Dec/26/2007 16:44:30
483466,DEM.IOWA.RICHARDSON,Bill Richardson to Win,1,0.1,Dec/26/2007 16:45:34
483466,DEM.IOWA.RICHARDSON,Bill Richardson to Win,1,0.1,Dec/26/2007 16:46:40
483466,DEM.IOWA.RICHARDSON,Bill Richardson to Win,1,0.1,Dec/26/2007 16:47:23
483466,DEM.IOWA.RICHARDSON,Bill Richardson to Win,1,0.1,Dec/26/2007 16:48:29
483466,DEM.IOWA.RICHARDSON,Bill Richardson to Win,1,0.1,Dec/26/2007 16:49:29
483466,DEM.IOWA.RICHARDSON,Bill Richardson to Win,1,0.1,Dec/26/2007 16:50:19
483466,DEM.IOWA.RICHARDSON,Bill Richardson to Win,1,0.1,Dec/26/2007 16:51:28
483466,DEM.IOWA.RICHARDSON,Bill Richardson to Win,1,0.1,Dec/26/2007 16:52:24
483466,DEM.IOWA.RICHARDSON,Bill Richardson to Win,1,0.1,Dec/26/2007 16:53:32
483466,DEM.IOWA.RICHARDSON,Bill Richardson to Win,1,0.1,Dec/26/2007 16:54:26
483466,DEM.IOWA.RICHARDSON,Bill Richardson to Win,1,0.1,Dec/27/2007 16:43:05
483466,DEM.IOWA.RICHARDSON,Bill Richardson to Win,1,0.1,Dec/27/2007 16:45:14
483466,DEM.IOWA.RICHARDSON,Bill Richardson to Win,1,0.1,Dec/28/2007 00:13:25
483466,DEM.IOWA.RICHARDSON,Bill Richardson to Win,1,0.1,Dec/28/2007 00:14:13
483466,DEM.IOWA.RICHARDSON,Bill Richardson to Win,1,0.1,Dec/28/2007 00:15:23
483466,DEM.IOWA.RICHARDSON,Bill Richardson to Win,1,0.1,Dec/28/2007 00:16:17
483466,DEM.IOWA.RICHARDSON,Bill Richardson to Win,1,0.1,Dec/28/2007 00:17:21
483466,DEM.IOWA.RICHARDSON,Bill Richardson to Win,1,0.1,Dec/28/2007 00:18:22
483466,DEM.IOWA.RICHARDSON,Bill Richardson to Win,1,0.1,Dec/28/2007 00:19:15
483466,DEM.IOWA.RICHARDSON,Bill Richardson to Win,1,0.1,Dec/28/2007 00:20:13
483466,DEM.IOWA.RICHARDSON,Bill Richardson to Win,1,0.1,Dec/28/2007 00:21:13
483466,DEM.IOWA.RICHARDSON,Bill Richardson to Win,1,0.1,Dec/28/2007 00:22:23
483466,DEM.IOWA.RICHARDSON,Bill Richardson to Win,1,0.1,Dec/28/2007 00:23:20
483466,DEM.IOWA.RICHARDSON,Bill Richardson to Win,1,0.1,Dec/28/2007 00:24:29
483466,DEM.IOWA.RICHARDSON,Bill Richardson to Win,1,0.1,Dec/28/2007 00:26:21
483466,DEM.IOWA.RICHARDSON,Bill Richardson to Win,1,0.1,Dec/28/2007 00:27:21
483466,DEM.IOWA.RICHARDSON,Bill Richardson to Win,1,0.1,Dec/28/2007 00:28:21
483466,DEM.IOWA.RICHARDSON,Bill Richardson to Win,1,0.1,Dec/28/2007 00:29:28
483466,DEM.IOWA.RICHARDSON,Bill Richardson to Win,1,0.1,Dec/28/2007 00:30:30
483466,DEM.IOWA.RICHARDSON,Bill Richardson to Win,1,0.1,Dec/28/2007 00:31:29
483466,DEM.IOWA.RICHARDSON,Bill Richardson to Win,1,0.1,Dec/28/2007 00:32:32
483466,DEM.IOWA.RICHARDSON,Bill Richardson to Win,1,0.1,Dec/28/2007 00:33:23
483466,DEM.IOWA.RICHARDSON,Bill Richardson to Win,1,0.1,Dec/28/2007 00:34:13
483466,DEM.IOWA.RICHARDSON,Bill Richardson to Win,1,0.1,Dec/28/2007 00:35:30
483466,DEM.IOWA.RICHARDSON,Bill Richardson to Win,1,0.1,Dec/28/2007 00:36:21
483466,DEM.IOWA.RICHARDSON,Bill Richardson to Win,1,0.1,Dec/28/2007 00:37:22
483466,DEM.IOWA.RICHARDSON,Bill Richardson to Win,1,0.1,Dec/28/2007 00:38:31
483466,DEM.IOWA.RICHARDSON,Bill Richardson to Win,1,0.1,Dec/28/2007 00:39:20
483466,DEM.IOWA.RICHARDSON,Bill Richardson to Win,1,0.1,Dec/28/2007 00:40:24
483466,DEM.IOWA.RICHARDSON,Bill Richardson to Win,1,0.1,Dec/28/2007 04:21:22
483466,DEM.IOWA.RICHARDSON,Bill Richardson to Win,1,0.1,Dec/28/2007 19:17:30
483466,DEM.IOWA.RICHARDSON,Bill Richardson to Win,1,0.1,Dec/28/2007 20:21:23
483466,DEM.IOWA.RICHARDSON,Bill Richardson to Win,1,0.1,Dec/28/2007 20:22:24
483466,DEM.IOWA.RICHARDSON,Bill Richardson to Win,1,0.1,Dec/30/2007 14:33:21
483466,DEM.IOWA.RICHARDSON,Bill Richardson to Win,1,0.1,Dec/30/2007 20:00:31
483466,DEM.IOWA.RICHARDSON,Bill Richardson to Win,1,0.1,Dec/30/2007 20:01:26
483466,DEM.IOWA.RICHARDSON,Bill Richardson to Win,1,0.1,Dec/30/2007 20:02:26
483466,DEM.IOWA.RICHARDSON,Bill Richardson to Win,1,0.1,Dec/31/2007 17:56:37
483466,DEM.IOWA.RICHARDSON,Bill Richardson to Win,1,0.1,Dec/31/2007 21:14:41
483466,DEM.IOWA.RICHARDSON,Bill Richardson to Win,1,0.1,Jan/01/2008 01:01:42
483466,DEM.IOWA.RICHARDSON,Bill Richardson to Win,4,0.1,Jan/01/2008 16:27:17
483466,DEM.IOWA.RICHARDSON,Bill Richardson to Win,20,0.1,Jan/01/2008 16:31:20
483466,DEM.IOWA.RICHARDSON,Bill Richardson to Win,1,0.1,Jan/02/2008 15:06:24
483466,DEM.IOWA.RICHARDSON,Bill Richardson to Win,1,0.1,Jan/02/2008 15:30:24
483466,DEM.IOWA.RICHARDSON,Bill Richardson to Win,1,0.1,Jan/02/2008 15:36:24
483466,DEM.IOWA.RICHARDSON,Bill Richardson to Win,1,0.1,Jan/02/2008 15:37:29
483466,DEM.IOWA.RICHARDSON,Bill Richardson to Win,1,0.1,Jan/02/2008 15:38:32
483466,DEM.IOWA.RICHARDSON,Bill Richardson to Win,1,0.1,Jan/02/2008 21:18:45
483466,DEM.IOWA.RICHARDSON,Bill Richardson to Win,1,0.1,Jan/02/2008 23:09:33
483466,DEM.IOWA.RICHARDSON,Bill Richardson to Win,1,0.1,Jan/02/2008 23:10:23
483466,DEM.IOWA.RICHARDSON,Bill Richardson to Win,1,0.1,Jan/02/2008 23:11:29
483466,DEM.IOWA.RICHARDSON,Bill Richardson to Win,1,0.1,Jan/02/2008 23:12:34
483466,DEM.IOWA.RICHARDSON,Bill Richardson to Win,1,0.1,Jan/02/2008 23:13:18
483466,DEM.IOWA.RICHARDSON,Bill Richardson to Win,17,0.1,Jan/03/2008 06:06:07
483466,DEM.IOWA.RICHARDSON,Bill Richardson to Win,1,0.1,Jan/03/2008 06:07:23
483466,DEM.IOWA.RICHARDSON,Bill Richardson to Win,1,0.1,Jan/03/2008 06:07:42
483466,DEM.IOWA.RICHARDSON,Bill Richardson to Win,1,0.1,Jan/03/2008 06:07:45
483466,DEM.IOWA.RICHARDSON,Bill Richardson to Win,1,0.1,Jan/03/2008 06:07:59
483466,DEM.IOWA.RICHARDSON,Bill Richardson to Win,1,0.1,Jan/03/2008 06:08:02
483466,DEM.IOWA.RICHARDSON,Bill Richardson to Win,3,0.1,Jan/03/2008 06:17:33
483466,DEM.IOWA.RICHARDSON,Bill Richardson to Win,1,0.1,Jan/03/2008 12:23:43
483466,DEM.IOWA.RICHARDSON,Bill Richardson to Win,1,0.1,Jan/03/2008 14:09:38
483466,DEM.IOWA.RICHARDSON,Bill Richardson to Win,1,0.1,Jan/03/2008 14:10:32
483466,DEM.IOWA.RICHARDSON,Bill Richardson to Win,54,0.5,Jan/03/2008 14:24:47
483466,DEM.IOWA.RICHARDSON,Bill Richardson to Win,46,0.5,Jan/03/2008 14:24:47
483466,DEM.IOWA.RICHARDSON,Bill Richardson to Win,1,0.1,Jan/03/2008 14:41:45
483466,DEM.IOWA.RICHARDSON,Bill Richardson to Win,1,0.1,Jan/03/2008 14:42:12
483466,DEM.IOWA.RICHARDSON,Bill Richardson to Win,1,0.1,Jan/03/2008 14:43:22
483466,DEM.IOWA.RICHARDSON,Bill Richardson to Win,1,0.1,Jan/03/2008 18:09:31
483466,DEM.IOWA.RICHARDSON,Bill Richardson to Win,1,0.1,Jan/03/2008 18:26:27
483466,DEM.IOWA.RICHARDSON,Bill Richardson to Win,1,0.1,Jan/03/2008 18:28:23
483466,DEM.IOWA.RICHARDSON,Bill Richardson to Win,1,0.1,Jan/03/2008 19:00:30
483466,DEM.IOWA.RICHARDSON,Bill Richardson to Win,1,0.1,Jan/03/2008 19:01:31
483466,DEM.IOWA.RICHARDSON,Bill Richardson to Win,1,0.1,Jan/03/2008 19:02:15
483466,DEM.IOWA.RICHARDSON,Bill Richardson to Win,1,0.1,Jan/03/2008 19:03:32
483466,DEM.IOWA.RICHARDSON,Bill Richardson to Win,1,0.1,Jan/03/2008 19:04:23
483466,DEM.IOWA.RICHARDSON,Bill Richardson to Win,1,0.1,Jan/03/2008 19:05:29
483466,DEM.IOWA.RICHARDSON,Bill Richardson to Win,1,0.1,Jan/03/2008 19:06:32
483466,DEM.IOWA.RICHARDSON,Bill Richardson to Win,1,0.1,Jan/03/2008 19:07:25
483466,DEM.IOWA.RICHARDSON,Bill Richardson to Win,1,0.1,Jan/03/2008 19:08:20
483466,DEM.IOWA.RICHARDSON,Bill Richardson to Win,1,0.1,Jan/03/2008 19:09:23
483466,DEM.IOWA.RICHARDSON,Bill Richardson to Win,1,0.1,Jan/03/2008 19:10:23
483466,DEM.IOWA.RICHARDSON,Bill Richardson to Win,1,0.1,Jan/03/2008 19:11:25
483466,DEM.IOWA.RICHARDSON,Bill Richardson to Win,1,0.1,Jan/03/2008 19:12:14
483466,DEM.IOWA.RICHARDSON,Bill Richardson to Win,1,0.1,Jan/03/2008 19:13:13
483466,DEM.IOWA.RICHARDSON,Bill Richardson to Win,1,0.1,Jan/03/2008 19:14:32
483466,DEM.IOWA.RICHARDSON,Bill Richardson to Win,1,0.1,Jan/03/2008 19:15:15
483466,DEM.IOWA.RICHARDSON,Bill Richardson to Win,1,0.1,Jan/03/2008 19:16:32
483466,DEM.IOWA.RICHARDSON,Bill Richardson to Win,1,0.1,Jan/03/2008 19:17:22
483466,DEM.IOWA.RICHARDSON,Bill Richardson to Win,1,0.1,Jan/03/2008 19:21:48
483466,DEM.IOWA.RICHARDSON,Bill Richardson to Win,1,0.1,Jan/03/2008 19:24:40
483466,DEM.IOWA.RICHARDSON,Bill Richardson to Win,1,0.1,Jan/03/2008 19:38:30
483466,DEM.IOWA.RICHARDSON,Bill Richardson to Win,1,0.1,Jan/03/2008 19:39:22
483466,DEM.IOWA.RICHARDSON,Bill Richardson to Win,1,0.1,Jan/03/2008 19:40:22
483466,DEM.IOWA.RICHARDSON,Bill Richardson to Win,1,0.1,Jan/03/2008 19:41:28
483466,DEM.IOWA.RICHARDSON,Bill Richardson to Win,1,0.1,Jan/03/2008 19:42:32
483466,DEM.IOWA.RICHARDSON,Bill Richardson to Win,1,0.1,Jan/03/2008 19:43:27
483466,DEM.IOWA.RICHARDSON,Bill Richardson to Win,1,0.1,Jan/03/2008 19:44:22
483466,DEM.IOWA.RICHARDSON,Bill Richardson to Win,1,0.1,Jan/03/2008 19:45:30
483466,DEM.IOWA.RICHARDSON,Bill Richardson to Win,1,0.1,Jan/03/2008 19:49:33
483466,DEM.IOWA.RICHARDSON,Bill Richardson to Win,1,0.1,Jan/03/2008 20:10:22
483466,DEM.IOWA.RICHARDSON,Bill Richardson to Win,1,0.1,Jan/03/2008 20:11:18
483466,DEM.IOWA.RICHARDSON,Bill Richardson to Win,1,0.1,Jan/03/2008 20:12:31
483466,DEM.IOWA.RICHARDSON,Bill Richardson to Win,1,0.1,Jan/03/2008 20:17:23
483466,DEM.IOWA.RICHARDSON,Bill Richardson to Win,1,0.1,Jan/03/2008 20:18:19
483466,DEM.IOWA.RICHARDSON,Bill Richardson to Win,1,0.1,Jan/03/2008 20:19:30
483466,DEM.IOWA.RICHARDSON,Bill Richardson to Win,1,0.1,Jan/03/2008 20:20:25
483466,DEM.IOWA.RICHARDSON,Bill Richardson to Win,1,0.1,Jan/03/2008 20:21:31
483466,DEM.IOWA.RICHARDSON,Bill Richardson to Win,1,0.1,Jan/03/2008 20:27:22
483466,DEM.IOWA.RICHARDSON,Bill Richardson to Win,1,0.1,Jan/03/2008 20:28:27
483466,DEM.IOWA.RICHARDSON,Bill Richardson to Win,1,0.1,Jan/03/2008 20:29:33
483466,DEM.IOWA.RICHARDSON,Bill Richardson to Win,1,0.1,Jan/03/2008 20:30:28
483466,DEM.IOWA.RICHARDSON,Bill Richardson to Win,1,0.1,Jan/03/2008 20:31:20
483466,DEM.IOWA.RICHARDSON,Bill Richardson to Win,1,0.1,Jan/03/2008 20:32:26
483466,DEM.IOWA.RICHARDSON,Bill Richardson to Win,1,0.1,Jan/03/2008 20:33:30
483466,DEM.IOWA.RICHARDSON,Bill Richardson to Win,1,0.1,Jan/03/2008 20:34:22
483466,DEM.IOWA.RICHARDSON,Bill Richardson to Win,1,0.1,Jan/03/2008 20:35:29
483466,DEM.IOWA.RICHARDSON,Bill Richardson to Win,1,0.1,Jan/03/2008 20:36:22
483466,DEM.IOWA.RICHARDSON,Bill Richardson to Win,1,0.1,Jan/03/2008 20:37:23
483466,DEM.IOWA.RICHARDSON,Bill Richardson to Win,1,0.1,Jan/03/2008 20:38:30
483466,DEM.IOWA.RICHARDSON,Bill Richardson to Win,1,0.1,Jan/03/2008 20:39:23
483466,DEM.IOWA.RICHARDSON,Bill Richardson to Win,1,0.1,Jan/03/2008 20:40:31
483466,DEM.IOWA.RICHARDSON,Bill Richardson to Win,1,0.1,Jan/03/2008 20:44:25
483466,DEM.IOWA.RICHARDSON,Bill Richardson to Win,1,0.1,Jan/03/2008 20:45:24
483466,DEM.IOWA.RICHARDSON,Bill Richardson to Win,1,0.1,Jan/03/2008 20:46:31
483466,DEM.IOWA.RICHARDSON,Bill Richardson to Win,1,0.1,Jan/03/2008 20:47:21
483466,DEM.IOWA.RICHARDSON,Bill Richardson to Win,1,0.1,Jan/03/2008 20:48:26
483466,DEM.IOWA.RICHARDSON,Bill Richardson to Win,1,0.1,Jan/03/2008 20:49:24
483466,DEM.IOWA.RICHARDSON,Bill Richardson to Win,9,0.1,Jan/03/2008 21:01:04
483466,DEM.IOWA.RICHARDSON,Bill Richardson to Win,55,0.1,Jan/03/2008 21:01:04
483466,DEM.IOWA.RICHARDSON,Bill Richardson to Win,1,0.1,Jan/03/2008 21:03:20
483466,DEM.IOWA.RICHARDSON,Bill Richardson to Win,1,0.1,Jan/03/2008 21:04:24
483466,DEM.IOWA.RICHARDSON,Bill Richardson to Win,1,0.1,Jan/03/2008 21:05:32
