market id,market symbol,market name,trade quantity,trade price,date/time [utc]
766879,BEST.PIC:BEASTS.SOUTHERN.WILD,Beasts of the Southern Wild?to win Academy Award for Best Picture,15,6.5,Oct/23/2012 03:51:03
766879,BEST.PIC:BEASTS.SOUTHERN.WILD,Beasts of the Southern Wild?to win Academy Award for Best Picture,10,6.5,Oct/23/2012 03:51:03
766879,BEST.PIC:BEASTS.SOUTHERN.WILD,Beasts of the Southern Wild?to win Academy Award for Best Picture,10,6.5,Oct/23/2012 03:51:03
766879,BEST.PIC:BEASTS.SOUTHERN.WILD,Beasts of the Southern Wild?to win Academy Award for Best Picture,1,1.5,Oct/30/2012 17:58:56
766879,BEST.PIC:BEASTS.SOUTHERN.WILD,Beasts of the Southern Wild?to win Academy Award for Best Picture,10,1.4,Nov/01/2012 05:00:14
766879,BEST.PIC:BEASTS.SOUTHERN.WILD,Beasts of the Southern Wild?to win Academy Award for Best Picture,9,1.5,Nov/01/2012 05:00:23
766879,BEST.PIC:BEASTS.SOUTHERN.WILD,Beasts of the Southern Wild?to win Academy Award for Best Picture,1,1.5,Nov/01/2012 05:00:23
766879,BEST.PIC:BEASTS.SOUTHERN.WILD,Beasts of the Southern Wild?to win Academy Award for Best Picture,10,1.9,Nov/01/2012 05:00:31
766879,BEST.PIC:BEASTS.SOUTHERN.WILD,Beasts of the Southern Wild?to win Academy Award for Best Picture,10,2.0,Nov/01/2012 05:00:40
766879,BEST.PIC:BEASTS.SOUTHERN.WILD,Beasts of the Southern Wild?to win Academy Award for Best Picture,10,2.5,Nov/01/2012 05:00:49
766879,BEST.PIC:BEASTS.SOUTHERN.WILD,Beasts of the Southern Wild?to win Academy Award for Best Picture,10,2.5,Nov/01/2012 05:00:49
766879,BEST.PIC:BEASTS.SOUTHERN.WILD,Beasts of the Southern Wild?to win Academy Award for Best Picture,10,3.0,Nov/01/2012 05:01:24
766879,BEST.PIC:BEASTS.SOUTHERN.WILD,Beasts of the Southern Wild?to win Academy Award for Best Picture,10,3.5,Nov/01/2012 05:01:31
766879,BEST.PIC:BEASTS.SOUTHERN.WILD,Beasts of the Southern Wild?to win Academy Award for Best Picture,10,4.0,Nov/01/2012 05:01:40
766879,BEST.PIC:BEASTS.SOUTHERN.WILD,Beasts of the Southern Wild?to win Academy Award for Best Picture,10,4.0,Nov/01/2012 05:01:40
766879,BEST.PIC:BEASTS.SOUTHERN.WILD,Beasts of the Southern Wild?to win Academy Award for Best Picture,20,4.0,Nov/01/2012 05:05:27
766879,BEST.PIC:BEASTS.SOUTHERN.WILD,Beasts of the Southern Wild?to win Academy Award for Best Picture,20,4.4,Nov/01/2012 05:05:37
766879,BEST.PIC:BEASTS.SOUTHERN.WILD,Beasts of the Southern Wild?to win Academy Award for Best Picture,20,4.3,Nov/01/2012 05:09:16
766879,BEST.PIC:BEASTS.SOUTHERN.WILD,Beasts of the Southern Wild?to win Academy Award for Best Picture,10,4.5,Nov/01/2012 05:11:34
766879,BEST.PIC:BEASTS.SOUTHERN.WILD,Beasts of the Southern Wild?to win Academy Award for Best Picture,20,4.9,Nov/01/2012 05:11:50
766879,BEST.PIC:BEASTS.SOUTHERN.WILD,Beasts of the Southern Wild?to win Academy Award for Best Picture,10,5.0,Nov/01/2012 05:11:59
766879,BEST.PIC:BEASTS.SOUTHERN.WILD,Beasts of the Southern Wild?to win Academy Award for Best Picture,10,5.0,Nov/01/2012 05:13:49
766879,BEST.PIC:BEASTS.SOUTHERN.WILD,Beasts of the Southern Wild?to win Academy Award for Best Picture,10,5.9,Nov/01/2012 05:14:01
766879,BEST.PIC:BEASTS.SOUTHERN.WILD,Beasts of the Southern Wild?to win Academy Award for Best Picture,1,1.0,Nov/01/2012 21:34:57
766879,BEST.PIC:BEASTS.SOUTHERN.WILD,Beasts of the Southern Wild?to win Academy Award for Best Picture,219,0.9,Nov/01/2012 23:59:52
766879,BEST.PIC:BEASTS.SOUTHERN.WILD,Beasts of the Southern Wild?to win Academy Award for Best Picture,10,3.0,Nov/02/2012 02:07:23
766879,BEST.PIC:BEASTS.SOUTHERN.WILD,Beasts of the Southern Wild?to win Academy Award for Best Picture,54,2.9,Nov/02/2012 02:07:23
766879,BEST.PIC:BEASTS.SOUTHERN.WILD,Beasts of the Southern Wild?to win Academy Award for Best Picture,10,2.9,Nov/02/2012 02:07:23
766879,BEST.PIC:BEASTS.SOUTHERN.WILD,Beasts of the Southern Wild?to win Academy Award for Best Picture,10,2.5,Nov/02/2012 02:07:23
766879,BEST.PIC:BEASTS.SOUTHERN.WILD,Beasts of the Southern Wild?to win Academy Award for Best Picture,1,2.0,Nov/02/2012 02:07:23
766879,BEST.PIC:BEASTS.SOUTHERN.WILD,Beasts of the Southern Wild?to win Academy Award for Best Picture,20,2.5,Nov/02/2012 15:33:28
766879,BEST.PIC:BEASTS.SOUTHERN.WILD,Beasts of the Southern Wild?to win Academy Award for Best Picture,20,2.5,Nov/02/2012 21:21:45
766879,BEST.PIC:BEASTS.SOUTHERN.WILD,Beasts of the Southern Wild?to win Academy Award for Best Picture,20,3.0,Nov/02/2012 22:20:28
766879,BEST.PIC:BEASTS.SOUTHERN.WILD,Beasts of the Southern Wild?to win Academy Award for Best Picture,20,2.5,Nov/05/2012 18:37:41
766879,BEST.PIC:BEASTS.SOUTHERN.WILD,Beasts of the Southern Wild?to win Academy Award for Best Picture,10,2.5,Nov/05/2012 23:11:57
766879,BEST.PIC:BEASTS.SOUTHERN.WILD,Beasts of the Southern Wild?to win Academy Award for Best Picture,1,2.5,Nov/06/2012 04:37:33
766879,BEST.PIC:BEASTS.SOUTHERN.WILD,Beasts of the Southern Wild?to win Academy Award for Best Picture,10,3.0,Nov/07/2012 07:58:58
766879,BEST.PIC:BEASTS.SOUTHERN.WILD,Beasts of the Southern Wild?to win Academy Award for Best Picture,9,2.5,Nov/07/2012 07:58:58
766879,BEST.PIC:BEASTS.SOUTHERN.WILD,Beasts of the Southern Wild?to win Academy Award for Best Picture,10,5.0,Nov/07/2012 12:37:37
766879,BEST.PIC:BEASTS.SOUTHERN.WILD,Beasts of the Southern Wild?to win Academy Award for Best Picture,90,3.5,Nov/07/2012 12:37:37
766879,BEST.PIC:BEASTS.SOUTHERN.WILD,Beasts of the Southern Wild?to win Academy Award for Best Picture,10,3.5,Nov/07/2012 12:37:37
766879,BEST.PIC:BEASTS.SOUTHERN.WILD,Beasts of the Southern Wild?to win Academy Award for Best Picture,10,3.4,Nov/07/2012 12:37:37
766879,BEST.PIC:BEASTS.SOUTHERN.WILD,Beasts of the Southern Wild?to win Academy Award for Best Picture,10,4.5,Nov/07/2012 12:37:37
766879,BEST.PIC:BEASTS.SOUTHERN.WILD,Beasts of the Southern Wild?to win Academy Award for Best Picture,10,4.0,Nov/07/2012 12:37:37
766879,BEST.PIC:BEASTS.SOUTHERN.WILD,Beasts of the Southern Wild?to win Academy Award for Best Picture,10,3.3,Nov/07/2012 12:37:37
766879,BEST.PIC:BEASTS.SOUTHERN.WILD,Beasts of the Southern Wild?to win Academy Award for Best Picture,50,5.0,Nov/07/2012 14:57:19
766879,BEST.PIC:BEASTS.SOUTHERN.WILD,Beasts of the Southern Wild?to win Academy Award for Best Picture,1,3.0,Nov/07/2012 15:09:03
766879,BEST.PIC:BEASTS.SOUTHERN.WILD,Beasts of the Southern Wild?to win Academy Award for Best Picture,25,3.0,Nov/07/2012 15:09:03
766879,BEST.PIC:BEASTS.SOUTHERN.WILD,Beasts of the Southern Wild?to win Academy Award for Best Picture,20,2.5,Nov/07/2012 15:09:09
766879,BEST.PIC:BEASTS.SOUTHERN.WILD,Beasts of the Southern Wild?to win Academy Award for Best Picture,10,2.5,Nov/07/2012 15:14:32
766879,BEST.PIC:BEASTS.SOUTHERN.WILD,Beasts of the Southern Wild?to win Academy Award for Best Picture,20,2.5,Nov/07/2012 16:22:37
766879,BEST.PIC:BEASTS.SOUTHERN.WILD,Beasts of the Southern Wild?to win Academy Award for Best Picture,20,2.5,Nov/07/2012 18:23:47
766879,BEST.PIC:BEASTS.SOUTHERN.WILD,Beasts of the Southern Wild?to win Academy Award for Best Picture,10,1.5,Nov/07/2012 19:12:16
766879,BEST.PIC:BEASTS.SOUTHERN.WILD,Beasts of the Southern Wild?to win Academy Award for Best Picture,10,2.0,Nov/07/2012 19:12:16
766879,BEST.PIC:BEASTS.SOUTHERN.WILD,Beasts of the Southern Wild?to win Academy Award for Best Picture,5,1.5,Nov/07/2012 19:12:16
766879,BEST.PIC:BEASTS.SOUTHERN.WILD,Beasts of the Southern Wild?to win Academy Award for Best Picture,10,1.5,Nov/07/2012 19:56:42
766879,BEST.PIC:BEASTS.SOUTHERN.WILD,Beasts of the Southern Wild?to win Academy Award for Best Picture,15,1.9,Nov/07/2012 20:24:22
766879,BEST.PIC:BEASTS.SOUTHERN.WILD,Beasts of the Southern Wild?to win Academy Award for Best Picture,8,1.9,Nov/07/2012 21:57:58
766879,BEST.PIC:BEASTS.SOUTHERN.WILD,Beasts of the Southern Wild?to win Academy Award for Best Picture,10,1.9,Nov/07/2012 21:57:58
766879,BEST.PIC:BEASTS.SOUTHERN.WILD,Beasts of the Southern Wild?to win Academy Award for Best Picture,9,1.5,Nov/08/2012 01:43:38
766879,BEST.PIC:BEASTS.SOUTHERN.WILD,Beasts of the Southern Wild?to win Academy Award for Best Picture,1,1.5,Nov/08/2012 02:36:16
766879,BEST.PIC:BEASTS.SOUTHERN.WILD,Beasts of the Southern Wild?to win Academy Award for Best Picture,14,1.9,Nov/08/2012 02:36:30
766879,BEST.PIC:BEASTS.SOUTHERN.WILD,Beasts of the Southern Wild?to win Academy Award for Best Picture,5,1.9,Nov/08/2012 02:43:47
766879,BEST.PIC:BEASTS.SOUTHERN.WILD,Beasts of the Southern Wild?to win Academy Award for Best Picture,30,2.0,Nov/08/2012 03:08:02
766879,BEST.PIC:BEASTS.SOUTHERN.WILD,Beasts of the Southern Wild?to win Academy Award for Best Picture,34,1.9,Nov/08/2012 03:08:02
766879,BEST.PIC:BEASTS.SOUTHERN.WILD,Beasts of the Southern Wild?to win Academy Award for Best Picture,20,1.9,Nov/08/2012 03:08:02
766879,BEST.PIC:BEASTS.SOUTHERN.WILD,Beasts of the Southern Wild?to win Academy Award for Best Picture,10,2.0,Nov/08/2012 03:53:17
766879,BEST.PIC:BEASTS.SOUTHERN.WILD,Beasts of the Southern Wild?to win Academy Award for Best Picture,20,1.5,Nov/08/2012 04:05:50
766879,BEST.PIC:BEASTS.SOUTHERN.WILD,Beasts of the Southern Wild?to win Academy Award for Best Picture,81,1.9,Nov/08/2012 04:08:33
766879,BEST.PIC:BEASTS.SOUTHERN.WILD,Beasts of the Southern Wild?to win Academy Award for Best Picture,10,1.9,Nov/08/2012 04:08:33
766879,BEST.PIC:BEASTS.SOUTHERN.WILD,Beasts of the Southern Wild?to win Academy Award for Best Picture,20,1.9,Nov/08/2012 04:43:51
766879,BEST.PIC:BEASTS.SOUTHERN.WILD,Beasts of the Southern Wild?to win Academy Award for Best Picture,1,1.0,Nov/08/2012 05:24:43
766879,BEST.PIC:BEASTS.SOUTHERN.WILD,Beasts of the Southern Wild?to win Academy Award for Best Picture,5,1.1,Nov/08/2012 05:24:43
766879,BEST.PIC:BEASTS.SOUTHERN.WILD,Beasts of the Southern Wild?to win Academy Award for Best Picture,40,1.9,Nov/08/2012 07:17:49
766879,BEST.PIC:BEASTS.SOUTHERN.WILD,Beasts of the Southern Wild?to win Academy Award for Best Picture,10,2.0,Nov/08/2012 07:31:50
766879,BEST.PIC:BEASTS.SOUTHERN.WILD,Beasts of the Southern Wild?to win Academy Award for Best Picture,20,2.0,Nov/08/2012 07:31:50
766879,BEST.PIC:BEASTS.SOUTHERN.WILD,Beasts of the Southern Wild?to win Academy Award for Best Picture,1,1.0,Nov/08/2012 11:23:04
766879,BEST.PIC:BEASTS.SOUTHERN.WILD,Beasts of the Southern Wild?to win Academy Award for Best Picture,2,1.0,Nov/08/2012 11:56:45
766879,BEST.PIC:BEASTS.SOUTHERN.WILD,Beasts of the Southern Wild?to win Academy Award for Best Picture,10,1.0,Nov/08/2012 12:02:45
766879,BEST.PIC:BEASTS.SOUTHERN.WILD,Beasts of the Southern Wild?to win Academy Award for Best Picture,8,1.0,Nov/08/2012 12:10:19
766879,BEST.PIC:BEASTS.SOUTHERN.WILD,Beasts of the Southern Wild?to win Academy Award for Best Picture,2,1.0,Nov/08/2012 12:10:45
766879,BEST.PIC:BEASTS.SOUTHERN.WILD,Beasts of the Southern Wild?to win Academy Award for Best Picture,10,1.0,Nov/08/2012 12:12:51
766879,BEST.PIC:BEASTS.SOUTHERN.WILD,Beasts of the Southern Wild?to win Academy Award for Best Picture,5,1.1,Nov/08/2012 12:19:53
766879,BEST.PIC:BEASTS.SOUTHERN.WILD,Beasts of the Southern Wild?to win Academy Award for Best Picture,2,1.1,Nov/08/2012 12:20:46
766879,BEST.PIC:BEASTS.SOUTHERN.WILD,Beasts of the Southern Wild?to win Academy Award for Best Picture,8,1.1,Nov/08/2012 12:31:24
766879,BEST.PIC:BEASTS.SOUTHERN.WILD,Beasts of the Southern Wild?to win Academy Award for Best Picture,56,1.0,Nov/08/2012 14:11:37
766879,BEST.PIC:BEASTS.SOUTHERN.WILD,Beasts of the Southern Wild?to win Academy Award for Best Picture,5,1.1,Nov/08/2012 14:11:37
766879,BEST.PIC:BEASTS.SOUTHERN.WILD,Beasts of the Southern Wild?to win Academy Award for Best Picture,20,1.2,Nov/08/2012 14:11:37
766879,BEST.PIC:BEASTS.SOUTHERN.WILD,Beasts of the Southern Wild?to win Academy Award for Best Picture,20,1.5,Nov/08/2012 14:11:37
766879,BEST.PIC:BEASTS.SOUTHERN.WILD,Beasts of the Southern Wild?to win Academy Award for Best Picture,9,1.0,Nov/08/2012 14:41:56
766879,BEST.PIC:BEASTS.SOUTHERN.WILD,Beasts of the Southern Wild?to win Academy Award for Best Picture,10,1.0,Nov/08/2012 16:09:13
766879,BEST.PIC:BEASTS.SOUTHERN.WILD,Beasts of the Southern Wild?to win Academy Award for Best Picture,10,1.0,Nov/08/2012 17:23:24
766879,BEST.PIC:BEASTS.SOUTHERN.WILD,Beasts of the Southern Wild?to win Academy Award for Best Picture,30,1.3,Nov/08/2012 17:23:24
766879,BEST.PIC:BEASTS.SOUTHERN.WILD,Beasts of the Southern Wild?to win Academy Award for Best Picture,10,1.3,Nov/08/2012 17:23:24
766879,BEST.PIC:BEASTS.SOUTHERN.WILD,Beasts of the Southern Wild?to win Academy Award for Best Picture,5,1.4,Nov/08/2012 17:45:06
766879,BEST.PIC:BEASTS.SOUTHERN.WILD,Beasts of the Southern Wild?to win Academy Award for Best Picture,10,1.4,Nov/08/2012 17:45:06
766879,BEST.PIC:BEASTS.SOUTHERN.WILD,Beasts of the Southern Wild?to win Academy Award for Best Picture,30,1.5,Nov/08/2012 17:45:19
766879,BEST.PIC:BEASTS.SOUTHERN.WILD,Beasts of the Southern Wild?to win Academy Award for Best Picture,90,1.9,Nov/08/2012 17:45:55
766879,BEST.PIC:BEASTS.SOUTHERN.WILD,Beasts of the Southern Wild?to win Academy Award for Best Picture,10,1.9,Nov/08/2012 17:45:55
766879,BEST.PIC:BEASTS.SOUTHERN.WILD,Beasts of the Southern Wild?to win Academy Award for Best Picture,20,2.0,Nov/08/2012 17:49:21
766879,BEST.PIC:BEASTS.SOUTHERN.WILD,Beasts of the Southern Wild?to win Academy Award for Best Picture,5,1.8,Nov/08/2012 18:59:38
766879,BEST.PIC:BEASTS.SOUTHERN.WILD,Beasts of the Southern Wild?to win Academy Award for Best Picture,95,1.8,Nov/08/2012 19:05:25
766879,BEST.PIC:BEASTS.SOUTHERN.WILD,Beasts of the Southern Wild?to win Academy Award for Best Picture,4,0.9,Nov/08/2012 19:08:17
766879,BEST.PIC:BEASTS.SOUTHERN.WILD,Beasts of the Southern Wild?to win Academy Award for Best Picture,10,1.5,Nov/08/2012 19:43:26
766879,BEST.PIC:BEASTS.SOUTHERN.WILD,Beasts of the Southern Wild?to win Academy Award for Best Picture,5,1.0,Nov/08/2012 20:02:50
766879,BEST.PIC:BEASTS.SOUTHERN.WILD,Beasts of the Southern Wild?to win Academy Award for Best Picture,10,1.0,Nov/08/2012 20:14:23
766879,BEST.PIC:BEASTS.SOUTHERN.WILD,Beasts of the Southern Wild?to win Academy Award for Best Picture,10,1.3,Nov/08/2012 20:20:34
766879,BEST.PIC:BEASTS.SOUTHERN.WILD,Beasts of the Southern Wild?to win Academy Award for Best Picture,10,1.4,Nov/08/2012 20:21:41
766879,BEST.PIC:BEASTS.SOUTHERN.WILD,Beasts of the Southern Wild?to win Academy Award for Best Picture,10,1.4,Nov/08/2012 20:23:21
766879,BEST.PIC:BEASTS.SOUTHERN.WILD,Beasts of the Southern Wild?to win Academy Award for Best Picture,10,1.1,Nov/08/2012 20:26:16
766879,BEST.PIC:BEASTS.SOUTHERN.WILD,Beasts of the Southern Wild?to win Academy Award for Best Picture,1,1.1,Nov/08/2012 20:34:46
766879,BEST.PIC:BEASTS.SOUTHERN.WILD,Beasts of the Southern Wild?to win Academy Award for Best Picture,10,1.2,Nov/08/2012 20:34:46
766879,BEST.PIC:BEASTS.SOUTHERN.WILD,Beasts of the Southern Wild?to win Academy Award for Best Picture,20,1.3,Nov/08/2012 20:34:46
766879,BEST.PIC:BEASTS.SOUTHERN.WILD,Beasts of the Southern Wild?to win Academy Award for Best Picture,8,1.1,Nov/08/2012 20:43:02
766879,BEST.PIC:BEASTS.SOUTHERN.WILD,Beasts of the Southern Wild?to win Academy Award for Best Picture,30,1.0,Nov/08/2012 20:44:24
766879,BEST.PIC:BEASTS.SOUTHERN.WILD,Beasts of the Southern Wild?to win Academy Award for Best Picture,2,1.1,Nov/08/2012 20:47:50
766879,BEST.PIC:BEASTS.SOUTHERN.WILD,Beasts of the Southern Wild?to win Academy Award for Best Picture,10,1.4,Nov/08/2012 21:24:39
766879,BEST.PIC:BEASTS.SOUTHERN.WILD,Beasts of the Southern Wild?to win Academy Award for Best Picture,20,1.5,Nov/08/2012 21:24:49
766879,BEST.PIC:BEASTS.SOUTHERN.WILD,Beasts of the Southern Wild?to win Academy Award for Best Picture,50,1.9,Nov/08/2012 21:25:54
766879,BEST.PIC:BEASTS.SOUTHERN.WILD,Beasts of the Southern Wild?to win Academy Award for Best Picture,40,1.9,Nov/08/2012 22:31:46
766879,BEST.PIC:BEASTS.SOUTHERN.WILD,Beasts of the Southern Wild?to win Academy Award for Best Picture,20,2.0,Nov/08/2012 22:50:14
766879,BEST.PIC:BEASTS.SOUTHERN.WILD,Beasts of the Southern Wild?to win Academy Award for Best Picture,10,2.3,Nov/08/2012 22:50:59
766879,BEST.PIC:BEASTS.SOUTHERN.WILD,Beasts of the Southern Wild?to win Academy Award for Best Picture,10,1.6,Nov/08/2012 23:31:49
766879,BEST.PIC:BEASTS.SOUTHERN.WILD,Beasts of the Southern Wild?to win Academy Award for Best Picture,5,1.5,Nov/08/2012 23:32:09
766879,BEST.PIC:BEASTS.SOUTHERN.WILD,Beasts of the Southern Wild?to win Academy Award for Best Picture,10,1.6,Nov/08/2012 23:32:09
766879,BEST.PIC:BEASTS.SOUTHERN.WILD,Beasts of the Southern Wild?to win Academy Award for Best Picture,15,2.0,Nov/09/2012 00:01:53
766879,BEST.PIC:BEASTS.SOUTHERN.WILD,Beasts of the Southern Wild?to win Academy Award for Best Picture,5,2.0,Nov/09/2012 00:14:15
766879,BEST.PIC:BEASTS.SOUTHERN.WILD,Beasts of the Southern Wild?to win Academy Award for Best Picture,10,1.6,Nov/09/2012 00:59:01
766879,BEST.PIC:BEASTS.SOUTHERN.WILD,Beasts of the Southern Wild?to win Academy Award for Best Picture,30,1.6,Nov/09/2012 01:50:54
766879,BEST.PIC:BEASTS.SOUTHERN.WILD,Beasts of the Southern Wild?to win Academy Award for Best Picture,10,1.7,Nov/09/2012 01:50:54
766879,BEST.PIC:BEASTS.SOUTHERN.WILD,Beasts of the Southern Wild?to win Academy Award for Best Picture,10,1.5,Nov/09/2012 01:52:44
766879,BEST.PIC:BEASTS.SOUTHERN.WILD,Beasts of the Southern Wild?to win Academy Award for Best Picture,4,1.5,Nov/09/2012 02:34:47
766879,BEST.PIC:BEASTS.SOUTHERN.WILD,Beasts of the Southern Wild?to win Academy Award for Best Picture,1,1.5,Nov/09/2012 02:36:13
766879,BEST.PIC:BEASTS.SOUTHERN.WILD,Beasts of the Southern Wild?to win Academy Award for Best Picture,1,1.4,Nov/09/2012 03:31:26
766879,BEST.PIC:BEASTS.SOUTHERN.WILD,Beasts of the Southern Wild?to win Academy Award for Best Picture,10,1.2,Nov/09/2012 03:36:14
766879,BEST.PIC:BEASTS.SOUTHERN.WILD,Beasts of the Southern Wild?to win Academy Award for Best Picture,10,1.3,Nov/09/2012 03:36:14
766879,BEST.PIC:BEASTS.SOUTHERN.WILD,Beasts of the Southern Wild?to win Academy Award for Best Picture,14,1.4,Nov/09/2012 03:36:14
766879,BEST.PIC:BEASTS.SOUTHERN.WILD,Beasts of the Southern Wild?to win Academy Award for Best Picture,30,1.1,Nov/09/2012 03:36:14
766879,BEST.PIC:BEASTS.SOUTHERN.WILD,Beasts of the Southern Wild?to win Academy Award for Best Picture,10,1.1,Nov/09/2012 03:39:50
766879,BEST.PIC:BEASTS.SOUTHERN.WILD,Beasts of the Southern Wild?to win Academy Award for Best Picture,20,1.4,Nov/09/2012 04:03:42
766879,BEST.PIC:BEASTS.SOUTHERN.WILD,Beasts of the Southern Wild?to win Academy Award for Best Picture,20,1.2,Nov/09/2012 04:03:42
766879,BEST.PIC:BEASTS.SOUTHERN.WILD,Beasts of the Southern Wild?to win Academy Award for Best Picture,1,1.1,Nov/09/2012 04:10:34
766879,BEST.PIC:BEASTS.SOUTHERN.WILD,Beasts of the Southern Wild?to win Academy Award for Best Picture,9,1.1,Nov/09/2012 04:10:44
766879,BEST.PIC:BEASTS.SOUTHERN.WILD,Beasts of the Southern Wild?to win Academy Award for Best Picture,35,1.2,Nov/09/2012 04:12:14
766879,BEST.PIC:BEASTS.SOUTHERN.WILD,Beasts of the Southern Wild?to win Academy Award for Best Picture,10,1.1,Nov/09/2012 04:31:48
766879,BEST.PIC:BEASTS.SOUTHERN.WILD,Beasts of the Southern Wild?to win Academy Award for Best Picture,20,1.4,Nov/09/2012 04:35:43
766879,BEST.PIC:BEASTS.SOUTHERN.WILD,Beasts of the Southern Wild?to win Academy Award for Best Picture,5,1.2,Nov/09/2012 04:46:04
766879,BEST.PIC:BEASTS.SOUTHERN.WILD,Beasts of the Southern Wild?to win Academy Award for Best Picture,15,1.4,Nov/09/2012 04:46:04
766879,BEST.PIC:BEASTS.SOUTHERN.WILD,Beasts of the Southern Wild?to win Academy Award for Best Picture,10,1.1,Nov/09/2012 04:56:52
766879,BEST.PIC:BEASTS.SOUTHERN.WILD,Beasts of the Southern Wild?to win Academy Award for Best Picture,5,1.2,Nov/09/2012 05:06:31
766879,BEST.PIC:BEASTS.SOUTHERN.WILD,Beasts of the Southern Wild?to win Academy Award for Best Picture,1,1.4,Nov/09/2012 06:29:41
766879,BEST.PIC:BEASTS.SOUTHERN.WILD,Beasts of the Southern Wild?to win Academy Award for Best Picture,1,1.4,Nov/09/2012 06:35:33
766879,BEST.PIC:BEASTS.SOUTHERN.WILD,Beasts of the Southern Wild?to win Academy Award for Best Picture,1,1.4,Nov/09/2012 06:41:45
766879,BEST.PIC:BEASTS.SOUTHERN.WILD,Beasts of the Southern Wild?to win Academy Award for Best Picture,8,1.4,Nov/09/2012 06:46:46
766879,BEST.PIC:BEASTS.SOUTHERN.WILD,Beasts of the Southern Wild?to win Academy Award for Best Picture,9,1.4,Nov/09/2012 06:55:28
766879,BEST.PIC:BEASTS.SOUTHERN.WILD,Beasts of the Southern Wild?to win Academy Award for Best Picture,1,1.4,Nov/09/2012 06:55:28
766879,BEST.PIC:BEASTS.SOUTHERN.WILD,Beasts of the Southern Wild?to win Academy Award for Best Picture,4,1.2,Nov/09/2012 07:03:56
766879,BEST.PIC:BEASTS.SOUTHERN.WILD,Beasts of the Southern Wild?to win Academy Award for Best Picture,10,1.2,Nov/09/2012 07:34:49
766879,BEST.PIC:BEASTS.SOUTHERN.WILD,Beasts of the Southern Wild?to win Academy Award for Best Picture,1,1.2,Nov/09/2012 10:03:03
766879,BEST.PIC:BEASTS.SOUTHERN.WILD,Beasts of the Southern Wild?to win Academy Award for Best Picture,5,1.2,Nov/09/2012 10:44:18
766879,BEST.PIC:BEASTS.SOUTHERN.WILD,Beasts of the Southern Wild?to win Academy Award for Best Picture,4,1.2,Nov/09/2012 10:44:53
766879,BEST.PIC:BEASTS.SOUTHERN.WILD,Beasts of the Southern Wild?to win Academy Award for Best Picture,1,1.2,Nov/09/2012 13:44:01
766879,BEST.PIC:BEASTS.SOUTHERN.WILD,Beasts of the Southern Wild?to win Academy Award for Best Picture,10,1.5,Nov/09/2012 14:59:03
766879,BEST.PIC:BEASTS.SOUTHERN.WILD,Beasts of the Southern Wild?to win Academy Award for Best Picture,10,1.2,Nov/09/2012 16:14:10
766879,BEST.PIC:BEASTS.SOUTHERN.WILD,Beasts of the Southern Wild?to win Academy Award for Best Picture,70,1.9,Nov/09/2012 16:47:20
766879,BEST.PIC:BEASTS.SOUTHERN.WILD,Beasts of the Southern Wild?to win Academy Award for Best Picture,30,1.5,Nov/09/2012 16:47:20
766879,BEST.PIC:BEASTS.SOUTHERN.WILD,Beasts of the Southern Wild?to win Academy Award for Best Picture,10,1.5,Nov/09/2012 17:02:11
766879,BEST.PIC:BEASTS.SOUTHERN.WILD,Beasts of the Southern Wild?to win Academy Award for Best Picture,11,1.2,Nov/09/2012 17:03:08
766879,BEST.PIC:BEASTS.SOUTHERN.WILD,Beasts of the Southern Wild?to win Academy Award for Best Picture,25,1.1,Nov/09/2012 17:08:59
766879,BEST.PIC:BEASTS.SOUTHERN.WILD,Beasts of the Southern Wild?to win Academy Award for Best Picture,4,1.2,Nov/09/2012 17:08:59
766879,BEST.PIC:BEASTS.SOUTHERN.WILD,Beasts of the Southern Wild?to win Academy Award for Best Picture,10,1.2,Nov/09/2012 17:08:59
766879,BEST.PIC:BEASTS.SOUTHERN.WILD,Beasts of the Southern Wild?to win Academy Award for Best Picture,10,1.1,Nov/09/2012 17:08:59
766879,BEST.PIC:BEASTS.SOUTHERN.WILD,Beasts of the Southern Wild?to win Academy Award for Best Picture,10,1.2,Nov/09/2012 17:08:59
766879,BEST.PIC:BEASTS.SOUTHERN.WILD,Beasts of the Southern Wild?to win Academy Award for Best Picture,5,1.1,Nov/09/2012 18:47:14
766879,BEST.PIC:BEASTS.SOUTHERN.WILD,Beasts of the Southern Wild?to win Academy Award for Best Picture,5,1.1,Nov/09/2012 18:47:14
766879,BEST.PIC:BEASTS.SOUTHERN.WILD,Beasts of the Southern Wild?to win Academy Award for Best Picture,5,1.1,Nov/09/2012 19:13:27
766879,BEST.PIC:BEASTS.SOUTHERN.WILD,Beasts of the Southern Wild?to win Academy Award for Best Picture,10,1.1,Nov/09/2012 19:20:34
766879,BEST.PIC:BEASTS.SOUTHERN.WILD,Beasts of the Southern Wild?to win Academy Award for Best Picture,10,1.2,Nov/09/2012 20:05:19
766879,BEST.PIC:BEASTS.SOUTHERN.WILD,Beasts of the Southern Wild?to win Academy Award for Best Picture,20,1.2,Nov/09/2012 20:05:19
766879,BEST.PIC:BEASTS.SOUTHERN.WILD,Beasts of the Southern Wild?to win Academy Award for Best Picture,20,1.1,Nov/09/2012 20:47:11
766879,BEST.PIC:BEASTS.SOUTHERN.WILD,Beasts of the Southern Wild?to win Academy Award for Best Picture,10,1.1,Nov/09/2012 20:47:11
766879,BEST.PIC:BEASTS.SOUTHERN.WILD,Beasts of the Southern Wild?to win Academy Award for Best Picture,10,1.2,Nov/09/2012 20:47:11
766879,BEST.PIC:BEASTS.SOUTHERN.WILD,Beasts of the Southern Wild?to win Academy Award for Best Picture,1,1.1,Nov/09/2012 21:07:21
766879,BEST.PIC:BEASTS.SOUTHERN.WILD,Beasts of the Southern Wild?to win Academy Award for Best Picture,9,1.1,Nov/09/2012 21:07:32
766879,BEST.PIC:BEASTS.SOUTHERN.WILD,Beasts of the Southern Wild?to win Academy Award for Best Picture,10,1.1,Nov/09/2012 21:28:51
766879,BEST.PIC:BEASTS.SOUTHERN.WILD,Beasts of the Southern Wild?to win Academy Award for Best Picture,10,1.1,Nov/09/2012 21:32:14
766879,BEST.PIC:BEASTS.SOUTHERN.WILD,Beasts of the Southern Wild?to win Academy Award for Best Picture,5,1.1,Nov/09/2012 21:35:26
766879,BEST.PIC:BEASTS.SOUTHERN.WILD,Beasts of the Southern Wild?to win Academy Award for Best Picture,10,1.1,Nov/09/2012 21:37:15
766879,BEST.PIC:BEASTS.SOUTHERN.WILD,Beasts of the Southern Wild?to win Academy Award for Best Picture,20,1.1,Nov/09/2012 21:40:48
766879,BEST.PIC:BEASTS.SOUTHERN.WILD,Beasts of the Southern Wild?to win Academy Award for Best Picture,30,1.1,Nov/09/2012 21:51:14
766879,BEST.PIC:BEASTS.SOUTHERN.WILD,Beasts of the Southern Wild?to win Academy Award for Best Picture,5,1.2,Nov/09/2012 21:52:04
766879,BEST.PIC:BEASTS.SOUTHERN.WILD,Beasts of the Southern Wild?to win Academy Award for Best Picture,20,1.2,Nov/09/2012 21:54:40
766879,BEST.PIC:BEASTS.SOUTHERN.WILD,Beasts of the Southern Wild?to win Academy Award for Best Picture,20,1.2,Nov/09/2012 21:58:02
766879,BEST.PIC:BEASTS.SOUTHERN.WILD,Beasts of the Southern Wild?to win Academy Award for Best Picture,5,1.2,Nov/09/2012 21:59:09
766879,BEST.PIC:BEASTS.SOUTHERN.WILD,Beasts of the Southern Wild?to win Academy Award for Best Picture,30,1.3,Nov/09/2012 22:31:37
766879,BEST.PIC:BEASTS.SOUTHERN.WILD,Beasts of the Southern Wild?to win Academy Award for Best Picture,20,1.3,Nov/09/2012 22:31:37
766879,BEST.PIC:BEASTS.SOUTHERN.WILD,Beasts of the Southern Wild?to win Academy Award for Best Picture,20,1.3,Nov/09/2012 22:31:37
766879,BEST.PIC:BEASTS.SOUTHERN.WILD,Beasts of the Southern Wild?to win Academy Award for Best Picture,10,1.4,Nov/09/2012 22:53:09
766879,BEST.PIC:BEASTS.SOUTHERN.WILD,Beasts of the Southern Wild?to win Academy Award for Best Picture,20,1.4,Nov/09/2012 22:53:09
766879,BEST.PIC:BEASTS.SOUTHERN.WILD,Beasts of the Southern Wild?to win Academy Award for Best Picture,10,1.5,Nov/09/2012 22:54:50
766879,BEST.PIC:BEASTS.SOUTHERN.WILD,Beasts of the Southern Wild?to win Academy Award for Best Picture,250,1.2,Nov/09/2012 23:59:14
766879,BEST.PIC:BEASTS.SOUTHERN.WILD,Beasts of the Southern Wild?to win Academy Award for Best Picture,100,1.3,Nov/09/2012 23:59:14
766879,BEST.PIC:BEASTS.SOUTHERN.WILD,Beasts of the Southern Wild?to win Academy Award for Best Picture,300,1.4,Nov/09/2012 23:59:14
766879,BEST.PIC:BEASTS.SOUTHERN.WILD,Beasts of the Southern Wild?to win Academy Award for Best Picture,42,1.0,Nov/10/2012 00:39:54
766879,BEST.PIC:BEASTS.SOUTHERN.WILD,Beasts of the Southern Wild?to win Academy Award for Best Picture,7,1.0,Nov/10/2012 00:40:17
766879,BEST.PIC:BEASTS.SOUTHERN.WILD,Beasts of the Southern Wild?to win Academy Award for Best Picture,11,1.0,Nov/10/2012 00:41:23
766879,BEST.PIC:BEASTS.SOUTHERN.WILD,Beasts of the Southern Wild?to win Academy Award for Best Picture,50,1.0,Nov/10/2012 00:41:23
766879,BEST.PIC:BEASTS.SOUTHERN.WILD,Beasts of the Southern Wild?to win Academy Award for Best Picture,22,1.0,Nov/10/2012 00:41:23
766879,BEST.PIC:BEASTS.SOUTHERN.WILD,Beasts of the Southern Wild?to win Academy Award for Best Picture,28,1.0,Nov/10/2012 00:42:49
766879,BEST.PIC:BEASTS.SOUTHERN.WILD,Beasts of the Southern Wild?to win Academy Award for Best Picture,10,1.0,Nov/10/2012 00:42:49
766879,BEST.PIC:BEASTS.SOUTHERN.WILD,Beasts of the Southern Wild?to win Academy Award for Best Picture,1,1.0,Nov/10/2012 00:55:19
766879,BEST.PIC:BEASTS.SOUTHERN.WILD,Beasts of the Southern Wild?to win Academy Award for Best Picture,9,1.0,Nov/10/2012 00:55:28
766879,BEST.PIC:BEASTS.SOUTHERN.WILD,Beasts of the Southern Wild?to win Academy Award for Best Picture,1,1.3,Nov/10/2012 00:56:15
766879,BEST.PIC:BEASTS.SOUTHERN.WILD,Beasts of the Southern Wild?to win Academy Award for Best Picture,10,1.0,Nov/10/2012 00:56:56
766879,BEST.PIC:BEASTS.SOUTHERN.WILD,Beasts of the Southern Wild?to win Academy Award for Best Picture,10,1.3,Nov/10/2012 00:57:16
766879,BEST.PIC:BEASTS.SOUTHERN.WILD,Beasts of the Southern Wild?to win Academy Award for Best Picture,10,1.2,Nov/10/2012 00:57:16
766879,BEST.PIC:BEASTS.SOUTHERN.WILD,Beasts of the Southern Wild?to win Academy Award for Best Picture,140,1.2,Nov/10/2012 00:57:35
766879,BEST.PIC:BEASTS.SOUTHERN.WILD,Beasts of the Southern Wild?to win Academy Award for Best Picture,10,1.0,Nov/10/2012 00:58:03
766879,BEST.PIC:BEASTS.SOUTHERN.WILD,Beasts of the Southern Wild?to win Academy Award for Best Picture,10,1.4,Nov/10/2012 00:58:17
766879,BEST.PIC:BEASTS.SOUTHERN.WILD,Beasts of the Southern Wild?to win Academy Award for Best Picture,1,1.0,Nov/10/2012 00:58:21
766879,BEST.PIC:BEASTS.SOUTHERN.WILD,Beasts of the Southern Wild?to win Academy Award for Best Picture,9,1.0,Nov/10/2012 01:00:35
766879,BEST.PIC:BEASTS.SOUTHERN.WILD,Beasts of the Southern Wild?to win Academy Award for Best Picture,40,1.0,Nov/10/2012 01:00:35
766879,BEST.PIC:BEASTS.SOUTHERN.WILD,Beasts of the Southern Wild?to win Academy Award for Best Picture,101,1.0,Nov/10/2012 01:01:04
766879,BEST.PIC:BEASTS.SOUTHERN.WILD,Beasts of the Southern Wild?to win Academy Award for Best Picture,40,1.0,Nov/10/2012 01:06:12
766879,BEST.PIC:BEASTS.SOUTHERN.WILD,Beasts of the Southern Wild?to win Academy Award for Best Picture,1,1.0,Nov/10/2012 01:31:07
766879,BEST.PIC:BEASTS.SOUTHERN.WILD,Beasts of the Southern Wild?to win Academy Award for Best Picture,9,1.0,Nov/10/2012 01:44:34
766879,BEST.PIC:BEASTS.SOUTHERN.WILD,Beasts of the Southern Wild?to win Academy Award for Best Picture,60,1.0,Nov/10/2012 01:46:38
766879,BEST.PIC:BEASTS.SOUTHERN.WILD,Beasts of the Southern Wild?to win Academy Award for Best Picture,40,1.0,Nov/10/2012 02:13:56
766879,BEST.PIC:BEASTS.SOUTHERN.WILD,Beasts of the Southern Wild?to win Academy Award for Best Picture,40,1.0,Nov/10/2012 02:24:19
766879,BEST.PIC:BEASTS.SOUTHERN.WILD,Beasts of the Southern Wild?to win Academy Award for Best Picture,10,1.0,Nov/10/2012 02:39:54
766879,BEST.PIC:BEASTS.SOUTHERN.WILD,Beasts of the Southern Wild?to win Academy Award for Best Picture,10,1.0,Nov/10/2012 02:46:13
766879,BEST.PIC:BEASTS.SOUTHERN.WILD,Beasts of the Southern Wild?to win Academy Award for Best Picture,1,1.0,Nov/10/2012 02:53:25
766879,BEST.PIC:BEASTS.SOUTHERN.WILD,Beasts of the Southern Wild?to win Academy Award for Best Picture,10,1.0,Nov/10/2012 03:22:08
766879,BEST.PIC:BEASTS.SOUTHERN.WILD,Beasts of the Southern Wild?to win Academy Award for Best Picture,1,1.0,Nov/10/2012 03:34:57
766879,BEST.PIC:BEASTS.SOUTHERN.WILD,Beasts of the Southern Wild?to win Academy Award for Best Picture,9,1.0,Nov/10/2012 03:36:42
766879,BEST.PIC:BEASTS.SOUTHERN.WILD,Beasts of the Southern Wild?to win Academy Award for Best Picture,3,1.0,Nov/10/2012 03:41:31
766879,BEST.PIC:BEASTS.SOUTHERN.WILD,Beasts of the Southern Wild?to win Academy Award for Best Picture,4,1.0,Nov/10/2012 03:45:07
766879,BEST.PIC:BEASTS.SOUTHERN.WILD,Beasts of the Southern Wild?to win Academy Award for Best Picture,2,1.0,Nov/10/2012 03:51:52
766879,BEST.PIC:BEASTS.SOUTHERN.WILD,Beasts of the Southern Wild?to win Academy Award for Best Picture,40,1.1,Nov/10/2012 03:56:12
766879,BEST.PIC:BEASTS.SOUTHERN.WILD,Beasts of the Southern Wild?to win Academy Award for Best Picture,1,1.1,Nov/10/2012 04:33:47
766879,BEST.PIC:BEASTS.SOUTHERN.WILD,Beasts of the Southern Wild?to win Academy Award for Best Picture,50,1.0,Nov/10/2012 05:24:05
766879,BEST.PIC:BEASTS.SOUTHERN.WILD,Beasts of the Southern Wild?to win Academy Award for Best Picture,2,1.0,Nov/10/2012 05:24:05
766879,BEST.PIC:BEASTS.SOUTHERN.WILD,Beasts of the Southern Wild?to win Academy Award for Best Picture,9,1.1,Nov/10/2012 05:24:05
766879,BEST.PIC:BEASTS.SOUTHERN.WILD,Beasts of the Southern Wild?to win Academy Award for Best Picture,1,0.9,Nov/10/2012 06:38:49
766879,BEST.PIC:BEASTS.SOUTHERN.WILD,Beasts of the Southern Wild?to win Academy Award for Best Picture,10,0.9,Nov/10/2012 06:38:49
766879,BEST.PIC:BEASTS.SOUTHERN.WILD,Beasts of the Southern Wild?to win Academy Award for Best Picture,80,0.9,Nov/10/2012 07:41:32
766879,BEST.PIC:BEASTS.SOUTHERN.WILD,Beasts of the Southern Wild?to win Academy Award for Best Picture,9,0.9,Nov/10/2012 11:54:26
766879,BEST.PIC:BEASTS.SOUTHERN.WILD,Beasts of the Southern Wild?to win Academy Award for Best Picture,1,0.9,Nov/10/2012 12:46:40
766879,BEST.PIC:BEASTS.SOUTHERN.WILD,Beasts of the Southern Wild?to win Academy Award for Best Picture,4,0.9,Nov/10/2012 13:07:13
766879,BEST.PIC:BEASTS.SOUTHERN.WILD,Beasts of the Southern Wild?to win Academy Award for Best Picture,6,0.9,Nov/10/2012 13:08:12
766879,BEST.PIC:BEASTS.SOUTHERN.WILD,Beasts of the Southern Wild?to win Academy Award for Best Picture,45,0.9,Nov/10/2012 13:30:09
766879,BEST.PIC:BEASTS.SOUTHERN.WILD,Beasts of the Southern Wild?to win Academy Award for Best Picture,35,0.9,Nov/10/2012 13:30:49
766879,BEST.PIC:BEASTS.SOUTHERN.WILD,Beasts of the Southern Wild?to win Academy Award for Best Picture,10,0.9,Nov/10/2012 14:06:42
766879,BEST.PIC:BEASTS.SOUTHERN.WILD,Beasts of the Southern Wild?to win Academy Award for Best Picture,10,1.0,Nov/10/2012 14:41:47
766879,BEST.PIC:BEASTS.SOUTHERN.WILD,Beasts of the Southern Wild?to win Academy Award for Best Picture,30,1.0,Nov/10/2012 14:50:38
766879,BEST.PIC:BEASTS.SOUTHERN.WILD,Beasts of the Southern Wild?to win Academy Award for Best Picture,1,1.0,Nov/10/2012 16:08:22
766879,BEST.PIC:BEASTS.SOUTHERN.WILD,Beasts of the Southern Wild?to win Academy Award for Best Picture,10,1.0,Nov/10/2012 16:08:22
766879,BEST.PIC:BEASTS.SOUTHERN.WILD,Beasts of the Southern Wild?to win Academy Award for Best Picture,1,0.9,Nov/10/2012 16:15:57
766879,BEST.PIC:BEASTS.SOUTHERN.WILD,Beasts of the Southern Wild?to win Academy Award for Best Picture,1,1.0,Nov/10/2012 16:51:13
766879,BEST.PIC:BEASTS.SOUTHERN.WILD,Beasts of the Southern Wild?to win Academy Award for Best Picture,58,1.0,Nov/10/2012 17:02:03
766879,BEST.PIC:BEASTS.SOUTHERN.WILD,Beasts of the Southern Wild?to win Academy Award for Best Picture,30,1.0,Nov/10/2012 17:02:03
766879,BEST.PIC:BEASTS.SOUTHERN.WILD,Beasts of the Southern Wild?to win Academy Award for Best Picture,5,0.9,Nov/10/2012 18:03:34
766879,BEST.PIC:BEASTS.SOUTHERN.WILD,Beasts of the Southern Wild?to win Academy Award for Best Picture,1,0.9,Nov/10/2012 18:50:36
766879,BEST.PIC:BEASTS.SOUTHERN.WILD,Beasts of the Southern Wild?to win Academy Award for Best Picture,2,0.9,Nov/10/2012 18:54:29
766879,BEST.PIC:BEASTS.SOUTHERN.WILD,Beasts of the Southern Wild?to win Academy Award for Best Picture,1,0.9,Nov/10/2012 18:58:27
766879,BEST.PIC:BEASTS.SOUTHERN.WILD,Beasts of the Southern Wild?to win Academy Award for Best Picture,10,0.9,Nov/10/2012 20:05:17
766879,BEST.PIC:BEASTS.SOUTHERN.WILD,Beasts of the Southern Wild?to win Academy Award for Best Picture,1,0.9,Nov/10/2012 20:06:11
766879,BEST.PIC:BEASTS.SOUTHERN.WILD,Beasts of the Southern Wild?to win Academy Award for Best Picture,20,0.9,Nov/10/2012 20:32:54
766879,BEST.PIC:BEASTS.SOUTHERN.WILD,Beasts of the Southern Wild?to win Academy Award for Best Picture,1,0.9,Nov/10/2012 20:55:09
766879,BEST.PIC:BEASTS.SOUTHERN.WILD,Beasts of the Southern Wild?to win Academy Award for Best Picture,110,0.9,Nov/10/2012 21:14:23
766879,BEST.PIC:BEASTS.SOUTHERN.WILD,Beasts of the Southern Wild?to win Academy Award for Best Picture,1,0.9,Nov/10/2012 21:38:00
766879,BEST.PIC:BEASTS.SOUTHERN.WILD,Beasts of the Southern Wild?to win Academy Award for Best Picture,1,0.9,Nov/10/2012 21:47:19
766879,BEST.PIC:BEASTS.SOUTHERN.WILD,Beasts of the Southern Wild?to win Academy Award for Best Picture,7,0.9,Nov/10/2012 22:07:25
766879,BEST.PIC:BEASTS.SOUTHERN.WILD,Beasts of the Southern Wild?to win Academy Award for Best Picture,20,1.0,Nov/10/2012 22:26:16
766879,BEST.PIC:BEASTS.SOUTHERN.WILD,Beasts of the Southern Wild?to win Academy Award for Best Picture,1,0.9,Nov/11/2012 00:51:10
766879,BEST.PIC:BEASTS.SOUTHERN.WILD,Beasts of the Southern Wild?to win Academy Award for Best Picture,25,0.9,Nov/11/2012 01:00:07
766879,BEST.PIC:BEASTS.SOUTHERN.WILD,Beasts of the Southern Wild?to win Academy Award for Best Picture,32,0.9,Nov/11/2012 01:20:25
766879,BEST.PIC:BEASTS.SOUTHERN.WILD,Beasts of the Southern Wild?to win Academy Award for Best Picture,45,0.9,Nov/11/2012 01:27:37
766879,BEST.PIC:BEASTS.SOUTHERN.WILD,Beasts of the Southern Wild?to win Academy Award for Best Picture,20,1.0,Nov/11/2012 01:48:31
766879,BEST.PIC:BEASTS.SOUTHERN.WILD,Beasts of the Southern Wild?to win Academy Award for Best Picture,10,0.9,Nov/11/2012 06:28:43
766879,BEST.PIC:BEASTS.SOUTHERN.WILD,Beasts of the Southern Wild?to win Academy Award for Best Picture,9,0.9,Nov/11/2012 07:18:34
766879,BEST.PIC:BEASTS.SOUTHERN.WILD,Beasts of the Southern Wild?to win Academy Award for Best Picture,11,0.9,Nov/11/2012 07:20:00
766879,BEST.PIC:BEASTS.SOUTHERN.WILD,Beasts of the Southern Wild?to win Academy Award for Best Picture,100,0.9,Nov/11/2012 07:38:10
766879,BEST.PIC:BEASTS.SOUTHERN.WILD,Beasts of the Southern Wild?to win Academy Award for Best Picture,30,0.9,Nov/11/2012 07:40:29
766879,BEST.PIC:BEASTS.SOUTHERN.WILD,Beasts of the Southern Wild?to win Academy Award for Best Picture,24,0.9,Nov/11/2012 07:47:43
766879,BEST.PIC:BEASTS.SOUTHERN.WILD,Beasts of the Southern Wild?to win Academy Award for Best Picture,6,0.9,Nov/11/2012 08:36:53
766879,BEST.PIC:BEASTS.SOUTHERN.WILD,Beasts of the Southern Wild?to win Academy Award for Best Picture,10,0.9,Nov/11/2012 10:36:42
766879,BEST.PIC:BEASTS.SOUTHERN.WILD,Beasts of the Southern Wild?to win Academy Award for Best Picture,1,0.9,Nov/11/2012 12:26:29
766879,BEST.PIC:BEASTS.SOUTHERN.WILD,Beasts of the Southern Wild?to win Academy Award for Best Picture,1,0.9,Nov/11/2012 12:26:33
766879,BEST.PIC:BEASTS.SOUTHERN.WILD,Beasts of the Southern Wild?to win Academy Award for Best Picture,1,0.9,Nov/11/2012 12:26:35
766879,BEST.PIC:BEASTS.SOUTHERN.WILD,Beasts of the Southern Wild?to win Academy Award for Best Picture,1,0.9,Nov/11/2012 12:26:37
766879,BEST.PIC:BEASTS.SOUTHERN.WILD,Beasts of the Southern Wild?to win Academy Award for Best Picture,1,0.9,Nov/11/2012 12:26:39
766879,BEST.PIC:BEASTS.SOUTHERN.WILD,Beasts of the Southern Wild?to win Academy Award for Best Picture,1,0.9,Nov/11/2012 12:33:39
766879,BEST.PIC:BEASTS.SOUTHERN.WILD,Beasts of the Southern Wild?to win Academy Award for Best Picture,1,0.9,Nov/11/2012 12:33:43
766879,BEST.PIC:BEASTS.SOUTHERN.WILD,Beasts of the Southern Wild?to win Academy Award for Best Picture,1,0.9,Nov/11/2012 12:33:45
766879,BEST.PIC:BEASTS.SOUTHERN.WILD,Beasts of the Southern Wild?to win Academy Award for Best Picture,1,0.9,Nov/11/2012 12:33:47
766879,BEST.PIC:BEASTS.SOUTHERN.WILD,Beasts of the Southern Wild?to win Academy Award for Best Picture,1,0.9,Nov/11/2012 12:33:48
766879,BEST.PIC:BEASTS.SOUTHERN.WILD,Beasts of the Southern Wild?to win Academy Award for Best Picture,1,0.9,Nov/11/2012 12:33:49
766879,BEST.PIC:BEASTS.SOUTHERN.WILD,Beasts of the Southern Wild?to win Academy Award for Best Picture,1,0.9,Nov/11/2012 13:34:48
766879,BEST.PIC:BEASTS.SOUTHERN.WILD,Beasts of the Southern Wild?to win Academy Award for Best Picture,1,0.9,Nov/11/2012 14:34:33
766879,BEST.PIC:BEASTS.SOUTHERN.WILD,Beasts of the Southern Wild?to win Academy Award for Best Picture,1,0.9,Nov/11/2012 14:34:36
766879,BEST.PIC:BEASTS.SOUTHERN.WILD,Beasts of the Southern Wild?to win Academy Award for Best Picture,1,0.9,Nov/11/2012 14:34:38
766879,BEST.PIC:BEASTS.SOUTHERN.WILD,Beasts of the Southern Wild?to win Academy Award for Best Picture,1,0.9,Nov/11/2012 14:34:40
766879,BEST.PIC:BEASTS.SOUTHERN.WILD,Beasts of the Southern Wild?to win Academy Award for Best Picture,1,0.9,Nov/11/2012 14:34:42
766879,BEST.PIC:BEASTS.SOUTHERN.WILD,Beasts of the Southern Wild?to win Academy Award for Best Picture,1,0.9,Nov/11/2012 14:34:43
766879,BEST.PIC:BEASTS.SOUTHERN.WILD,Beasts of the Southern Wild?to win Academy Award for Best Picture,1,0.9,Nov/11/2012 14:34:44
766879,BEST.PIC:BEASTS.SOUTHERN.WILD,Beasts of the Southern Wild?to win Academy Award for Best Picture,40,1.0,Nov/11/2012 19:20:54
766879,BEST.PIC:BEASTS.SOUTHERN.WILD,Beasts of the Southern Wild?to win Academy Award for Best Picture,100,1.0,Nov/11/2012 19:20:54
766879,BEST.PIC:BEASTS.SOUTHERN.WILD,Beasts of the Southern Wild?to win Academy Award for Best Picture,80,1.0,Nov/11/2012 19:45:27
766879,BEST.PIC:BEASTS.SOUTHERN.WILD,Beasts of the Southern Wild?to win Academy Award for Best Picture,40,1.0,Nov/11/2012 20:00:53
766879,BEST.PIC:BEASTS.SOUTHERN.WILD,Beasts of the Southern Wild?to win Academy Award for Best Picture,90,1.0,Nov/11/2012 20:12:18
766879,BEST.PIC:BEASTS.SOUTHERN.WILD,Beasts of the Southern Wild?to win Academy Award for Best Picture,10,0.9,Nov/11/2012 20:16:22
766879,BEST.PIC:BEASTS.SOUTHERN.WILD,Beasts of the Southern Wild?to win Academy Award for Best Picture,90,1.0,Nov/11/2012 20:23:58
766879,BEST.PIC:BEASTS.SOUTHERN.WILD,Beasts of the Southern Wild?to win Academy Award for Best Picture,10,0.9,Nov/11/2012 20:39:15
766879,BEST.PIC:BEASTS.SOUTHERN.WILD,Beasts of the Southern Wild?to win Academy Award for Best Picture,90,1.0,Nov/11/2012 20:41:37
766879,BEST.PIC:BEASTS.SOUTHERN.WILD,Beasts of the Southern Wild?to win Academy Award for Best Picture,70,1.0,Nov/11/2012 20:53:39
766879,BEST.PIC:BEASTS.SOUTHERN.WILD,Beasts of the Southern Wild?to win Academy Award for Best Picture,90,1.0,Nov/11/2012 20:54:52
766879,BEST.PIC:BEASTS.SOUTHERN.WILD,Beasts of the Southern Wild?to win Academy Award for Best Picture,90,1.0,Nov/11/2012 20:56:18
766879,BEST.PIC:BEASTS.SOUTHERN.WILD,Beasts of the Southern Wild?to win Academy Award for Best Picture,20,1.0,Nov/11/2012 21:25:15
766879,BEST.PIC:BEASTS.SOUTHERN.WILD,Beasts of the Southern Wild?to win Academy Award for Best Picture,60,1.1,Nov/11/2012 22:00:56
766879,BEST.PIC:BEASTS.SOUTHERN.WILD,Beasts of the Southern Wild?to win Academy Award for Best Picture,90,1.1,Nov/12/2012 00:31:23
766879,BEST.PIC:BEASTS.SOUTHERN.WILD,Beasts of the Southern Wild?to win Academy Award for Best Picture,90,1.1,Nov/12/2012 00:51:11
766879,BEST.PIC:BEASTS.SOUTHERN.WILD,Beasts of the Southern Wild?to win Academy Award for Best Picture,2,1.0,Nov/12/2012 04:06:20
766879,BEST.PIC:BEASTS.SOUTHERN.WILD,Beasts of the Southern Wild?to win Academy Award for Best Picture,10,1.0,Nov/12/2012 04:49:59
766879,BEST.PIC:BEASTS.SOUTHERN.WILD,Beasts of the Southern Wild?to win Academy Award for Best Picture,11,1.0,Nov/12/2012 04:51:46
766879,BEST.PIC:BEASTS.SOUTHERN.WILD,Beasts of the Southern Wild?to win Academy Award for Best Picture,90,1.1,Nov/12/2012 05:54:58
766879,BEST.PIC:BEASTS.SOUTHERN.WILD,Beasts of the Southern Wild?to win Academy Award for Best Picture,20,1.0,Nov/12/2012 16:03:25
766879,BEST.PIC:BEASTS.SOUTHERN.WILD,Beasts of the Southern Wild?to win Academy Award for Best Picture,10,1.0,Nov/12/2012 16:05:28
766879,BEST.PIC:BEASTS.SOUTHERN.WILD,Beasts of the Southern Wild?to win Academy Award for Best Picture,50,1.1,Nov/12/2012 17:21:14
766879,BEST.PIC:BEASTS.SOUTHERN.WILD,Beasts of the Southern Wild?to win Academy Award for Best Picture,40,1.1,Nov/12/2012 17:22:42
766879,BEST.PIC:BEASTS.SOUTHERN.WILD,Beasts of the Southern Wild?to win Academy Award for Best Picture,40,1.1,Nov/12/2012 20:37:28
766879,BEST.PIC:BEASTS.SOUTHERN.WILD,Beasts of the Southern Wild?to win Academy Award for Best Picture,1,1.0,Nov/12/2012 21:35:36
766879,BEST.PIC:BEASTS.SOUTHERN.WILD,Beasts of the Southern Wild?to win Academy Award for Best Picture,1,1.0,Nov/12/2012 21:41:30
766879,BEST.PIC:BEASTS.SOUTHERN.WILD,Beasts of the Southern Wild?to win Academy Award for Best Picture,1,1.0,Nov/12/2012 22:22:32
766879,BEST.PIC:BEASTS.SOUTHERN.WILD,Beasts of the Southern Wild?to win Academy Award for Best Picture,20,1.0,Nov/12/2012 22:57:29
766879,BEST.PIC:BEASTS.SOUTHERN.WILD,Beasts of the Southern Wild?to win Academy Award for Best Picture,10,1.0,Nov/12/2012 23:42:46
766879,BEST.PIC:BEASTS.SOUTHERN.WILD,Beasts of the Southern Wild?to win Academy Award for Best Picture,10,1.0,Nov/12/2012 23:56:00
766879,BEST.PIC:BEASTS.SOUTHERN.WILD,Beasts of the Southern Wild?to win Academy Award for Best Picture,80,1.1,Nov/13/2012 00:41:25
766879,BEST.PIC:BEASTS.SOUTHERN.WILD,Beasts of the Southern Wild?to win Academy Award for Best Picture,90,1.4,Nov/13/2012 00:41:44
766879,BEST.PIC:BEASTS.SOUTHERN.WILD,Beasts of the Southern Wild?to win Academy Award for Best Picture,2,1.0,Nov/13/2012 00:44:06
766879,BEST.PIC:BEASTS.SOUTHERN.WILD,Beasts of the Southern Wild?to win Academy Award for Best Picture,70,1.1,Nov/13/2012 01:03:34
766879,BEST.PIC:BEASTS.SOUTHERN.WILD,Beasts of the Southern Wild?to win Academy Award for Best Picture,10,1.1,Nov/13/2012 01:31:24
766879,BEST.PIC:BEASTS.SOUTHERN.WILD,Beasts of the Southern Wild?to win Academy Award for Best Picture,5,1.0,Nov/13/2012 01:49:09
766879,BEST.PIC:BEASTS.SOUTHERN.WILD,Beasts of the Southern Wild?to win Academy Award for Best Picture,30,1.1,Nov/13/2012 01:49:21
766879,BEST.PIC:BEASTS.SOUTHERN.WILD,Beasts of the Southern Wild?to win Academy Award for Best Picture,30,1.1,Nov/13/2012 02:14:39
766879,BEST.PIC:BEASTS.SOUTHERN.WILD,Beasts of the Southern Wild?to win Academy Award for Best Picture,5,1.0,Nov/13/2012 03:30:24
766879,BEST.PIC:BEASTS.SOUTHERN.WILD,Beasts of the Southern Wild?to win Academy Award for Best Picture,1,1.0,Nov/13/2012 10:49:32
766879,BEST.PIC:BEASTS.SOUTHERN.WILD,Beasts of the Southern Wild?to win Academy Award for Best Picture,3,1.0,Nov/13/2012 10:54:13
766879,BEST.PIC:BEASTS.SOUTHERN.WILD,Beasts of the Southern Wild?to win Academy Award for Best Picture,1,1.0,Nov/13/2012 10:59:11
766879,BEST.PIC:BEASTS.SOUTHERN.WILD,Beasts of the Southern Wild?to win Academy Award for Best Picture,5,1.0,Nov/13/2012 11:12:29
766879,BEST.PIC:BEASTS.SOUTHERN.WILD,Beasts of the Southern Wild?to win Academy Award for Best Picture,5,1.0,Nov/13/2012 11:42:13
766879,BEST.PIC:BEASTS.SOUTHERN.WILD,Beasts of the Southern Wild?to win Academy Award for Best Picture,1,1.0,Nov/13/2012 12:00:42
766879,BEST.PIC:BEASTS.SOUTHERN.WILD,Beasts of the Southern Wild?to win Academy Award for Best Picture,1,1.0,Nov/13/2012 12:01:02
766879,BEST.PIC:BEASTS.SOUTHERN.WILD,Beasts of the Southern Wild?to win Academy Award for Best Picture,1,1.0,Nov/13/2012 12:21:41
766879,BEST.PIC:BEASTS.SOUTHERN.WILD,Beasts of the Southern Wild?to win Academy Award for Best Picture,10,1.0,Nov/13/2012 12:53:04
766879,BEST.PIC:BEASTS.SOUTHERN.WILD,Beasts of the Southern Wild?to win Academy Award for Best Picture,10,1.0,Nov/13/2012 14:44:01
766879,BEST.PIC:BEASTS.SOUTHERN.WILD,Beasts of the Southern Wild?to win Academy Award for Best Picture,3,1.1,Nov/13/2012 14:58:25
766879,BEST.PIC:BEASTS.SOUTHERN.WILD,Beasts of the Southern Wild?to win Academy Award for Best Picture,50,1.1,Nov/13/2012 15:45:09
766879,BEST.PIC:BEASTS.SOUTHERN.WILD,Beasts of the Southern Wild?to win Academy Award for Best Picture,37,1.1,Nov/13/2012 15:55:27
766879,BEST.PIC:BEASTS.SOUTHERN.WILD,Beasts of the Southern Wild?to win Academy Award for Best Picture,13,1.1,Nov/13/2012 15:55:27
766879,BEST.PIC:BEASTS.SOUTHERN.WILD,Beasts of the Southern Wild?to win Academy Award for Best Picture,17,1.1,Nov/13/2012 15:57:30
766879,BEST.PIC:BEASTS.SOUTHERN.WILD,Beasts of the Southern Wild?to win Academy Award for Best Picture,90,1.1,Nov/13/2012 16:05:46
766879,BEST.PIC:BEASTS.SOUTHERN.WILD,Beasts of the Southern Wild?to win Academy Award for Best Picture,10,1.1,Nov/13/2012 16:07:51
766879,BEST.PIC:BEASTS.SOUTHERN.WILD,Beasts of the Southern Wild?to win Academy Award for Best Picture,34,1.0,Nov/13/2012 16:34:10
766879,BEST.PIC:BEASTS.SOUTHERN.WILD,Beasts of the Southern Wild?to win Academy Award for Best Picture,1,1.0,Nov/13/2012 16:34:10
766879,BEST.PIC:BEASTS.SOUTHERN.WILD,Beasts of the Southern Wild?to win Academy Award for Best Picture,10,1.0,Nov/13/2012 16:34:10
766879,BEST.PIC:BEASTS.SOUTHERN.WILD,Beasts of the Southern Wild?to win Academy Award for Best Picture,55,1.0,Nov/13/2012 16:34:10
766879,BEST.PIC:BEASTS.SOUTHERN.WILD,Beasts of the Southern Wild?to win Academy Award for Best Picture,1,1.0,Nov/13/2012 16:35:37
766879,BEST.PIC:BEASTS.SOUTHERN.WILD,Beasts of the Southern Wild?to win Academy Award for Best Picture,1,1.0,Nov/13/2012 16:36:17
766879,BEST.PIC:BEASTS.SOUTHERN.WILD,Beasts of the Southern Wild?to win Academy Award for Best Picture,80,1.1,Nov/13/2012 21:29:44
766879,BEST.PIC:BEASTS.SOUTHERN.WILD,Beasts of the Southern Wild?to win Academy Award for Best Picture,10,1.0,Nov/13/2012 22:57:08
766879,BEST.PIC:BEASTS.SOUTHERN.WILD,Beasts of the Southern Wild?to win Academy Award for Best Picture,200,1.0,Nov/14/2012 00:53:47
766879,BEST.PIC:BEASTS.SOUTHERN.WILD,Beasts of the Southern Wild?to win Academy Award for Best Picture,1,1.1,Nov/14/2012 01:42:22
766879,BEST.PIC:BEASTS.SOUTHERN.WILD,Beasts of the Southern Wild?to win Academy Award for Best Picture,49,1.1,Nov/14/2012 01:42:22
766879,BEST.PIC:BEASTS.SOUTHERN.WILD,Beasts of the Southern Wild?to win Academy Award for Best Picture,100,1.0,Nov/14/2012 01:47:20
766879,BEST.PIC:BEASTS.SOUTHERN.WILD,Beasts of the Southern Wild?to win Academy Award for Best Picture,10,1.0,Nov/14/2012 04:32:34
766879,BEST.PIC:BEASTS.SOUTHERN.WILD,Beasts of the Southern Wild?to win Academy Award for Best Picture,3,1.0,Nov/14/2012 04:34:46
766879,BEST.PIC:BEASTS.SOUTHERN.WILD,Beasts of the Southern Wild?to win Academy Award for Best Picture,2,1.0,Nov/14/2012 04:34:56
766879,BEST.PIC:BEASTS.SOUTHERN.WILD,Beasts of the Southern Wild?to win Academy Award for Best Picture,3,1.0,Nov/14/2012 04:36:47
766879,BEST.PIC:BEASTS.SOUTHERN.WILD,Beasts of the Southern Wild?to win Academy Award for Best Picture,2,1.0,Nov/14/2012 04:37:40
766879,BEST.PIC:BEASTS.SOUTHERN.WILD,Beasts of the Southern Wild?to win Academy Award for Best Picture,5,1.0,Nov/14/2012 05:00:46
766879,BEST.PIC:BEASTS.SOUTHERN.WILD,Beasts of the Southern Wild?to win Academy Award for Best Picture,21,1.1,Nov/14/2012 05:00:57
766879,BEST.PIC:BEASTS.SOUTHERN.WILD,Beasts of the Southern Wild?to win Academy Award for Best Picture,70,1.1,Nov/14/2012 05:00:57
766879,BEST.PIC:BEASTS.SOUTHERN.WILD,Beasts of the Southern Wild?to win Academy Award for Best Picture,5,1.0,Nov/14/2012 05:15:55
766879,BEST.PIC:BEASTS.SOUTHERN.WILD,Beasts of the Southern Wild?to win Academy Award for Best Picture,4,1.0,Nov/14/2012 05:19:45
766879,BEST.PIC:BEASTS.SOUTHERN.WILD,Beasts of the Southern Wild?to win Academy Award for Best Picture,6,1.0,Nov/14/2012 05:21:17
766879,BEST.PIC:BEASTS.SOUTHERN.WILD,Beasts of the Southern Wild?to win Academy Award for Best Picture,60,1.0,Nov/14/2012 05:32:53
766879,BEST.PIC:BEASTS.SOUTHERN.WILD,Beasts of the Southern Wild?to win Academy Award for Best Picture,20,1.0,Nov/14/2012 05:34:31
766879,BEST.PIC:BEASTS.SOUTHERN.WILD,Beasts of the Southern Wild?to win Academy Award for Best Picture,11,1.0,Nov/14/2012 17:16:28
766879,BEST.PIC:BEASTS.SOUTHERN.WILD,Beasts of the Southern Wild?to win Academy Award for Best Picture,9,1.0,Nov/14/2012 17:31:25
766879,BEST.PIC:BEASTS.SOUTHERN.WILD,Beasts of the Southern Wild?to win Academy Award for Best Picture,80,1.1,Nov/14/2012 17:43:38
766879,BEST.PIC:BEASTS.SOUTHERN.WILD,Beasts of the Southern Wild?to win Academy Award for Best Picture,75,1.0,Nov/14/2012 19:09:51
766879,BEST.PIC:BEASTS.SOUTHERN.WILD,Beasts of the Southern Wild?to win Academy Award for Best Picture,4,1.0,Nov/14/2012 22:50:46
766879,BEST.PIC:BEASTS.SOUTHERN.WILD,Beasts of the Southern Wild?to win Academy Award for Best Picture,1,1.0,Nov/14/2012 22:53:23
766879,BEST.PIC:BEASTS.SOUTHERN.WILD,Beasts of the Southern Wild?to win Academy Award for Best Picture,5,1.0,Nov/14/2012 22:57:24
766879,BEST.PIC:BEASTS.SOUTHERN.WILD,Beasts of the Southern Wild?to win Academy Award for Best Picture,80,1.1,Nov/14/2012 23:54:16
766879,BEST.PIC:BEASTS.SOUTHERN.WILD,Beasts of the Southern Wild?to win Academy Award for Best Picture,10,1.1,Nov/15/2012 00:11:41
766879,BEST.PIC:BEASTS.SOUTHERN.WILD,Beasts of the Southern Wild?to win Academy Award for Best Picture,4,1.1,Nov/15/2012 00:16:45
766879,BEST.PIC:BEASTS.SOUTHERN.WILD,Beasts of the Southern Wild?to win Academy Award for Best Picture,6,1.1,Nov/15/2012 00:33:08
766879,BEST.PIC:BEASTS.SOUTHERN.WILD,Beasts of the Southern Wild?to win Academy Award for Best Picture,2,1.0,Nov/15/2012 01:19:54
766879,BEST.PIC:BEASTS.SOUTHERN.WILD,Beasts of the Southern Wild?to win Academy Award for Best Picture,2,1.0,Nov/15/2012 01:20:05
766879,BEST.PIC:BEASTS.SOUTHERN.WILD,Beasts of the Southern Wild?to win Academy Award for Best Picture,17,1.0,Nov/15/2012 02:02:49
766879,BEST.PIC:BEASTS.SOUTHERN.WILD,Beasts of the Southern Wild?to win Academy Award for Best Picture,40,1.0,Nov/15/2012 02:06:18
766879,BEST.PIC:BEASTS.SOUTHERN.WILD,Beasts of the Southern Wild?to win Academy Award for Best Picture,1,1.0,Nov/15/2012 02:15:24
766879,BEST.PIC:BEASTS.SOUTHERN.WILD,Beasts of the Southern Wild?to win Academy Award for Best Picture,1,1.0,Nov/15/2012 02:35:44
766879,BEST.PIC:BEASTS.SOUTHERN.WILD,Beasts of the Southern Wild?to win Academy Award for Best Picture,1,1.0,Nov/15/2012 02:41:21
766879,BEST.PIC:BEASTS.SOUTHERN.WILD,Beasts of the Southern Wild?to win Academy Award for Best Picture,4,1.0,Nov/15/2012 02:57:21
766879,BEST.PIC:BEASTS.SOUTHERN.WILD,Beasts of the Southern Wild?to win Academy Award for Best Picture,1,1.0,Nov/15/2012 02:58:43
766879,BEST.PIC:BEASTS.SOUTHERN.WILD,Beasts of the Southern Wild?to win Academy Award for Best Picture,2,1.0,Nov/15/2012 03:00:38
766879,BEST.PIC:BEASTS.SOUTHERN.WILD,Beasts of the Southern Wild?to win Academy Award for Best Picture,25,1.0,Nov/15/2012 03:02:35
766879,BEST.PIC:BEASTS.SOUTHERN.WILD,Beasts of the Southern Wild?to win Academy Award for Best Picture,20,1.0,Nov/15/2012 03:23:02
766879,BEST.PIC:BEASTS.SOUTHERN.WILD,Beasts of the Southern Wild?to win Academy Award for Best Picture,1,1.0,Nov/15/2012 05:27:14
766879,BEST.PIC:BEASTS.SOUTHERN.WILD,Beasts of the Southern Wild?to win Academy Award for Best Picture,5,1.0,Nov/15/2012 05:56:41
766879,BEST.PIC:BEASTS.SOUTHERN.WILD,Beasts of the Southern Wild?to win Academy Award for Best Picture,5,1.0,Nov/15/2012 05:57:48
766879,BEST.PIC:BEASTS.SOUTHERN.WILD,Beasts of the Southern Wild?to win Academy Award for Best Picture,4,1.0,Nov/15/2012 06:25:29
766879,BEST.PIC:BEASTS.SOUTHERN.WILD,Beasts of the Southern Wild?to win Academy Award for Best Picture,1,1.0,Nov/15/2012 09:59:34
766879,BEST.PIC:BEASTS.SOUTHERN.WILD,Beasts of the Southern Wild?to win Academy Award for Best Picture,1,1.0,Nov/15/2012 09:59:56
766879,BEST.PIC:BEASTS.SOUTHERN.WILD,Beasts of the Southern Wild?to win Academy Award for Best Picture,1,1.0,Nov/15/2012 10:01:26
766879,BEST.PIC:BEASTS.SOUTHERN.WILD,Beasts of the Southern Wild?to win Academy Award for Best Picture,1,1.0,Nov/15/2012 10:55:23
766879,BEST.PIC:BEASTS.SOUTHERN.WILD,Beasts of the Southern Wild?to win Academy Award for Best Picture,9,1.0,Nov/15/2012 10:57:47
766879,BEST.PIC:BEASTS.SOUTHERN.WILD,Beasts of the Southern Wild?to win Academy Award for Best Picture,12,1.0,Nov/15/2012 11:29:19
766879,BEST.PIC:BEASTS.SOUTHERN.WILD,Beasts of the Southern Wild?to win Academy Award for Best Picture,1,1.0,Nov/15/2012 11:38:14
766879,BEST.PIC:BEASTS.SOUTHERN.WILD,Beasts of the Southern Wild?to win Academy Award for Best Picture,1,1.0,Nov/15/2012 12:14:56
766879,BEST.PIC:BEASTS.SOUTHERN.WILD,Beasts of the Southern Wild?to win Academy Award for Best Picture,3,1.0,Nov/15/2012 12:15:34
766879,BEST.PIC:BEASTS.SOUTHERN.WILD,Beasts of the Southern Wild?to win Academy Award for Best Picture,8,1.0,Nov/15/2012 12:26:24
766879,BEST.PIC:BEASTS.SOUTHERN.WILD,Beasts of the Southern Wild?to win Academy Award for Best Picture,84,1.1,Nov/15/2012 13:11:16
766879,BEST.PIC:BEASTS.SOUTHERN.WILD,Beasts of the Southern Wild?to win Academy Award for Best Picture,50,1.1,Nov/15/2012 13:11:16
766879,BEST.PIC:BEASTS.SOUTHERN.WILD,Beasts of the Southern Wild?to win Academy Award for Best Picture,1,1.0,Nov/15/2012 14:35:27
766879,BEST.PIC:BEASTS.SOUTHERN.WILD,Beasts of the Southern Wild?to win Academy Award for Best Picture,9,1.0,Nov/15/2012 14:41:36
766879,BEST.PIC:BEASTS.SOUTHERN.WILD,Beasts of the Southern Wild?to win Academy Award for Best Picture,14,1.0,Nov/15/2012 14:42:00
766879,BEST.PIC:BEASTS.SOUTHERN.WILD,Beasts of the Southern Wild?to win Academy Award for Best Picture,4,1.0,Nov/15/2012 14:43:42
766879,BEST.PIC:BEASTS.SOUTHERN.WILD,Beasts of the Southern Wild?to win Academy Award for Best Picture,5,1.0,Nov/15/2012 14:52:31
766879,BEST.PIC:BEASTS.SOUTHERN.WILD,Beasts of the Southern Wild?to win Academy Award for Best Picture,8,1.0,Nov/15/2012 15:01:32
766879,BEST.PIC:BEASTS.SOUTHERN.WILD,Beasts of the Southern Wild?to win Academy Award for Best Picture,18,1.0,Nov/15/2012 15:10:19
766879,BEST.PIC:BEASTS.SOUTHERN.WILD,Beasts of the Southern Wild?to win Academy Award for Best Picture,1,1.0,Nov/15/2012 15:10:43
766879,BEST.PIC:BEASTS.SOUTHERN.WILD,Beasts of the Southern Wild?to win Academy Award for Best Picture,2,1.0,Nov/15/2012 15:15:52
766879,BEST.PIC:BEASTS.SOUTHERN.WILD,Beasts of the Southern Wild?to win Academy Award for Best Picture,21,1.0,Nov/15/2012 16:35:35
766879,BEST.PIC:BEASTS.SOUTHERN.WILD,Beasts of the Southern Wild?to win Academy Award for Best Picture,41,1.0,Nov/15/2012 17:08:38
766879,BEST.PIC:BEASTS.SOUTHERN.WILD,Beasts of the Southern Wild?to win Academy Award for Best Picture,81,1.0,Nov/15/2012 17:19:10
766879,BEST.PIC:BEASTS.SOUTHERN.WILD,Beasts of the Southern Wild?to win Academy Award for Best Picture,10,1.1,Nov/15/2012 19:44:55
766879,BEST.PIC:BEASTS.SOUTHERN.WILD,Beasts of the Southern Wild?to win Academy Award for Best Picture,10,1.0,Nov/15/2012 21:59:57
766879,BEST.PIC:BEASTS.SOUTHERN.WILD,Beasts of the Southern Wild?to win Academy Award for Best Picture,24,1.0,Nov/15/2012 22:00:23
766879,BEST.PIC:BEASTS.SOUTHERN.WILD,Beasts of the Southern Wild?to win Academy Award for Best Picture,7,1.0,Nov/15/2012 22:00:47
766879,BEST.PIC:BEASTS.SOUTHERN.WILD,Beasts of the Southern Wild?to win Academy Award for Best Picture,43,1.0,Nov/15/2012 22:04:05
766879,BEST.PIC:BEASTS.SOUTHERN.WILD,Beasts of the Southern Wild?to win Academy Award for Best Picture,37,1.0,Nov/15/2012 22:04:05
766879,BEST.PIC:BEASTS.SOUTHERN.WILD,Beasts of the Southern Wild?to win Academy Award for Best Picture,10,1.0,Nov/15/2012 22:04:18
766879,BEST.PIC:BEASTS.SOUTHERN.WILD,Beasts of the Southern Wild?to win Academy Award for Best Picture,80,1.0,Nov/15/2012 22:09:15
766879,BEST.PIC:BEASTS.SOUTHERN.WILD,Beasts of the Southern Wild?to win Academy Award for Best Picture,1,1.0,Nov/15/2012 22:11:23
766879,BEST.PIC:BEASTS.SOUTHERN.WILD,Beasts of the Southern Wild?to win Academy Award for Best Picture,80,1.0,Nov/15/2012 22:12:41
766879,BEST.PIC:BEASTS.SOUTHERN.WILD,Beasts of the Southern Wild?to win Academy Award for Best Picture,22,1.0,Nov/15/2012 22:24:14
766879,BEST.PIC:BEASTS.SOUTHERN.WILD,Beasts of the Southern Wild?to win Academy Award for Best Picture,1,1.0,Nov/15/2012 22:25:16
766879,BEST.PIC:BEASTS.SOUTHERN.WILD,Beasts of the Southern Wild?to win Academy Award for Best Picture,20,1.0,Nov/15/2012 22:43:10
766879,BEST.PIC:BEASTS.SOUTHERN.WILD,Beasts of the Southern Wild?to win Academy Award for Best Picture,122,1.0,Nov/15/2012 23:07:59
766879,BEST.PIC:BEASTS.SOUTHERN.WILD,Beasts of the Southern Wild?to win Academy Award for Best Picture,2,1.0,Nov/15/2012 23:55:58
766879,BEST.PIC:BEASTS.SOUTHERN.WILD,Beasts of the Southern Wild?to win Academy Award for Best Picture,3,1.0,Nov/16/2012 00:00:48
766879,BEST.PIC:BEASTS.SOUTHERN.WILD,Beasts of the Southern Wild?to win Academy Award for Best Picture,122,1.0,Nov/16/2012 00:08:32
766879,BEST.PIC:BEASTS.SOUTHERN.WILD,Beasts of the Southern Wild?to win Academy Award for Best Picture,10,1.0,Nov/16/2012 02:30:10
766879,BEST.PIC:BEASTS.SOUTHERN.WILD,Beasts of the Southern Wild?to win Academy Award for Best Picture,10,1.0,Nov/16/2012 02:30:42
766879,BEST.PIC:BEASTS.SOUTHERN.WILD,Beasts of the Southern Wild?to win Academy Award for Best Picture,40,1.0,Nov/16/2012 03:46:19
766879,BEST.PIC:BEASTS.SOUTHERN.WILD,Beasts of the Southern Wild?to win Academy Award for Best Picture,40,1.0,Nov/16/2012 03:47:00
766879,BEST.PIC:BEASTS.SOUTHERN.WILD,Beasts of the Southern Wild?to win Academy Award for Best Picture,25,1.0,Nov/16/2012 04:37:15
766879,BEST.PIC:BEASTS.SOUTHERN.WILD,Beasts of the Southern Wild?to win Academy Award for Best Picture,100,1.0,Nov/16/2012 04:37:15
766879,BEST.PIC:BEASTS.SOUTHERN.WILD,Beasts of the Southern Wild?to win Academy Award for Best Picture,1,0.9,Nov/16/2012 13:51:47
766879,BEST.PIC:BEASTS.SOUTHERN.WILD,Beasts of the Southern Wild?to win Academy Award for Best Picture,19,0.9,Nov/16/2012 15:52:38
766879,BEST.PIC:BEASTS.SOUTHERN.WILD,Beasts of the Southern Wild?to win Academy Award for Best Picture,500,0.9,Nov/16/2012 18:29:45
766879,BEST.PIC:BEASTS.SOUTHERN.WILD,Beasts of the Southern Wild?to win Academy Award for Best Picture,1,0.7,Nov/16/2012 19:09:34
766879,BEST.PIC:BEASTS.SOUTHERN.WILD,Beasts of the Southern Wild?to win Academy Award for Best Picture,10,0.6,Nov/16/2012 20:27:12
766879,BEST.PIC:BEASTS.SOUTHERN.WILD,Beasts of the Southern Wild?to win Academy Award for Best Picture,100,0.6,Nov/17/2012 00:23:55
766879,BEST.PIC:BEASTS.SOUTHERN.WILD,Beasts of the Southern Wild?to win Academy Award for Best Picture,10,0.6,Nov/17/2012 00:46:04
766879,BEST.PIC:BEASTS.SOUTHERN.WILD,Beasts of the Southern Wild?to win Academy Award for Best Picture,10,0.6,Nov/17/2012 01:21:59
766879,BEST.PIC:BEASTS.SOUTHERN.WILD,Beasts of the Southern Wild?to win Academy Award for Best Picture,10,0.6,Nov/17/2012 01:45:28
766879,BEST.PIC:BEASTS.SOUTHERN.WILD,Beasts of the Southern Wild?to win Academy Award for Best Picture,60,0.6,Nov/17/2012 03:16:46
766879,BEST.PIC:BEASTS.SOUTHERN.WILD,Beasts of the Southern Wild?to win Academy Award for Best Picture,20,0.6,Nov/17/2012 03:19:41
766879,BEST.PIC:BEASTS.SOUTHERN.WILD,Beasts of the Southern Wild?to win Academy Award for Best Picture,15,0.6,Nov/17/2012 03:36:42
766879,BEST.PIC:BEASTS.SOUTHERN.WILD,Beasts of the Southern Wild?to win Academy Award for Best Picture,99,0.7,Nov/17/2012 04:21:59
766879,BEST.PIC:BEASTS.SOUTHERN.WILD,Beasts of the Southern Wild?to win Academy Award for Best Picture,1,0.7,Nov/17/2012 04:22:49
766879,BEST.PIC:BEASTS.SOUTHERN.WILD,Beasts of the Southern Wild?to win Academy Award for Best Picture,121,0.7,Nov/17/2012 04:25:02
766879,BEST.PIC:BEASTS.SOUTHERN.WILD,Beasts of the Southern Wild?to win Academy Award for Best Picture,29,0.7,Nov/17/2012 04:39:32
766879,BEST.PIC:BEASTS.SOUTHERN.WILD,Beasts of the Southern Wild?to win Academy Award for Best Picture,71,0.7,Nov/17/2012 04:51:45
766879,BEST.PIC:BEASTS.SOUTHERN.WILD,Beasts of the Southern Wild?to win Academy Award for Best Picture,100,0.8,Nov/17/2012 05:22:59
766879,BEST.PIC:BEASTS.SOUTHERN.WILD,Beasts of the Southern Wild?to win Academy Award for Best Picture,100,0.8,Nov/17/2012 05:46:12
766879,BEST.PIC:BEASTS.SOUTHERN.WILD,Beasts of the Southern Wild?to win Academy Award for Best Picture,10,0.9,Nov/17/2012 14:08:29
766879,BEST.PIC:BEASTS.SOUTHERN.WILD,Beasts of the Southern Wild?to win Academy Award for Best Picture,5,0.7,Nov/17/2012 15:38:14
766879,BEST.PIC:BEASTS.SOUTHERN.WILD,Beasts of the Southern Wild?to win Academy Award for Best Picture,10,0.7,Nov/17/2012 15:40:45
766879,BEST.PIC:BEASTS.SOUTHERN.WILD,Beasts of the Southern Wild?to win Academy Award for Best Picture,5,0.7,Nov/17/2012 15:41:13
766879,BEST.PIC:BEASTS.SOUTHERN.WILD,Beasts of the Southern Wild?to win Academy Award for Best Picture,9,0.7,Nov/17/2012 15:41:31
766879,BEST.PIC:BEASTS.SOUTHERN.WILD,Beasts of the Southern Wild?to win Academy Award for Best Picture,1,0.7,Nov/17/2012 15:41:31
766879,BEST.PIC:BEASTS.SOUTHERN.WILD,Beasts of the Southern Wild?to win Academy Award for Best Picture,5,0.7,Nov/17/2012 15:42:15
766879,BEST.PIC:BEASTS.SOUTHERN.WILD,Beasts of the Southern Wild?to win Academy Award for Best Picture,6,0.7,Nov/17/2012 15:42:56
766879,BEST.PIC:BEASTS.SOUTHERN.WILD,Beasts of the Southern Wild?to win Academy Award for Best Picture,38,0.7,Nov/17/2012 16:11:44
766879,BEST.PIC:BEASTS.SOUTHERN.WILD,Beasts of the Southern Wild?to win Academy Award for Best Picture,1,0.7,Nov/17/2012 16:34:53
766879,BEST.PIC:BEASTS.SOUTHERN.WILD,Beasts of the Southern Wild?to win Academy Award for Best Picture,20,0.7,Nov/17/2012 16:38:59
766879,BEST.PIC:BEASTS.SOUTHERN.WILD,Beasts of the Southern Wild?to win Academy Award for Best Picture,2,0.7,Nov/17/2012 16:38:59
766879,BEST.PIC:BEASTS.SOUTHERN.WILD,Beasts of the Southern Wild?to win Academy Award for Best Picture,6,0.7,Nov/17/2012 16:48:40
766879,BEST.PIC:BEASTS.SOUTHERN.WILD,Beasts of the Southern Wild?to win Academy Award for Best Picture,1,0.7,Nov/17/2012 19:51:47
766879,BEST.PIC:BEASTS.SOUTHERN.WILD,Beasts of the Southern Wild?to win Academy Award for Best Picture,9,0.7,Nov/17/2012 19:53:35
766879,BEST.PIC:BEASTS.SOUTHERN.WILD,Beasts of the Southern Wild?to win Academy Award for Best Picture,1,0.7,Nov/17/2012 20:03:53
766879,BEST.PIC:BEASTS.SOUTHERN.WILD,Beasts of the Southern Wild?to win Academy Award for Best Picture,55,0.7,Nov/17/2012 21:45:57
766879,BEST.PIC:BEASTS.SOUTHERN.WILD,Beasts of the Southern Wild?to win Academy Award for Best Picture,100,0.8,Nov/17/2012 23:05:15
766879,BEST.PIC:BEASTS.SOUTHERN.WILD,Beasts of the Southern Wild?to win Academy Award for Best Picture,50,0.8,Nov/18/2012 05:29:50
766879,BEST.PIC:BEASTS.SOUTHERN.WILD,Beasts of the Southern Wild?to win Academy Award for Best Picture,50,0.8,Nov/18/2012 10:25:27
766879,BEST.PIC:BEASTS.SOUTHERN.WILD,Beasts of the Southern Wild?to win Academy Award for Best Picture,100,0.8,Nov/18/2012 10:25:27
766879,BEST.PIC:BEASTS.SOUTHERN.WILD,Beasts of the Southern Wild?to win Academy Award for Best Picture,100,0.8,Nov/18/2012 15:58:31
766879,BEST.PIC:BEASTS.SOUTHERN.WILD,Beasts of the Southern Wild?to win Academy Award for Best Picture,100,0.7,Nov/19/2012 05:23:03
766879,BEST.PIC:BEASTS.SOUTHERN.WILD,Beasts of the Southern Wild?to win Academy Award for Best Picture,50,0.7,Nov/19/2012 05:23:20
766879,BEST.PIC:BEASTS.SOUTHERN.WILD,Beasts of the Southern Wild?to win Academy Award for Best Picture,50,0.7,Nov/19/2012 05:23:32
766879,BEST.PIC:BEASTS.SOUTHERN.WILD,Beasts of the Southern Wild?to win Academy Award for Best Picture,1,0.7,Nov/19/2012 05:23:40
766879,BEST.PIC:BEASTS.SOUTHERN.WILD,Beasts of the Southern Wild?to win Academy Award for Best Picture,1,0.8,Nov/19/2012 05:23:53
766879,BEST.PIC:BEASTS.SOUTHERN.WILD,Beasts of the Southern Wild?to win Academy Award for Best Picture,15,0.7,Nov/19/2012 15:30:35
766879,BEST.PIC:BEASTS.SOUTHERN.WILD,Beasts of the Southern Wild?to win Academy Award for Best Picture,100,0.7,Nov/19/2012 15:50:43
766879,BEST.PIC:BEASTS.SOUTHERN.WILD,Beasts of the Southern Wild?to win Academy Award for Best Picture,129,0.7,Nov/19/2012 16:00:40
766879,BEST.PIC:BEASTS.SOUTHERN.WILD,Beasts of the Southern Wild?to win Academy Award for Best Picture,40,0.6,Nov/19/2012 16:17:48
766879,BEST.PIC:BEASTS.SOUTHERN.WILD,Beasts of the Southern Wild?to win Academy Award for Best Picture,20,0.6,Nov/19/2012 16:23:36
766879,BEST.PIC:BEASTS.SOUTHERN.WILD,Beasts of the Southern Wild?to win Academy Award for Best Picture,25,0.7,Nov/19/2012 16:52:36
766879,BEST.PIC:BEASTS.SOUTHERN.WILD,Beasts of the Southern Wild?to win Academy Award for Best Picture,60,0.9,Nov/19/2012 17:15:29
766879,BEST.PIC:BEASTS.SOUTHERN.WILD,Beasts of the Southern Wild?to win Academy Award for Best Picture,99,0.8,Nov/19/2012 17:15:29
766879,BEST.PIC:BEASTS.SOUTHERN.WILD,Beasts of the Southern Wild?to win Academy Award for Best Picture,41,0.7,Nov/19/2012 17:15:29
766879,BEST.PIC:BEASTS.SOUTHERN.WILD,Beasts of the Southern Wild?to win Academy Award for Best Picture,85,0.7,Nov/19/2012 17:23:34
766879,BEST.PIC:BEASTS.SOUTHERN.WILD,Beasts of the Southern Wild?to win Academy Award for Best Picture,15,0.7,Nov/19/2012 17:53:55
766879,BEST.PIC:BEASTS.SOUTHERN.WILD,Beasts of the Southern Wild?to win Academy Award for Best Picture,35,0.7,Nov/19/2012 17:53:55
766879,BEST.PIC:BEASTS.SOUTHERN.WILD,Beasts of the Southern Wild?to win Academy Award for Best Picture,35,0.7,Nov/19/2012 17:55:10
766879,BEST.PIC:BEASTS.SOUTHERN.WILD,Beasts of the Southern Wild?to win Academy Award for Best Picture,70,0.7,Nov/19/2012 18:13:59
766879,BEST.PIC:BEASTS.SOUTHERN.WILD,Beasts of the Southern Wild?to win Academy Award for Best Picture,20,0.8,Nov/19/2012 19:34:53
766879,BEST.PIC:BEASTS.SOUTHERN.WILD,Beasts of the Southern Wild?to win Academy Award for Best Picture,30,0.7,Nov/19/2012 19:34:53
766879,BEST.PIC:BEASTS.SOUTHERN.WILD,Beasts of the Southern Wild?to win Academy Award for Best Picture,80,0.8,Nov/19/2012 19:36:09
766879,BEST.PIC:BEASTS.SOUTHERN.WILD,Beasts of the Southern Wild?to win Academy Award for Best Picture,20,0.8,Nov/19/2012 19:36:09
766879,BEST.PIC:BEASTS.SOUTHERN.WILD,Beasts of the Southern Wild?to win Academy Award for Best Picture,6,0.9,Nov/19/2012 20:32:43
766879,BEST.PIC:BEASTS.SOUTHERN.WILD,Beasts of the Southern Wild?to win Academy Award for Best Picture,5,0.8,Nov/19/2012 20:32:43
766879,BEST.PIC:BEASTS.SOUTHERN.WILD,Beasts of the Southern Wild?to win Academy Award for Best Picture,40,0.7,Nov/19/2012 21:22:52
766879,BEST.PIC:BEASTS.SOUTHERN.WILD,Beasts of the Southern Wild?to win Academy Award for Best Picture,10,0.7,Nov/19/2012 21:29:50
766879,BEST.PIC:BEASTS.SOUTHERN.WILD,Beasts of the Southern Wild?to win Academy Award for Best Picture,60,0.8,Nov/19/2012 21:32:33
766879,BEST.PIC:BEASTS.SOUTHERN.WILD,Beasts of the Southern Wild?to win Academy Award for Best Picture,20,0.8,Nov/19/2012 21:56:55
766879,BEST.PIC:BEASTS.SOUTHERN.WILD,Beasts of the Southern Wild?to win Academy Award for Best Picture,50,0.8,Nov/19/2012 21:56:55
766879,BEST.PIC:BEASTS.SOUTHERN.WILD,Beasts of the Southern Wild?to win Academy Award for Best Picture,50,0.8,Nov/20/2012 01:36:33
766879,BEST.PIC:BEASTS.SOUTHERN.WILD,Beasts of the Southern Wild?to win Academy Award for Best Picture,100,0.8,Nov/20/2012 02:54:06
766879,BEST.PIC:BEASTS.SOUTHERN.WILD,Beasts of the Southern Wild?to win Academy Award for Best Picture,25,0.8,Nov/20/2012 03:59:30
766879,BEST.PIC:BEASTS.SOUTHERN.WILD,Beasts of the Southern Wild?to win Academy Award for Best Picture,275,0.8,Nov/20/2012 07:43:00
766879,BEST.PIC:BEASTS.SOUTHERN.WILD,Beasts of the Southern Wild?to win Academy Award for Best Picture,1,0.9,Nov/20/2012 12:31:23
766879,BEST.PIC:BEASTS.SOUTHERN.WILD,Beasts of the Southern Wild?to win Academy Award for Best Picture,100,0.8,Nov/20/2012 16:16:39
766879,BEST.PIC:BEASTS.SOUTHERN.WILD,Beasts of the Southern Wild?to win Academy Award for Best Picture,100,0.8,Nov/20/2012 16:18:54
766879,BEST.PIC:BEASTS.SOUTHERN.WILD,Beasts of the Southern Wild?to win Academy Award for Best Picture,100,0.8,Nov/20/2012 17:12:31
766879,BEST.PIC:BEASTS.SOUTHERN.WILD,Beasts of the Southern Wild?to win Academy Award for Best Picture,15,0.7,Nov/20/2012 23:02:13
766879,BEST.PIC:BEASTS.SOUTHERN.WILD,Beasts of the Southern Wild?to win Academy Award for Best Picture,10,0.7,Nov/20/2012 23:21:25
766879,BEST.PIC:BEASTS.SOUTHERN.WILD,Beasts of the Southern Wild?to win Academy Award for Best Picture,1,0.7,Nov/20/2012 23:25:19
766879,BEST.PIC:BEASTS.SOUTHERN.WILD,Beasts of the Southern Wild?to win Academy Award for Best Picture,15,0.8,Nov/20/2012 23:44:33
766879,BEST.PIC:BEASTS.SOUTHERN.WILD,Beasts of the Southern Wild?to win Academy Award for Best Picture,75,0.8,Nov/21/2012 01:06:43
766879,BEST.PIC:BEASTS.SOUTHERN.WILD,Beasts of the Southern Wild?to win Academy Award for Best Picture,10,0.8,Nov/21/2012 02:20:11
766879,BEST.PIC:BEASTS.SOUTHERN.WILD,Beasts of the Southern Wild?to win Academy Award for Best Picture,100,0.8,Nov/21/2012 02:20:11
766879,BEST.PIC:BEASTS.SOUTHERN.WILD,Beasts of the Southern Wild?to win Academy Award for Best Picture,23,0.9,Nov/21/2012 02:46:08
766879,BEST.PIC:BEASTS.SOUTHERN.WILD,Beasts of the Southern Wild?to win Academy Award for Best Picture,10,0.9,Nov/21/2012 02:46:08
766879,BEST.PIC:BEASTS.SOUTHERN.WILD,Beasts of the Southern Wild?to win Academy Award for Best Picture,50,0.9,Nov/21/2012 02:46:08
766879,BEST.PIC:BEASTS.SOUTHERN.WILD,Beasts of the Southern Wild?to win Academy Award for Best Picture,17,0.9,Nov/21/2012 03:07:22
766879,BEST.PIC:BEASTS.SOUTHERN.WILD,Beasts of the Southern Wild?to win Academy Award for Best Picture,100,0.8,Nov/21/2012 03:12:12
766879,BEST.PIC:BEASTS.SOUTHERN.WILD,Beasts of the Southern Wild?to win Academy Award for Best Picture,30,0.8,Nov/21/2012 04:25:05
766879,BEST.PIC:BEASTS.SOUTHERN.WILD,Beasts of the Southern Wild?to win Academy Award for Best Picture,30,0.8,Nov/21/2012 06:12:06
766879,BEST.PIC:BEASTS.SOUTHERN.WILD,Beasts of the Southern Wild?to win Academy Award for Best Picture,1,0.8,Nov/21/2012 20:13:15
766879,BEST.PIC:BEASTS.SOUTHERN.WILD,Beasts of the Southern Wild?to win Academy Award for Best Picture,99,0.8,Nov/22/2012 02:59:29
766879,BEST.PIC:BEASTS.SOUTHERN.WILD,Beasts of the Southern Wild?to win Academy Award for Best Picture,100,0.8,Nov/22/2012 02:59:29
766879,BEST.PIC:BEASTS.SOUTHERN.WILD,Beasts of the Southern Wild?to win Academy Award for Best Picture,40,0.9,Nov/22/2012 04:21:26
766879,BEST.PIC:BEASTS.SOUTHERN.WILD,Beasts of the Southern Wild?to win Academy Award for Best Picture,1,0.8,Nov/22/2012 20:05:17
766879,BEST.PIC:BEASTS.SOUTHERN.WILD,Beasts of the Southern Wild?to win Academy Award for Best Picture,99,0.8,Nov/23/2012 00:22:13
766879,BEST.PIC:BEASTS.SOUTHERN.WILD,Beasts of the Southern Wild?to win Academy Award for Best Picture,100,0.8,Nov/23/2012 00:22:13
766879,BEST.PIC:BEASTS.SOUTHERN.WILD,Beasts of the Southern Wild?to win Academy Award for Best Picture,43,0.9,Nov/23/2012 00:22:23
766879,BEST.PIC:BEASTS.SOUTHERN.WILD,Beasts of the Southern Wild?to win Academy Award for Best Picture,40,0.9,Nov/23/2012 00:22:23
766879,BEST.PIC:BEASTS.SOUTHERN.WILD,Beasts of the Southern Wild?to win Academy Award for Best Picture,10,0.9,Nov/23/2012 04:20:09
766879,BEST.PIC:BEASTS.SOUTHERN.WILD,Beasts of the Southern Wild?to win Academy Award for Best Picture,90,0.9,Nov/23/2012 05:03:15
766879,BEST.PIC:BEASTS.SOUTHERN.WILD,Beasts of the Southern Wild?to win Academy Award for Best Picture,1,0.8,Nov/23/2012 11:15:42
766879,BEST.PIC:BEASTS.SOUTHERN.WILD,Beasts of the Southern Wild?to win Academy Award for Best Picture,99,0.8,Nov/23/2012 15:05:08
766879,BEST.PIC:BEASTS.SOUTHERN.WILD,Beasts of the Southern Wild?to win Academy Award for Best Picture,100,0.8,Nov/23/2012 19:06:45
766879,BEST.PIC:BEASTS.SOUTHERN.WILD,Beasts of the Southern Wild?to win Academy Award for Best Picture,1,0.8,Nov/23/2012 19:42:58
766879,BEST.PIC:BEASTS.SOUTHERN.WILD,Beasts of the Southern Wild?to win Academy Award for Best Picture,24,0.9,Nov/23/2012 19:44:56
766879,BEST.PIC:BEASTS.SOUTHERN.WILD,Beasts of the Southern Wild?to win Academy Award for Best Picture,100,0.8,Nov/23/2012 20:12:29
766879,BEST.PIC:BEASTS.SOUTHERN.WILD,Beasts of the Southern Wild?to win Academy Award for Best Picture,76,0.9,Nov/23/2012 20:16:20
766879,BEST.PIC:BEASTS.SOUTHERN.WILD,Beasts of the Southern Wild?to win Academy Award for Best Picture,20,0.9,Nov/23/2012 20:16:20
766879,BEST.PIC:BEASTS.SOUTHERN.WILD,Beasts of the Southern Wild?to win Academy Award for Best Picture,3,0.7,Nov/23/2012 21:57:55
766879,BEST.PIC:BEASTS.SOUTHERN.WILD,Beasts of the Southern Wild?to win Academy Award for Best Picture,68,0.7,Nov/23/2012 22:44:32
766879,BEST.PIC:BEASTS.SOUTHERN.WILD,Beasts of the Southern Wild?to win Academy Award for Best Picture,20,0.7,Nov/24/2012 00:07:15
766879,BEST.PIC:BEASTS.SOUTHERN.WILD,Beasts of the Southern Wild?to win Academy Award for Best Picture,20,0.7,Nov/24/2012 00:07:49
766879,BEST.PIC:BEASTS.SOUTHERN.WILD,Beasts of the Southern Wild?to win Academy Award for Best Picture,15,0.7,Nov/24/2012 00:08:00
766879,BEST.PIC:BEASTS.SOUTHERN.WILD,Beasts of the Southern Wild?to win Academy Award for Best Picture,15,0.7,Nov/24/2012 00:08:40
766879,BEST.PIC:BEASTS.SOUTHERN.WILD,Beasts of the Southern Wild?to win Academy Award for Best Picture,42,0.7,Nov/24/2012 00:09:42
766879,BEST.PIC:BEASTS.SOUTHERN.WILD,Beasts of the Southern Wild?to win Academy Award for Best Picture,8,0.7,Nov/24/2012 00:10:03
766879,BEST.PIC:BEASTS.SOUTHERN.WILD,Beasts of the Southern Wild?to win Academy Award for Best Picture,6,0.7,Nov/24/2012 00:10:26
766879,BEST.PIC:BEASTS.SOUTHERN.WILD,Beasts of the Southern Wild?to win Academy Award for Best Picture,67,0.7,Nov/24/2012 00:21:53
766879,BEST.PIC:BEASTS.SOUTHERN.WILD,Beasts of the Southern Wild?to win Academy Award for Best Picture,33,0.7,Nov/24/2012 00:21:53
766879,BEST.PIC:BEASTS.SOUTHERN.WILD,Beasts of the Southern Wild?to win Academy Award for Best Picture,1,0.7,Nov/24/2012 01:38:33
766879,BEST.PIC:BEASTS.SOUTHERN.WILD,Beasts of the Southern Wild?to win Academy Award for Best Picture,1,0.7,Nov/24/2012 01:42:03
766879,BEST.PIC:BEASTS.SOUTHERN.WILD,Beasts of the Southern Wild?to win Academy Award for Best Picture,10,0.7,Nov/24/2012 01:44:05
766879,BEST.PIC:BEASTS.SOUTHERN.WILD,Beasts of the Southern Wild?to win Academy Award for Best Picture,10,0.7,Nov/24/2012 01:45:22
766879,BEST.PIC:BEASTS.SOUTHERN.WILD,Beasts of the Southern Wild?to win Academy Award for Best Picture,10,0.7,Nov/24/2012 01:45:27
766879,BEST.PIC:BEASTS.SOUTHERN.WILD,Beasts of the Southern Wild?to win Academy Award for Best Picture,435,0.7,Nov/24/2012 01:48:45
766879,BEST.PIC:BEASTS.SOUTHERN.WILD,Beasts of the Southern Wild?to win Academy Award for Best Picture,3,0.7,Nov/24/2012 01:48:45
766879,BEST.PIC:BEASTS.SOUTHERN.WILD,Beasts of the Southern Wild?to win Academy Award for Best Picture,3,0.7,Nov/24/2012 04:59:51
766879,BEST.PIC:BEASTS.SOUTHERN.WILD,Beasts of the Southern Wild?to win Academy Award for Best Picture,50,0.7,Nov/24/2012 06:08:44
766879,BEST.PIC:BEASTS.SOUTHERN.WILD,Beasts of the Southern Wild?to win Academy Award for Best Picture,9,0.7,Nov/24/2012 06:08:59
766879,BEST.PIC:BEASTS.SOUTHERN.WILD,Beasts of the Southern Wild?to win Academy Award for Best Picture,100,0.8,Nov/24/2012 06:09:08
766879,BEST.PIC:BEASTS.SOUTHERN.WILD,Beasts of the Southern Wild?to win Academy Award for Best Picture,60,0.9,Nov/24/2012 06:09:34
766879,BEST.PIC:BEASTS.SOUTHERN.WILD,Beasts of the Southern Wild?to win Academy Award for Best Picture,40,0.9,Nov/24/2012 06:09:34
766879,BEST.PIC:BEASTS.SOUTHERN.WILD,Beasts of the Southern Wild?to win Academy Award for Best Picture,2,0.9,Nov/24/2012 13:55:27
766879,BEST.PIC:BEASTS.SOUTHERN.WILD,Beasts of the Southern Wild?to win Academy Award for Best Picture,10,0.7,Nov/24/2012 15:12:23
766879,BEST.PIC:BEASTS.SOUTHERN.WILD,Beasts of the Southern Wild?to win Academy Award for Best Picture,10,0.7,Nov/24/2012 18:13:04
766879,BEST.PIC:BEASTS.SOUTHERN.WILD,Beasts of the Southern Wild?to win Academy Award for Best Picture,1,0.7,Nov/24/2012 22:39:42
766879,BEST.PIC:BEASTS.SOUTHERN.WILD,Beasts of the Southern Wild?to win Academy Award for Best Picture,2,0.7,Nov/24/2012 22:44:38
766879,BEST.PIC:BEASTS.SOUTHERN.WILD,Beasts of the Southern Wild?to win Academy Award for Best Picture,1,0.8,Nov/24/2012 23:44:57
766879,BEST.PIC:BEASTS.SOUTHERN.WILD,Beasts of the Southern Wild?to win Academy Award for Best Picture,2,0.7,Nov/24/2012 23:50:25
766879,BEST.PIC:BEASTS.SOUTHERN.WILD,Beasts of the Southern Wild?to win Academy Award for Best Picture,24,0.7,Nov/25/2012 02:45:17
766879,BEST.PIC:BEASTS.SOUTHERN.WILD,Beasts of the Southern Wild?to win Academy Award for Best Picture,100,0.8,Nov/25/2012 05:45:57
766879,BEST.PIC:BEASTS.SOUTHERN.WILD,Beasts of the Southern Wild?to win Academy Award for Best Picture,20,0.7,Nov/25/2012 11:44:07
766879,BEST.PIC:BEASTS.SOUTHERN.WILD,Beasts of the Southern Wild?to win Academy Award for Best Picture,5,0.7,Nov/25/2012 14:53:31
766879,BEST.PIC:BEASTS.SOUTHERN.WILD,Beasts of the Southern Wild?to win Academy Award for Best Picture,10,0.7,Nov/25/2012 14:54:06
766879,BEST.PIC:BEASTS.SOUTHERN.WILD,Beasts of the Southern Wild?to win Academy Award for Best Picture,7,0.7,Nov/25/2012 15:34:12
766879,BEST.PIC:BEASTS.SOUTHERN.WILD,Beasts of the Southern Wild?to win Academy Award for Best Picture,3,0.7,Nov/25/2012 15:59:37
766879,BEST.PIC:BEASTS.SOUTHERN.WILD,Beasts of the Southern Wild?to win Academy Award for Best Picture,5,0.7,Nov/25/2012 16:07:44
766879,BEST.PIC:BEASTS.SOUTHERN.WILD,Beasts of the Southern Wild?to win Academy Award for Best Picture,2,0.7,Nov/25/2012 18:11:02
766879,BEST.PIC:BEASTS.SOUTHERN.WILD,Beasts of the Southern Wild?to win Academy Award for Best Picture,24,0.7,Nov/25/2012 18:11:13
766879,BEST.PIC:BEASTS.SOUTHERN.WILD,Beasts of the Southern Wild?to win Academy Award for Best Picture,9,0.7,Nov/25/2012 18:11:33
766879,BEST.PIC:BEASTS.SOUTHERN.WILD,Beasts of the Southern Wild?to win Academy Award for Best Picture,7,0.7,Nov/25/2012 18:11:51
766879,BEST.PIC:BEASTS.SOUTHERN.WILD,Beasts of the Southern Wild?to win Academy Award for Best Picture,5,0.7,Nov/25/2012 18:12:05
766879,BEST.PIC:BEASTS.SOUTHERN.WILD,Beasts of the Southern Wild?to win Academy Award for Best Picture,10,0.7,Nov/25/2012 18:12:15
766879,BEST.PIC:BEASTS.SOUTHERN.WILD,Beasts of the Southern Wild?to win Academy Award for Best Picture,5,0.7,Nov/25/2012 20:05:42
766879,BEST.PIC:BEASTS.SOUTHERN.WILD,Beasts of the Southern Wild?to win Academy Award for Best Picture,12,0.8,Nov/25/2012 22:12:56
766879,BEST.PIC:BEASTS.SOUTHERN.WILD,Beasts of the Southern Wild?to win Academy Award for Best Picture,38,0.8,Nov/25/2012 22:12:56
766879,BEST.PIC:BEASTS.SOUTHERN.WILD,Beasts of the Southern Wild?to win Academy Award for Best Picture,3,0.7,Nov/26/2012 02:59:46
766879,BEST.PIC:BEASTS.SOUTHERN.WILD,Beasts of the Southern Wild?to win Academy Award for Best Picture,1,0.7,Nov/26/2012 03:00:44
766879,BEST.PIC:BEASTS.SOUTHERN.WILD,Beasts of the Southern Wild?to win Academy Award for Best Picture,12,0.8,Nov/26/2012 04:01:26
766879,BEST.PIC:BEASTS.SOUTHERN.WILD,Beasts of the Southern Wild?to win Academy Award for Best Picture,288,0.8,Nov/26/2012 04:01:26
766879,BEST.PIC:BEASTS.SOUTHERN.WILD,Beasts of the Southern Wild?to win Academy Award for Best Picture,12,0.8,Nov/26/2012 05:36:38
766879,BEST.PIC:BEASTS.SOUTHERN.WILD,Beasts of the Southern Wild?to win Academy Award for Best Picture,12,0.8,Nov/26/2012 05:37:11
766879,BEST.PIC:BEASTS.SOUTHERN.WILD,Beasts of the Southern Wild?to win Academy Award for Best Picture,16,0.7,Nov/26/2012 16:09:19
766879,BEST.PIC:BEASTS.SOUTHERN.WILD,Beasts of the Southern Wild?to win Academy Award for Best Picture,1,0.8,Nov/26/2012 20:32:25
766879,BEST.PIC:BEASTS.SOUTHERN.WILD,Beasts of the Southern Wild?to win Academy Award for Best Picture,30,0.7,Nov/26/2012 21:13:45
766879,BEST.PIC:BEASTS.SOUTHERN.WILD,Beasts of the Southern Wild?to win Academy Award for Best Picture,2,0.7,Nov/26/2012 21:17:40
766879,BEST.PIC:BEASTS.SOUTHERN.WILD,Beasts of the Southern Wild?to win Academy Award for Best Picture,100,0.7,Nov/26/2012 21:34:12
766879,BEST.PIC:BEASTS.SOUTHERN.WILD,Beasts of the Southern Wild?to win Academy Award for Best Picture,10,0.7,Nov/26/2012 21:35:37
766879,BEST.PIC:BEASTS.SOUTHERN.WILD,Beasts of the Southern Wild?to win Academy Award for Best Picture,30,0.7,Nov/26/2012 22:00:41
766879,BEST.PIC:BEASTS.SOUTHERN.WILD,Beasts of the Southern Wild?to win Academy Award for Best Picture,1,0.7,Nov/26/2012 22:01:04
766879,BEST.PIC:BEASTS.SOUTHERN.WILD,Beasts of the Southern Wild?to win Academy Award for Best Picture,839,0.8,Nov/26/2012 22:03:44
766879,BEST.PIC:BEASTS.SOUTHERN.WILD,Beasts of the Southern Wild?to win Academy Award for Best Picture,300,0.8,Nov/26/2012 22:04:01
766879,BEST.PIC:BEASTS.SOUTHERN.WILD,Beasts of the Southern Wild?to win Academy Award for Best Picture,43,0.8,Nov/26/2012 22:06:16
766879,BEST.PIC:BEASTS.SOUTHERN.WILD,Beasts of the Southern Wild?to win Academy Award for Best Picture,10,0.8,Nov/26/2012 22:06:50
766879,BEST.PIC:BEASTS.SOUTHERN.WILD,Beasts of the Southern Wild?to win Academy Award for Best Picture,7,0.8,Nov/26/2012 22:07:20
766879,BEST.PIC:BEASTS.SOUTHERN.WILD,Beasts of the Southern Wild?to win Academy Award for Best Picture,3,0.8,Nov/26/2012 22:07:34
766879,BEST.PIC:BEASTS.SOUTHERN.WILD,Beasts of the Southern Wild?to win Academy Award for Best Picture,6,0.8,Nov/26/2012 22:07:58
766879,BEST.PIC:BEASTS.SOUTHERN.WILD,Beasts of the Southern Wild?to win Academy Award for Best Picture,19,0.8,Nov/26/2012 22:09:18
766879,BEST.PIC:BEASTS.SOUTHERN.WILD,Beasts of the Southern Wild?to win Academy Award for Best Picture,10,0.8,Nov/26/2012 22:10:53
766879,BEST.PIC:BEASTS.SOUTHERN.WILD,Beasts of the Southern Wild?to win Academy Award for Best Picture,9,0.8,Nov/26/2012 22:17:44
766879,BEST.PIC:BEASTS.SOUTHERN.WILD,Beasts of the Southern Wild?to win Academy Award for Best Picture,1,0.8,Nov/26/2012 22:18:50
766879,BEST.PIC:BEASTS.SOUTHERN.WILD,Beasts of the Southern Wild?to win Academy Award for Best Picture,19,0.8,Nov/26/2012 22:19:34
766879,BEST.PIC:BEASTS.SOUTHERN.WILD,Beasts of the Southern Wild?to win Academy Award for Best Picture,3,0.8,Nov/26/2012 22:29:02
766879,BEST.PIC:BEASTS.SOUTHERN.WILD,Beasts of the Southern Wild?to win Academy Award for Best Picture,1,0.8,Nov/26/2012 22:29:07
766879,BEST.PIC:BEASTS.SOUTHERN.WILD,Beasts of the Southern Wild?to win Academy Award for Best Picture,1,0.8,Nov/26/2012 22:29:51
766879,BEST.PIC:BEASTS.SOUTHERN.WILD,Beasts of the Southern Wild?to win Academy Award for Best Picture,5,0.8,Nov/26/2012 22:30:00
766879,BEST.PIC:BEASTS.SOUTHERN.WILD,Beasts of the Southern Wild?to win Academy Award for Best Picture,1,0.8,Nov/26/2012 22:35:20
766879,BEST.PIC:BEASTS.SOUTHERN.WILD,Beasts of the Southern Wild?to win Academy Award for Best Picture,280,0.8,Nov/26/2012 22:43:47
766879,BEST.PIC:BEASTS.SOUTHERN.WILD,Beasts of the Southern Wild?to win Academy Award for Best Picture,788,0.7,Nov/26/2012 22:54:53
766879,BEST.PIC:BEASTS.SOUTHERN.WILD,Beasts of the Southern Wild?to win Academy Award for Best Picture,3,0.8,Nov/26/2012 22:54:53
766879,BEST.PIC:BEASTS.SOUTHERN.WILD,Beasts of the Southern Wild?to win Academy Award for Best Picture,29,0.5,Nov/26/2012 22:55:33
766879,BEST.PIC:BEASTS.SOUTHERN.WILD,Beasts of the Southern Wild?to win Academy Award for Best Picture,60,0.6,Nov/26/2012 22:55:33
766879,BEST.PIC:BEASTS.SOUTHERN.WILD,Beasts of the Southern Wild?to win Academy Award for Best Picture,40,0.5,Nov/26/2012 23:21:27
766879,BEST.PIC:BEASTS.SOUTHERN.WILD,Beasts of the Southern Wild?to win Academy Award for Best Picture,10,0.8,Nov/26/2012 23:32:52
766879,BEST.PIC:BEASTS.SOUTHERN.WILD,Beasts of the Southern Wild?to win Academy Award for Best Picture,25,0.5,Nov/26/2012 23:39:42
766879,BEST.PIC:BEASTS.SOUTHERN.WILD,Beasts of the Southern Wild?to win Academy Award for Best Picture,6,0.5,Nov/26/2012 23:47:51
766879,BEST.PIC:BEASTS.SOUTHERN.WILD,Beasts of the Southern Wild?to win Academy Award for Best Picture,180,0.7,Nov/26/2012 23:59:23
766879,BEST.PIC:BEASTS.SOUTHERN.WILD,Beasts of the Southern Wild?to win Academy Award for Best Picture,3,0.7,Nov/27/2012 00:30:24
766879,BEST.PIC:BEASTS.SOUTHERN.WILD,Beasts of the Southern Wild?to win Academy Award for Best Picture,1,0.5,Nov/27/2012 02:14:30
766879,BEST.PIC:BEASTS.SOUTHERN.WILD,Beasts of the Southern Wild?to win Academy Award for Best Picture,1,0.7,Nov/27/2012 03:18:34
766879,BEST.PIC:BEASTS.SOUTHERN.WILD,Beasts of the Southern Wild?to win Academy Award for Best Picture,100,0.7,Nov/27/2012 03:37:08
766879,BEST.PIC:BEASTS.SOUTHERN.WILD,Beasts of the Southern Wild?to win Academy Award for Best Picture,100,0.7,Nov/27/2012 03:37:36
766879,BEST.PIC:BEASTS.SOUTHERN.WILD,Beasts of the Southern Wild?to win Academy Award for Best Picture,1,0.6,Nov/27/2012 05:44:32
766879,BEST.PIC:BEASTS.SOUTHERN.WILD,Beasts of the Southern Wild?to win Academy Award for Best Picture,110,0.7,Nov/27/2012 09:28:37
766879,BEST.PIC:BEASTS.SOUTHERN.WILD,Beasts of the Southern Wild?to win Academy Award for Best Picture,2,0.7,Nov/27/2012 09:28:37
766879,BEST.PIC:BEASTS.SOUTHERN.WILD,Beasts of the Southern Wild?to win Academy Award for Best Picture,2,0.7,Nov/27/2012 09:28:37
766879,BEST.PIC:BEASTS.SOUTHERN.WILD,Beasts of the Southern Wild?to win Academy Award for Best Picture,24,0.6,Nov/27/2012 09:29:56
766879,BEST.PIC:BEASTS.SOUTHERN.WILD,Beasts of the Southern Wild?to win Academy Award for Best Picture,110,0.6,Nov/27/2012 09:29:56
766879,BEST.PIC:BEASTS.SOUTHERN.WILD,Beasts of the Southern Wild?to win Academy Award for Best Picture,196,0.6,Nov/27/2012 13:34:27
766879,BEST.PIC:BEASTS.SOUTHERN.WILD,Beasts of the Southern Wild?to win Academy Award for Best Picture,11,0.6,Nov/27/2012 14:07:38
766879,BEST.PIC:BEASTS.SOUTHERN.WILD,Beasts of the Southern Wild?to win Academy Award for Best Picture,17,0.6,Nov/27/2012 15:10:42
766879,BEST.PIC:BEASTS.SOUTHERN.WILD,Beasts of the Southern Wild?to win Academy Award for Best Picture,130,0.6,Nov/27/2012 15:30:05
766879,BEST.PIC:BEASTS.SOUTHERN.WILD,Beasts of the Southern Wild?to win Academy Award for Best Picture,1,0.7,Nov/27/2012 16:02:30
766879,BEST.PIC:BEASTS.SOUTHERN.WILD,Beasts of the Southern Wild?to win Academy Award for Best Picture,200,0.6,Nov/27/2012 19:42:23
766879,BEST.PIC:BEASTS.SOUTHERN.WILD,Beasts of the Southern Wild?to win Academy Award for Best Picture,2,0.5,Nov/27/2012 20:34:01
766879,BEST.PIC:BEASTS.SOUTHERN.WILD,Beasts of the Southern Wild?to win Academy Award for Best Picture,38,0.6,Nov/27/2012 20:34:01
766879,BEST.PIC:BEASTS.SOUTHERN.WILD,Beasts of the Southern Wild?to win Academy Award for Best Picture,99,0.7,Nov/27/2012 21:13:16
766879,BEST.PIC:BEASTS.SOUTHERN.WILD,Beasts of the Southern Wild?to win Academy Award for Best Picture,100,0.7,Nov/27/2012 21:13:16
766879,BEST.PIC:BEASTS.SOUTHERN.WILD,Beasts of the Southern Wild?to win Academy Award for Best Picture,2,0.8,Nov/27/2012 22:01:52
766879,BEST.PIC:BEASTS.SOUTHERN.WILD,Beasts of the Southern Wild?to win Academy Award for Best Picture,60,0.5,Nov/28/2012 02:46:15
766879,BEST.PIC:BEASTS.SOUTHERN.WILD,Beasts of the Southern Wild?to win Academy Award for Best Picture,1,0.6,Nov/28/2012 15:23:10
766879,BEST.PIC:BEASTS.SOUTHERN.WILD,Beasts of the Southern Wild?to win Academy Award for Best Picture,1,0.6,Nov/28/2012 15:23:13
766879,BEST.PIC:BEASTS.SOUTHERN.WILD,Beasts of the Southern Wild?to win Academy Award for Best Picture,1,0.6,Nov/28/2012 15:26:51
766879,BEST.PIC:BEASTS.SOUTHERN.WILD,Beasts of the Southern Wild?to win Academy Award for Best Picture,1,0.6,Nov/28/2012 15:26:54
766879,BEST.PIC:BEASTS.SOUTHERN.WILD,Beasts of the Southern Wild?to win Academy Award for Best Picture,1,0.6,Nov/28/2012 15:26:55
766879,BEST.PIC:BEASTS.SOUTHERN.WILD,Beasts of the Southern Wild?to win Academy Award for Best Picture,1,0.6,Nov/28/2012 15:26:58
766879,BEST.PIC:BEASTS.SOUTHERN.WILD,Beasts of the Southern Wild?to win Academy Award for Best Picture,1,0.6,Nov/28/2012 15:33:49
766879,BEST.PIC:BEASTS.SOUTHERN.WILD,Beasts of the Southern Wild?to win Academy Award for Best Picture,1,0.6,Nov/28/2012 15:33:53
766879,BEST.PIC:BEASTS.SOUTHERN.WILD,Beasts of the Southern Wild?to win Academy Award for Best Picture,1,0.6,Nov/28/2012 15:33:55
766879,BEST.PIC:BEASTS.SOUTHERN.WILD,Beasts of the Southern Wild?to win Academy Award for Best Picture,1,0.6,Nov/28/2012 15:33:57
766879,BEST.PIC:BEASTS.SOUTHERN.WILD,Beasts of the Southern Wild?to win Academy Award for Best Picture,1,0.6,Nov/28/2012 15:33:59
766879,BEST.PIC:BEASTS.SOUTHERN.WILD,Beasts of the Southern Wild?to win Academy Award for Best Picture,1,0.6,Nov/28/2012 15:34:00
766879,BEST.PIC:BEASTS.SOUTHERN.WILD,Beasts of the Southern Wild?to win Academy Award for Best Picture,1,0.6,Nov/28/2012 15:34:03
766879,BEST.PIC:BEASTS.SOUTHERN.WILD,Beasts of the Southern Wild?to win Academy Award for Best Picture,1,0.6,Nov/28/2012 15:34:04
766879,BEST.PIC:BEASTS.SOUTHERN.WILD,Beasts of the Southern Wild?to win Academy Award for Best Picture,1,0.6,Nov/28/2012 15:34:06
766879,BEST.PIC:BEASTS.SOUTHERN.WILD,Beasts of the Southern Wild?to win Academy Award for Best Picture,1,0.6,Nov/28/2012 15:34:07
766879,BEST.PIC:BEASTS.SOUTHERN.WILD,Beasts of the Southern Wild?to win Academy Award for Best Picture,1,0.6,Nov/28/2012 15:34:08
766879,BEST.PIC:BEASTS.SOUTHERN.WILD,Beasts of the Southern Wild?to win Academy Award for Best Picture,1,0.6,Nov/28/2012 15:34:09
766879,BEST.PIC:BEASTS.SOUTHERN.WILD,Beasts of the Southern Wild?to win Academy Award for Best Picture,1,0.6,Nov/28/2012 15:34:10
766879,BEST.PIC:BEASTS.SOUTHERN.WILD,Beasts of the Southern Wild?to win Academy Award for Best Picture,1,0.6,Nov/28/2012 15:34:11
766879,BEST.PIC:BEASTS.SOUTHERN.WILD,Beasts of the Southern Wild?to win Academy Award for Best Picture,1,0.6,Nov/28/2012 15:38:02
766879,BEST.PIC:BEASTS.SOUTHERN.WILD,Beasts of the Southern Wild?to win Academy Award for Best Picture,1,0.6,Nov/28/2012 15:38:05
766879,BEST.PIC:BEASTS.SOUTHERN.WILD,Beasts of the Southern Wild?to win Academy Award for Best Picture,1,0.6,Nov/28/2012 15:38:08
766879,BEST.PIC:BEASTS.SOUTHERN.WILD,Beasts of the Southern Wild?to win Academy Award for Best Picture,1,0.6,Nov/28/2012 15:38:11
766879,BEST.PIC:BEASTS.SOUTHERN.WILD,Beasts of the Southern Wild?to win Academy Award for Best Picture,1,0.6,Nov/28/2012 15:38:12
766879,BEST.PIC:BEASTS.SOUTHERN.WILD,Beasts of the Southern Wild?to win Academy Award for Best Picture,1,0.6,Nov/28/2012 15:38:13
766879,BEST.PIC:BEASTS.SOUTHERN.WILD,Beasts of the Southern Wild?to win Academy Award for Best Picture,1,0.6,Nov/28/2012 15:38:14
766879,BEST.PIC:BEASTS.SOUTHERN.WILD,Beasts of the Southern Wild?to win Academy Award for Best Picture,1,0.6,Nov/28/2012 15:38:15
766879,BEST.PIC:BEASTS.SOUTHERN.WILD,Beasts of the Southern Wild?to win Academy Award for Best Picture,1,0.6,Nov/28/2012 15:58:32
766879,BEST.PIC:BEASTS.SOUTHERN.WILD,Beasts of the Southern Wild?to win Academy Award for Best Picture,1,0.6,Nov/28/2012 15:58:36
766879,BEST.PIC:BEASTS.SOUTHERN.WILD,Beasts of the Southern Wild?to win Academy Award for Best Picture,1,0.6,Nov/28/2012 15:58:40
766879,BEST.PIC:BEASTS.SOUTHERN.WILD,Beasts of the Southern Wild?to win Academy Award for Best Picture,1,0.6,Nov/28/2012 15:58:42
766879,BEST.PIC:BEASTS.SOUTHERN.WILD,Beasts of the Southern Wild?to win Academy Award for Best Picture,1,0.6,Nov/28/2012 15:58:43
766879,BEST.PIC:BEASTS.SOUTHERN.WILD,Beasts of the Southern Wild?to win Academy Award for Best Picture,1,0.6,Nov/28/2012 15:58:44
766879,BEST.PIC:BEASTS.SOUTHERN.WILD,Beasts of the Southern Wild?to win Academy Award for Best Picture,1,0.6,Nov/28/2012 15:58:46
766879,BEST.PIC:BEASTS.SOUTHERN.WILD,Beasts of the Southern Wild?to win Academy Award for Best Picture,1,0.6,Nov/28/2012 15:58:47
766879,BEST.PIC:BEASTS.SOUTHERN.WILD,Beasts of the Southern Wild?to win Academy Award for Best Picture,1,0.6,Nov/28/2012 15:58:48
766879,BEST.PIC:BEASTS.SOUTHERN.WILD,Beasts of the Southern Wild?to win Academy Award for Best Picture,1,0.6,Nov/28/2012 15:58:49
766879,BEST.PIC:BEASTS.SOUTHERN.WILD,Beasts of the Southern Wild?to win Academy Award for Best Picture,1,0.6,Nov/28/2012 15:58:50
766879,BEST.PIC:BEASTS.SOUTHERN.WILD,Beasts of the Southern Wild?to win Academy Award for Best Picture,1,0.6,Nov/28/2012 15:58:51
766879,BEST.PIC:BEASTS.SOUTHERN.WILD,Beasts of the Southern Wild?to win Academy Award for Best Picture,1,0.6,Nov/28/2012 15:58:52
766879,BEST.PIC:BEASTS.SOUTHERN.WILD,Beasts of the Southern Wild?to win Academy Award for Best Picture,1,0.6,Nov/28/2012 15:58:54
766879,BEST.PIC:BEASTS.SOUTHERN.WILD,Beasts of the Southern Wild?to win Academy Award for Best Picture,1,0.6,Nov/28/2012 15:58:55
766879,BEST.PIC:BEASTS.SOUTHERN.WILD,Beasts of the Southern Wild?to win Academy Award for Best Picture,1,0.6,Nov/28/2012 15:58:56
766879,BEST.PIC:BEASTS.SOUTHERN.WILD,Beasts of the Southern Wild?to win Academy Award for Best Picture,1,0.6,Nov/28/2012 15:58:57
766879,BEST.PIC:BEASTS.SOUTHERN.WILD,Beasts of the Southern Wild?to win Academy Award for Best Picture,1,0.6,Nov/28/2012 15:58:58
766879,BEST.PIC:BEASTS.SOUTHERN.WILD,Beasts of the Southern Wild?to win Academy Award for Best Picture,1,0.6,Nov/28/2012 15:58:59
766879,BEST.PIC:BEASTS.SOUTHERN.WILD,Beasts of the Southern Wild?to win Academy Award for Best Picture,1,0.6,Nov/28/2012 16:16:03
766879,BEST.PIC:BEASTS.SOUTHERN.WILD,Beasts of the Southern Wild?to win Academy Award for Best Picture,1,0.6,Nov/28/2012 16:16:08
766879,BEST.PIC:BEASTS.SOUTHERN.WILD,Beasts of the Southern Wild?to win Academy Award for Best Picture,1,0.6,Nov/28/2012 16:16:10
766879,BEST.PIC:BEASTS.SOUTHERN.WILD,Beasts of the Southern Wild?to win Academy Award for Best Picture,1,0.6,Nov/28/2012 16:16:12
766879,BEST.PIC:BEASTS.SOUTHERN.WILD,Beasts of the Southern Wild?to win Academy Award for Best Picture,1,0.6,Nov/28/2012 16:16:13
766879,BEST.PIC:BEASTS.SOUTHERN.WILD,Beasts of the Southern Wild?to win Academy Award for Best Picture,1,0.6,Nov/28/2012 16:16:14
766879,BEST.PIC:BEASTS.SOUTHERN.WILD,Beasts of the Southern Wild?to win Academy Award for Best Picture,1,0.6,Nov/28/2012 16:16:16
766879,BEST.PIC:BEASTS.SOUTHERN.WILD,Beasts of the Southern Wild?to win Academy Award for Best Picture,1,0.6,Nov/28/2012 16:16:16
766879,BEST.PIC:BEASTS.SOUTHERN.WILD,Beasts of the Southern Wild?to win Academy Award for Best Picture,1,0.6,Nov/28/2012 16:16:18
766879,BEST.PIC:BEASTS.SOUTHERN.WILD,Beasts of the Southern Wild?to win Academy Award for Best Picture,1,0.6,Nov/28/2012 16:16:19
766879,BEST.PIC:BEASTS.SOUTHERN.WILD,Beasts of the Southern Wild?to win Academy Award for Best Picture,1,0.6,Nov/28/2012 16:16:20
766879,BEST.PIC:BEASTS.SOUTHERN.WILD,Beasts of the Southern Wild?to win Academy Award for Best Picture,1,0.6,Nov/28/2012 16:16:21
766879,BEST.PIC:BEASTS.SOUTHERN.WILD,Beasts of the Southern Wild?to win Academy Award for Best Picture,1,0.6,Nov/28/2012 16:16:22
766879,BEST.PIC:BEASTS.SOUTHERN.WILD,Beasts of the Southern Wild?to win Academy Award for Best Picture,1,0.6,Nov/28/2012 16:16:23
766879,BEST.PIC:BEASTS.SOUTHERN.WILD,Beasts of the Southern Wild?to win Academy Award for Best Picture,1,0.6,Nov/28/2012 16:16:24
766879,BEST.PIC:BEASTS.SOUTHERN.WILD,Beasts of the Southern Wild?to win Academy Award for Best Picture,1,0.6,Nov/28/2012 16:16:26
766879,BEST.PIC:BEASTS.SOUTHERN.WILD,Beasts of the Southern Wild?to win Academy Award for Best Picture,1,0.6,Nov/28/2012 16:16:27
766879,BEST.PIC:BEASTS.SOUTHERN.WILD,Beasts of the Southern Wild?to win Academy Award for Best Picture,1,0.6,Nov/28/2012 16:16:28
766879,BEST.PIC:BEASTS.SOUTHERN.WILD,Beasts of the Southern Wild?to win Academy Award for Best Picture,1,0.6,Nov/28/2012 16:16:30
766879,BEST.PIC:BEASTS.SOUTHERN.WILD,Beasts of the Southern Wild?to win Academy Award for Best Picture,1,0.6,Nov/28/2012 16:16:31
766879,BEST.PIC:BEASTS.SOUTHERN.WILD,Beasts of the Southern Wild?to win Academy Award for Best Picture,1,0.6,Nov/28/2012 16:16:32
766879,BEST.PIC:BEASTS.SOUTHERN.WILD,Beasts of the Southern Wild?to win Academy Award for Best Picture,1,0.6,Nov/28/2012 16:16:33
766879,BEST.PIC:BEASTS.SOUTHERN.WILD,Beasts of the Southern Wild?to win Academy Award for Best Picture,1,0.6,Nov/28/2012 16:16:34
766879,BEST.PIC:BEASTS.SOUTHERN.WILD,Beasts of the Southern Wild?to win Academy Award for Best Picture,1,0.6,Nov/28/2012 16:16:35
766879,BEST.PIC:BEASTS.SOUTHERN.WILD,Beasts of the Southern Wild?to win Academy Award for Best Picture,29,0.6,Nov/28/2012 16:17:50
766879,BEST.PIC:BEASTS.SOUTHERN.WILD,Beasts of the Southern Wild?to win Academy Award for Best Picture,100,0.7,Nov/28/2012 16:18:11
