market id,market symbol,market name,trade quantity,trade price,date/time [utc]
766885,BEST.PIC:LIFE.OF.PI,Life of Pi?to win Academy Award for Best Picture,1,27.5,Oct/21/2012 04:14:55
766885,BEST.PIC:LIFE.OF.PI,Life of Pi?to win Academy Award for Best Picture,2,27.5,Oct/21/2012 04:15:18
766885,BEST.PIC:LIFE.OF.PI,Life of Pi?to win Academy Award for Best Picture,15,19.0,Oct/22/2012 17:36:04
766885,BEST.PIC:LIFE.OF.PI,Life of Pi?to win Academy Award for Best Picture,10,19.0,Oct/22/2012 17:36:04
766885,BEST.PIC:LIFE.OF.PI,Life of Pi?to win Academy Award for Best Picture,53,14.0,Oct/27/2012 07:27:41
766885,BEST.PIC:LIFE.OF.PI,Life of Pi?to win Academy Award for Best Picture,10,14.0,Oct/27/2012 07:27:41
766885,BEST.PIC:LIFE.OF.PI,Life of Pi?to win Academy Award for Best Picture,10,14.0,Oct/27/2012 07:27:41
766885,BEST.PIC:LIFE.OF.PI,Life of Pi?to win Academy Award for Best Picture,6,14.0,Oct/27/2012 07:27:41
766885,BEST.PIC:LIFE.OF.PI,Life of Pi?to win Academy Award for Best Picture,25,14.0,Oct/27/2012 07:27:41
766885,BEST.PIC:LIFE.OF.PI,Life of Pi?to win Academy Award for Best Picture,1,15.0,Oct/27/2012 12:00:29
766885,BEST.PIC:LIFE.OF.PI,Life of Pi?to win Academy Award for Best Picture,1,15.0,Oct/27/2012 15:00:05
766885,BEST.PIC:LIFE.OF.PI,Life of Pi?to win Academy Award for Best Picture,8,15.0,Oct/27/2012 22:33:37
766885,BEST.PIC:LIFE.OF.PI,Life of Pi?to win Academy Award for Best Picture,2,15.0,Oct/27/2012 22:33:37
766885,BEST.PIC:LIFE.OF.PI,Life of Pi?to win Academy Award for Best Picture,10,12.5,Oct/30/2012 13:13:01
766885,BEST.PIC:LIFE.OF.PI,Life of Pi?to win Academy Award for Best Picture,1,11.1,Oct/30/2012 20:12:02
766885,BEST.PIC:LIFE.OF.PI,Life of Pi?to win Academy Award for Best Picture,150,11.0,Nov/01/2012 03:18:08
766885,BEST.PIC:LIFE.OF.PI,Life of Pi?to win Academy Award for Best Picture,1,10.0,Nov/01/2012 03:18:08
766885,BEST.PIC:LIFE.OF.PI,Life of Pi?to win Academy Award for Best Picture,10,6.0,Nov/01/2012 06:45:29
766885,BEST.PIC:LIFE.OF.PI,Life of Pi?to win Academy Award for Best Picture,10,5.0,Nov/01/2012 06:45:29
766885,BEST.PIC:LIFE.OF.PI,Life of Pi?to win Academy Award for Best Picture,5,4.9,Nov/01/2012 06:45:29
766885,BEST.PIC:LIFE.OF.PI,Life of Pi?to win Academy Award for Best Picture,5,5.9,Nov/01/2012 06:45:29
766885,BEST.PIC:LIFE.OF.PI,Life of Pi?to win Academy Award for Best Picture,1,4.5,Nov/01/2012 16:51:31
766885,BEST.PIC:LIFE.OF.PI,Life of Pi?to win Academy Award for Best Picture,9,4.5,Nov/01/2012 17:07:25
766885,BEST.PIC:LIFE.OF.PI,Life of Pi?to win Academy Award for Best Picture,10,4.9,Nov/01/2012 17:07:44
766885,BEST.PIC:LIFE.OF.PI,Life of Pi?to win Academy Award for Best Picture,10,4.0,Nov/01/2012 21:57:22
766885,BEST.PIC:LIFE.OF.PI,Life of Pi?to win Academy Award for Best Picture,2,4.4,Nov/02/2012 00:06:18
766885,BEST.PIC:LIFE.OF.PI,Life of Pi?to win Academy Award for Best Picture,38,3.8,Nov/02/2012 04:27:17
766885,BEST.PIC:LIFE.OF.PI,Life of Pi?to win Academy Award for Best Picture,1,4.4,Nov/02/2012 13:29:14
766885,BEST.PIC:LIFE.OF.PI,Life of Pi?to win Academy Award for Best Picture,9,4.4,Nov/02/2012 21:11:09
766885,BEST.PIC:LIFE.OF.PI,Life of Pi?to win Academy Award for Best Picture,10,4.5,Nov/02/2012 21:11:18
766885,BEST.PIC:LIFE.OF.PI,Life of Pi?to win Academy Award for Best Picture,10,4.9,Nov/02/2012 21:11:29
766885,BEST.PIC:LIFE.OF.PI,Life of Pi?to win Academy Award for Best Picture,10,5.0,Nov/02/2012 21:11:42
766885,BEST.PIC:LIFE.OF.PI,Life of Pi?to win Academy Award for Best Picture,5,5.0,Nov/02/2012 21:11:42
766885,BEST.PIC:LIFE.OF.PI,Life of Pi?to win Academy Award for Best Picture,5,5.0,Nov/02/2012 21:14:15
766885,BEST.PIC:LIFE.OF.PI,Life of Pi?to win Academy Award for Best Picture,5,6.0,Nov/02/2012 21:19:10
766885,BEST.PIC:LIFE.OF.PI,Life of Pi?to win Academy Award for Best Picture,5,6.0,Nov/02/2012 21:34:06
766885,BEST.PIC:LIFE.OF.PI,Life of Pi?to win Academy Award for Best Picture,10,6.9,Nov/02/2012 21:34:35
766885,BEST.PIC:LIFE.OF.PI,Life of Pi?to win Academy Award for Best Picture,10,7.0,Nov/04/2012 01:57:57
766885,BEST.PIC:LIFE.OF.PI,Life of Pi?to win Academy Award for Best Picture,4,5.0,Nov/04/2012 05:16:47
766885,BEST.PIC:LIFE.OF.PI,Life of Pi?to win Academy Award for Best Picture,10,7.0,Nov/04/2012 17:36:57
766885,BEST.PIC:LIFE.OF.PI,Life of Pi?to win Academy Award for Best Picture,10,6.0,Nov/04/2012 17:36:57
766885,BEST.PIC:LIFE.OF.PI,Life of Pi?to win Academy Award for Best Picture,6,5.0,Nov/04/2012 17:36:57
766885,BEST.PIC:LIFE.OF.PI,Life of Pi?to win Academy Award for Best Picture,14,7.0,Nov/04/2012 17:51:53
766885,BEST.PIC:LIFE.OF.PI,Life of Pi?to win Academy Award for Best Picture,10,7.0,Nov/04/2012 17:55:01
766885,BEST.PIC:LIFE.OF.PI,Life of Pi?to win Academy Award for Best Picture,5,7.1,Nov/04/2012 18:57:17
766885,BEST.PIC:LIFE.OF.PI,Life of Pi?to win Academy Award for Best Picture,1,7.2,Nov/04/2012 18:57:17
766885,BEST.PIC:LIFE.OF.PI,Life of Pi?to win Academy Award for Best Picture,1,4.8,Nov/06/2012 04:28:51
766885,BEST.PIC:LIFE.OF.PI,Life of Pi?to win Academy Award for Best Picture,2,3.6,Nov/06/2012 19:26:40
766885,BEST.PIC:LIFE.OF.PI,Life of Pi?to win Academy Award for Best Picture,1,3.7,Nov/06/2012 19:26:40
766885,BEST.PIC:LIFE.OF.PI,Life of Pi?to win Academy Award for Best Picture,1,3.6,Nov/06/2012 23:24:48
766885,BEST.PIC:LIFE.OF.PI,Life of Pi?to win Academy Award for Best Picture,2,3.6,Nov/06/2012 23:25:02
766885,BEST.PIC:LIFE.OF.PI,Life of Pi?to win Academy Award for Best Picture,3,3.6,Nov/07/2012 08:00:21
766885,BEST.PIC:LIFE.OF.PI,Life of Pi?to win Academy Award for Best Picture,10,5.0,Nov/07/2012 08:00:35
766885,BEST.PIC:LIFE.OF.PI,Life of Pi?to win Academy Award for Best Picture,10,6.0,Nov/07/2012 12:50:31
766885,BEST.PIC:LIFE.OF.PI,Life of Pi?to win Academy Award for Best Picture,5,6.3,Nov/07/2012 14:35:13
766885,BEST.PIC:LIFE.OF.PI,Life of Pi?to win Academy Award for Best Picture,4,6.4,Nov/07/2012 14:36:32
766885,BEST.PIC:LIFE.OF.PI,Life of Pi?to win Academy Award for Best Picture,10,8.0,Nov/07/2012 14:39:19
766885,BEST.PIC:LIFE.OF.PI,Life of Pi?to win Academy Award for Best Picture,10,7.9,Nov/07/2012 14:39:19
766885,BEST.PIC:LIFE.OF.PI,Life of Pi?to win Academy Award for Best Picture,4,7.2,Nov/07/2012 14:39:19
766885,BEST.PIC:LIFE.OF.PI,Life of Pi?to win Academy Award for Best Picture,10,7.0,Nov/07/2012 14:39:19
766885,BEST.PIC:LIFE.OF.PI,Life of Pi?to win Academy Award for Best Picture,3,8.9,Nov/07/2012 14:43:39
766885,BEST.PIC:LIFE.OF.PI,Life of Pi?to win Academy Award for Best Picture,10,5.0,Nov/07/2012 15:56:45
766885,BEST.PIC:LIFE.OF.PI,Life of Pi?to win Academy Award for Best Picture,5,6.0,Nov/07/2012 16:21:40
766885,BEST.PIC:LIFE.OF.PI,Life of Pi?to win Academy Award for Best Picture,10,4.9,Nov/07/2012 17:03:31
766885,BEST.PIC:LIFE.OF.PI,Life of Pi?to win Academy Award for Best Picture,5,6.0,Nov/07/2012 17:03:48
766885,BEST.PIC:LIFE.OF.PI,Life of Pi?to win Academy Award for Best Picture,20,5.0,Nov/07/2012 18:08:22
766885,BEST.PIC:LIFE.OF.PI,Life of Pi?to win Academy Award for Best Picture,10,6.0,Nov/07/2012 18:08:39
766885,BEST.PIC:LIFE.OF.PI,Life of Pi?to win Academy Award for Best Picture,5,6.5,Nov/07/2012 18:08:53
766885,BEST.PIC:LIFE.OF.PI,Life of Pi?to win Academy Award for Best Picture,10,7.0,Nov/07/2012 18:09:08
766885,BEST.PIC:LIFE.OF.PI,Life of Pi?to win Academy Award for Best Picture,20,7.0,Nov/07/2012 18:09:08
766885,BEST.PIC:LIFE.OF.PI,Life of Pi?to win Academy Award for Best Picture,20,7.0,Nov/07/2012 18:09:20
766885,BEST.PIC:LIFE.OF.PI,Life of Pi?to win Academy Award for Best Picture,10,6.0,Nov/07/2012 18:14:12
766885,BEST.PIC:LIFE.OF.PI,Life of Pi?to win Academy Award for Best Picture,90,6.0,Nov/07/2012 18:14:27
766885,BEST.PIC:LIFE.OF.PI,Life of Pi?to win Academy Award for Best Picture,10,6.0,Nov/07/2012 18:14:37
766885,BEST.PIC:LIFE.OF.PI,Life of Pi?to win Academy Award for Best Picture,10,7.5,Nov/07/2012 18:39:29
766885,BEST.PIC:LIFE.OF.PI,Life of Pi?to win Academy Award for Best Picture,10,7.0,Nov/07/2012 18:39:29
766885,BEST.PIC:LIFE.OF.PI,Life of Pi?to win Academy Award for Best Picture,10,7.0,Nov/07/2012 18:45:01
766885,BEST.PIC:LIFE.OF.PI,Life of Pi?to win Academy Award for Best Picture,40,7.0,Nov/07/2012 18:45:23
766885,BEST.PIC:LIFE.OF.PI,Life of Pi?to win Academy Award for Best Picture,10,7.0,Nov/07/2012 18:45:23
766885,BEST.PIC:LIFE.OF.PI,Life of Pi?to win Academy Award for Best Picture,40,7.0,Nov/07/2012 18:45:42
766885,BEST.PIC:LIFE.OF.PI,Life of Pi?to win Academy Award for Best Picture,10,7.0,Nov/07/2012 18:57:10
766885,BEST.PIC:LIFE.OF.PI,Life of Pi?to win Academy Award for Best Picture,10,7.0,Nov/07/2012 18:57:10
766885,BEST.PIC:LIFE.OF.PI,Life of Pi?to win Academy Award for Best Picture,61,7.0,Nov/07/2012 18:57:47
766885,BEST.PIC:LIFE.OF.PI,Life of Pi?to win Academy Award for Best Picture,10,7.0,Nov/07/2012 19:06:38
766885,BEST.PIC:LIFE.OF.PI,Life of Pi?to win Academy Award for Best Picture,5,7.0,Nov/07/2012 19:06:38
766885,BEST.PIC:LIFE.OF.PI,Life of Pi?to win Academy Award for Best Picture,5,7.5,Nov/07/2012 19:10:21
766885,BEST.PIC:LIFE.OF.PI,Life of Pi?to win Academy Award for Best Picture,2,7.5,Nov/07/2012 19:16:13
766885,BEST.PIC:LIFE.OF.PI,Life of Pi?to win Academy Award for Best Picture,2,7.0,Nov/07/2012 19:56:58
766885,BEST.PIC:LIFE.OF.PI,Life of Pi?to win Academy Award for Best Picture,11,7.0,Nov/07/2012 20:38:14
766885,BEST.PIC:LIFE.OF.PI,Life of Pi?to win Academy Award for Best Picture,9,7.0,Nov/07/2012 20:38:14
766885,BEST.PIC:LIFE.OF.PI,Life of Pi?to win Academy Award for Best Picture,6,6.6,Nov/07/2012 22:09:04
766885,BEST.PIC:LIFE.OF.PI,Life of Pi?to win Academy Award for Best Picture,25,6.6,Nov/07/2012 22:38:42
766885,BEST.PIC:LIFE.OF.PI,Life of Pi?to win Academy Award for Best Picture,20,6.6,Nov/07/2012 23:40:24
766885,BEST.PIC:LIFE.OF.PI,Life of Pi?to win Academy Award for Best Picture,1,6.6,Nov/08/2012 01:47:24
766885,BEST.PIC:LIFE.OF.PI,Life of Pi?to win Academy Award for Best Picture,1,6.6,Nov/08/2012 02:22:55
766885,BEST.PIC:LIFE.OF.PI,Life of Pi?to win Academy Award for Best Picture,4,6.6,Nov/08/2012 02:22:55
766885,BEST.PIC:LIFE.OF.PI,Life of Pi?to win Academy Award for Best Picture,16,6.6,Nov/08/2012 02:31:34
766885,BEST.PIC:LIFE.OF.PI,Life of Pi?to win Academy Award for Best Picture,1,7.0,Nov/08/2012 02:41:15
766885,BEST.PIC:LIFE.OF.PI,Life of Pi?to win Academy Award for Best Picture,14,7.5,Nov/08/2012 02:41:24
766885,BEST.PIC:LIFE.OF.PI,Life of Pi?to win Academy Award for Best Picture,59,7.5,Nov/08/2012 02:45:14
766885,BEST.PIC:LIFE.OF.PI,Life of Pi?to win Academy Award for Best Picture,10,7.5,Nov/08/2012 02:45:14
766885,BEST.PIC:LIFE.OF.PI,Life of Pi?to win Academy Award for Best Picture,2,7.5,Nov/08/2012 02:45:14
766885,BEST.PIC:LIFE.OF.PI,Life of Pi?to win Academy Award for Best Picture,10,8.0,Nov/08/2012 03:54:49
766885,BEST.PIC:LIFE.OF.PI,Life of Pi?to win Academy Award for Best Picture,81,7.5,Nov/08/2012 04:10:04
766885,BEST.PIC:LIFE.OF.PI,Life of Pi?to win Academy Award for Best Picture,16,6.5,Nov/08/2012 05:26:55
766885,BEST.PIC:LIFE.OF.PI,Life of Pi?to win Academy Award for Best Picture,10,6.6,Nov/08/2012 05:26:55
766885,BEST.PIC:LIFE.OF.PI,Life of Pi?to win Academy Award for Best Picture,1,6.5,Nov/08/2012 11:23:04
766885,BEST.PIC:LIFE.OF.PI,Life of Pi?to win Academy Award for Best Picture,2,6.5,Nov/08/2012 11:56:45
766885,BEST.PIC:LIFE.OF.PI,Life of Pi?to win Academy Award for Best Picture,10,6.5,Nov/08/2012 12:02:45
766885,BEST.PIC:LIFE.OF.PI,Life of Pi?to win Academy Award for Best Picture,8,6.5,Nov/08/2012 12:10:19
766885,BEST.PIC:LIFE.OF.PI,Life of Pi?to win Academy Award for Best Picture,2,6.5,Nov/08/2012 12:10:45
766885,BEST.PIC:LIFE.OF.PI,Life of Pi?to win Academy Award for Best Picture,10,6.5,Nov/08/2012 12:12:51
766885,BEST.PIC:LIFE.OF.PI,Life of Pi?to win Academy Award for Best Picture,5,6.5,Nov/08/2012 12:19:53
766885,BEST.PIC:LIFE.OF.PI,Life of Pi?to win Academy Award for Best Picture,2,6.5,Nov/08/2012 12:20:46
766885,BEST.PIC:LIFE.OF.PI,Life of Pi?to win Academy Award for Best Picture,8,6.6,Nov/08/2012 12:31:24
766885,BEST.PIC:LIFE.OF.PI,Life of Pi?to win Academy Award for Best Picture,44,6.5,Nov/08/2012 14:12:11
766885,BEST.PIC:LIFE.OF.PI,Life of Pi?to win Academy Award for Best Picture,20,6.5,Nov/08/2012 14:12:11
766885,BEST.PIC:LIFE.OF.PI,Life of Pi?to win Academy Award for Best Picture,32,6.6,Nov/08/2012 14:12:11
766885,BEST.PIC:LIFE.OF.PI,Life of Pi?to win Academy Award for Best Picture,10,6.8,Nov/08/2012 14:12:11
766885,BEST.PIC:LIFE.OF.PI,Life of Pi?to win Academy Award for Best Picture,1,5.5,Nov/08/2012 14:12:20
766885,BEST.PIC:LIFE.OF.PI,Life of Pi?to win Academy Award for Best Picture,1,4.5,Nov/08/2012 14:12:20
766885,BEST.PIC:LIFE.OF.PI,Life of Pi?to win Academy Award for Best Picture,14,4.5,Nov/08/2012 17:53:14
766885,BEST.PIC:LIFE.OF.PI,Life of Pi?to win Academy Award for Best Picture,5,4.6,Nov/08/2012 17:53:14
766885,BEST.PIC:LIFE.OF.PI,Life of Pi?to win Academy Award for Best Picture,5,5.0,Nov/08/2012 18:14:08
766885,BEST.PIC:LIFE.OF.PI,Life of Pi?to win Academy Award for Best Picture,5,4.5,Nov/08/2012 18:59:38
766885,BEST.PIC:LIFE.OF.PI,Life of Pi?to win Academy Award for Best Picture,35,4.5,Nov/08/2012 19:07:41
766885,BEST.PIC:LIFE.OF.PI,Life of Pi?to win Academy Award for Best Picture,20,4.0,Nov/08/2012 19:13:40
766885,BEST.PIC:LIFE.OF.PI,Life of Pi?to win Academy Award for Best Picture,10,4.5,Nov/08/2012 19:33:46
766885,BEST.PIC:LIFE.OF.PI,Life of Pi?to win Academy Award for Best Picture,5,5.0,Nov/08/2012 19:45:59
766885,BEST.PIC:LIFE.OF.PI,Life of Pi?to win Academy Award for Best Picture,10,5.0,Nov/08/2012 19:45:59
766885,BEST.PIC:LIFE.OF.PI,Life of Pi?to win Academy Award for Best Picture,20,5.0,Nov/08/2012 19:45:59
766885,BEST.PIC:LIFE.OF.PI,Life of Pi?to win Academy Award for Best Picture,10,4.6,Nov/08/2012 20:05:08
766885,BEST.PIC:LIFE.OF.PI,Life of Pi?to win Academy Award for Best Picture,10,4.6,Nov/08/2012 20:14:01
766885,BEST.PIC:LIFE.OF.PI,Life of Pi?to win Academy Award for Best Picture,40,4.5,Nov/08/2012 20:45:27
766885,BEST.PIC:LIFE.OF.PI,Life of Pi?to win Academy Award for Best Picture,8,4.1,Nov/08/2012 20:52:16
766885,BEST.PIC:LIFE.OF.PI,Life of Pi?to win Academy Award for Best Picture,2,4.1,Nov/08/2012 20:54:02
766885,BEST.PIC:LIFE.OF.PI,Life of Pi?to win Academy Award for Best Picture,54,4.5,Nov/08/2012 20:54:21
766885,BEST.PIC:LIFE.OF.PI,Life of Pi?to win Academy Award for Best Picture,10,4.5,Nov/08/2012 20:54:21
766885,BEST.PIC:LIFE.OF.PI,Life of Pi?to win Academy Award for Best Picture,10,5.0,Nov/08/2012 22:59:33
766885,BEST.PIC:LIFE.OF.PI,Life of Pi?to win Academy Award for Best Picture,10,5.5,Nov/08/2012 22:59:44
766885,BEST.PIC:LIFE.OF.PI,Life of Pi?to win Academy Award for Best Picture,10,4.1,Nov/08/2012 23:31:49
766885,BEST.PIC:LIFE.OF.PI,Life of Pi?to win Academy Award for Best Picture,15,4.1,Nov/08/2012 23:32:09
766885,BEST.PIC:LIFE.OF.PI,Life of Pi?to win Academy Award for Best Picture,5,4.1,Nov/09/2012 00:01:53
766885,BEST.PIC:LIFE.OF.PI,Life of Pi?to win Academy Award for Best Picture,10,5.0,Nov/09/2012 00:01:53
766885,BEST.PIC:LIFE.OF.PI,Life of Pi?to win Academy Award for Best Picture,10,5.0,Nov/09/2012 00:59:01
766885,BEST.PIC:LIFE.OF.PI,Life of Pi?to win Academy Award for Best Picture,1,5.6,Nov/09/2012 02:30:37
766885,BEST.PIC:LIFE.OF.PI,Life of Pi?to win Academy Award for Best Picture,4,5.5,Nov/09/2012 02:34:47
766885,BEST.PIC:LIFE.OF.PI,Life of Pi?to win Academy Award for Best Picture,16,5.5,Nov/09/2012 02:35:42
766885,BEST.PIC:LIFE.OF.PI,Life of Pi?to win Academy Award for Best Picture,10,5.5,Nov/09/2012 03:19:44
766885,BEST.PIC:LIFE.OF.PI,Life of Pi?to win Academy Award for Best Picture,5,6.0,Nov/09/2012 03:28:48
766885,BEST.PIC:LIFE.OF.PI,Life of Pi?to win Academy Award for Best Picture,1,5.5,Nov/09/2012 03:31:26
766885,BEST.PIC:LIFE.OF.PI,Life of Pi?to win Academy Award for Best Picture,9,5.5,Nov/09/2012 03:35:20
766885,BEST.PIC:LIFE.OF.PI,Life of Pi?to win Academy Award for Best Picture,10,5.5,Nov/09/2012 03:52:54
766885,BEST.PIC:LIFE.OF.PI,Life of Pi?to win Academy Award for Best Picture,5,6.0,Nov/09/2012 03:53:55
766885,BEST.PIC:LIFE.OF.PI,Life of Pi?to win Academy Award for Best Picture,15,6.0,Nov/09/2012 03:53:55
766885,BEST.PIC:LIFE.OF.PI,Life of Pi?to win Academy Award for Best Picture,30,6.5,Nov/09/2012 03:54:08
766885,BEST.PIC:LIFE.OF.PI,Life of Pi?to win Academy Award for Best Picture,40,6.0,Nov/09/2012 04:15:16
766885,BEST.PIC:LIFE.OF.PI,Life of Pi?to win Academy Award for Best Picture,20,6.0,Nov/09/2012 04:21:21
766885,BEST.PIC:LIFE.OF.PI,Life of Pi?to win Academy Award for Best Picture,5,6.5,Nov/09/2012 04:24:28
766885,BEST.PIC:LIFE.OF.PI,Life of Pi?to win Academy Award for Best Picture,5,6.5,Nov/09/2012 04:29:18
766885,BEST.PIC:LIFE.OF.PI,Life of Pi?to win Academy Award for Best Picture,30,6.0,Nov/09/2012 04:29:26
766885,BEST.PIC:LIFE.OF.PI,Life of Pi?to win Academy Award for Best Picture,5,6.0,Nov/09/2012 04:38:34
766885,BEST.PIC:LIFE.OF.PI,Life of Pi?to win Academy Award for Best Picture,5,6.0,Nov/09/2012 05:38:38
766885,BEST.PIC:LIFE.OF.PI,Life of Pi?to win Academy Award for Best Picture,1,6.1,Nov/09/2012 06:29:41
766885,BEST.PIC:LIFE.OF.PI,Life of Pi?to win Academy Award for Best Picture,1,6.1,Nov/09/2012 06:35:33
766885,BEST.PIC:LIFE.OF.PI,Life of Pi?to win Academy Award for Best Picture,15,6.5,Nov/09/2012 06:35:40
766885,BEST.PIC:LIFE.OF.PI,Life of Pi?to win Academy Award for Best Picture,1,6.3,Nov/09/2012 06:41:45
766885,BEST.PIC:LIFE.OF.PI,Life of Pi?to win Academy Award for Best Picture,5,6.9,Nov/09/2012 06:44:41
766885,BEST.PIC:LIFE.OF.PI,Life of Pi?to win Academy Award for Best Picture,20,7.0,Nov/09/2012 06:44:54
766885,BEST.PIC:LIFE.OF.PI,Life of Pi?to win Academy Award for Best Picture,6,6.5,Nov/09/2012 06:46:46
766885,BEST.PIC:LIFE.OF.PI,Life of Pi?to win Academy Award for Best Picture,2,6.6,Nov/09/2012 06:46:46
766885,BEST.PIC:LIFE.OF.PI,Life of Pi?to win Academy Award for Best Picture,10,6.5,Nov/09/2012 06:55:28
766885,BEST.PIC:LIFE.OF.PI,Life of Pi?to win Academy Award for Best Picture,4,6.5,Nov/09/2012 07:03:56
766885,BEST.PIC:LIFE.OF.PI,Life of Pi?to win Academy Award for Best Picture,10,6.2,Nov/09/2012 07:34:49
766885,BEST.PIC:LIFE.OF.PI,Life of Pi?to win Academy Award for Best Picture,12,8.0,Nov/09/2012 07:40:04
766885,BEST.PIC:LIFE.OF.PI,Life of Pi?to win Academy Award for Best Picture,15,7.4,Nov/09/2012 07:40:04
766885,BEST.PIC:LIFE.OF.PI,Life of Pi?to win Academy Award for Best Picture,3,7.5,Nov/09/2012 07:40:04
766885,BEST.PIC:LIFE.OF.PI,Life of Pi?to win Academy Award for Best Picture,20,6.9,Nov/09/2012 07:40:04
766885,BEST.PIC:LIFE.OF.PI,Life of Pi?to win Academy Award for Best Picture,20,7.2,Nov/09/2012 07:54:03
766885,BEST.PIC:LIFE.OF.PI,Life of Pi?to win Academy Award for Best Picture,1,6.2,Nov/09/2012 10:03:03
766885,BEST.PIC:LIFE.OF.PI,Life of Pi?to win Academy Award for Best Picture,5,6.2,Nov/09/2012 10:44:18
766885,BEST.PIC:LIFE.OF.PI,Life of Pi?to win Academy Award for Best Picture,4,6.2,Nov/09/2012 10:44:53
766885,BEST.PIC:LIFE.OF.PI,Life of Pi?to win Academy Award for Best Picture,8,8.0,Nov/09/2012 12:01:31
766885,BEST.PIC:LIFE.OF.PI,Life of Pi?to win Academy Award for Best Picture,1,7.2,Nov/09/2012 13:44:01
766885,BEST.PIC:LIFE.OF.PI,Life of Pi?to win Academy Award for Best Picture,9,7.2,Nov/09/2012 14:00:55
766885,BEST.PIC:LIFE.OF.PI,Life of Pi?to win Academy Award for Best Picture,11,6.2,Nov/09/2012 14:01:29
766885,BEST.PIC:LIFE.OF.PI,Life of Pi?to win Academy Award for Best Picture,10,6.2,Nov/09/2012 14:06:03
766885,BEST.PIC:LIFE.OF.PI,Life of Pi?to win Academy Award for Best Picture,7,8.9,Nov/09/2012 14:08:47
766885,BEST.PIC:LIFE.OF.PI,Life of Pi?to win Academy Award for Best Picture,5,9.0,Nov/09/2012 14:09:56
766885,BEST.PIC:LIFE.OF.PI,Life of Pi?to win Academy Award for Best Picture,3,9.0,Nov/09/2012 14:10:45
766885,BEST.PIC:LIFE.OF.PI,Life of Pi?to win Academy Award for Best Picture,2,9.0,Nov/09/2012 14:12:13
766885,BEST.PIC:LIFE.OF.PI,Life of Pi?to win Academy Award for Best Picture,5,10.0,Nov/09/2012 14:23:54
766885,BEST.PIC:LIFE.OF.PI,Life of Pi?to win Academy Award for Best Picture,5,10.0,Nov/09/2012 14:52:23
766885,BEST.PIC:LIFE.OF.PI,Life of Pi?to win Academy Award for Best Picture,20,10.0,Nov/09/2012 14:52:23
766885,BEST.PIC:LIFE.OF.PI,Life of Pi?to win Academy Award for Best Picture,10,6.2,Nov/09/2012 16:14:10
766885,BEST.PIC:LIFE.OF.PI,Life of Pi?to win Academy Award for Best Picture,11,6.2,Nov/09/2012 17:03:08
766885,BEST.PIC:LIFE.OF.PI,Life of Pi?to win Academy Award for Best Picture,10,8.0,Nov/09/2012 17:06:22
766885,BEST.PIC:LIFE.OF.PI,Life of Pi?to win Academy Award for Best Picture,10,6.5,Nov/09/2012 18:47:14
766885,BEST.PIC:LIFE.OF.PI,Life of Pi?to win Academy Award for Best Picture,30,6.5,Nov/09/2012 19:16:32
766885,BEST.PIC:LIFE.OF.PI,Life of Pi?to win Academy Award for Best Picture,10,6.5,Nov/09/2012 19:24:22
766885,BEST.PIC:LIFE.OF.PI,Life of Pi?to win Academy Award for Best Picture,90,6.5,Nov/09/2012 21:13:49
766885,BEST.PIC:LIFE.OF.PI,Life of Pi?to win Academy Award for Best Picture,10,6.3,Nov/09/2012 21:32:14
766885,BEST.PIC:LIFE.OF.PI,Life of Pi?to win Academy Award for Best Picture,5,6.3,Nov/09/2012 21:35:26
766885,BEST.PIC:LIFE.OF.PI,Life of Pi?to win Academy Award for Best Picture,10,6.3,Nov/09/2012 21:37:15
766885,BEST.PIC:LIFE.OF.PI,Life of Pi?to win Academy Award for Best Picture,15,6.3,Nov/09/2012 21:41:12
766885,BEST.PIC:LIFE.OF.PI,Life of Pi?to win Academy Award for Best Picture,5,6.3,Nov/09/2012 21:42:09
766885,BEST.PIC:LIFE.OF.PI,Life of Pi?to win Academy Award for Best Picture,30,6.2,Nov/09/2012 21:51:14
766885,BEST.PIC:LIFE.OF.PI,Life of Pi?to win Academy Award for Best Picture,5,6.2,Nov/09/2012 21:52:04
766885,BEST.PIC:LIFE.OF.PI,Life of Pi?to win Academy Award for Best Picture,17,6.1,Nov/09/2012 21:54:40
766885,BEST.PIC:LIFE.OF.PI,Life of Pi?to win Academy Award for Best Picture,3,6.2,Nov/09/2012 21:54:40
766885,BEST.PIC:LIFE.OF.PI,Life of Pi?to win Academy Award for Best Picture,15,6.0,Nov/09/2012 21:58:02
766885,BEST.PIC:LIFE.OF.PI,Life of Pi?to win Academy Award for Best Picture,2,6.0,Nov/09/2012 21:58:02
766885,BEST.PIC:LIFE.OF.PI,Life of Pi?to win Academy Award for Best Picture,3,6.1,Nov/09/2012 21:58:02
766885,BEST.PIC:LIFE.OF.PI,Life of Pi?to win Academy Award for Best Picture,5,6.0,Nov/09/2012 21:59:09
766885,BEST.PIC:LIFE.OF.PI,Life of Pi?to win Academy Award for Best Picture,40,6.3,Nov/09/2012 22:31:06
766885,BEST.PIC:LIFE.OF.PI,Life of Pi?to win Academy Award for Best Picture,40,6.3,Nov/09/2012 22:31:56
766885,BEST.PIC:LIFE.OF.PI,Life of Pi?to win Academy Award for Best Picture,40,6.3,Nov/09/2012 22:34:31
766885,BEST.PIC:LIFE.OF.PI,Life of Pi?to win Academy Award for Best Picture,20,6.3,Nov/09/2012 22:38:14
766885,BEST.PIC:LIFE.OF.PI,Life of Pi?to win Academy Award for Best Picture,20,6.4,Nov/09/2012 22:59:09
766885,BEST.PIC:LIFE.OF.PI,Life of Pi?to win Academy Award for Best Picture,20,6.4,Nov/09/2012 22:59:09
766885,BEST.PIC:LIFE.OF.PI,Life of Pi?to win Academy Award for Best Picture,10,6.5,Nov/09/2012 23:21:10
766885,BEST.PIC:LIFE.OF.PI,Life of Pi?to win Academy Award for Best Picture,20,7.0,Nov/10/2012 00:05:46
766885,BEST.PIC:LIFE.OF.PI,Life of Pi?to win Academy Award for Best Picture,20,7.0,Nov/10/2012 00:05:46
766885,BEST.PIC:LIFE.OF.PI,Life of Pi?to win Academy Award for Best Picture,20,6.9,Nov/10/2012 00:05:46
766885,BEST.PIC:LIFE.OF.PI,Life of Pi?to win Academy Award for Best Picture,10,6.8,Nov/10/2012 00:05:46
766885,BEST.PIC:LIFE.OF.PI,Life of Pi?to win Academy Award for Best Picture,230,7.0,Nov/10/2012 00:06:06
766885,BEST.PIC:LIFE.OF.PI,Life of Pi?to win Academy Award for Best Picture,42,6.5,Nov/10/2012 00:39:54
766885,BEST.PIC:LIFE.OF.PI,Life of Pi?to win Academy Award for Best Picture,7,6.5,Nov/10/2012 00:40:17
766885,BEST.PIC:LIFE.OF.PI,Life of Pi?to win Academy Award for Best Picture,42,6.3,Nov/10/2012 00:41:23
766885,BEST.PIC:LIFE.OF.PI,Life of Pi?to win Academy Award for Best Picture,41,6.5,Nov/10/2012 00:41:23
766885,BEST.PIC:LIFE.OF.PI,Life of Pi?to win Academy Award for Best Picture,100,6.2,Nov/10/2012 00:44:16
766885,BEST.PIC:LIFE.OF.PI,Life of Pi?to win Academy Award for Best Picture,58,6.3,Nov/10/2012 00:44:16
766885,BEST.PIC:LIFE.OF.PI,Life of Pi?to win Academy Award for Best Picture,80,6.1,Nov/10/2012 00:44:22
766885,BEST.PIC:LIFE.OF.PI,Life of Pi?to win Academy Award for Best Picture,40,6.5,Nov/10/2012 01:05:35
766885,BEST.PIC:LIFE.OF.PI,Life of Pi?to win Academy Award for Best Picture,1,6.8,Nov/10/2012 01:31:07
766885,BEST.PIC:LIFE.OF.PI,Life of Pi?to win Academy Award for Best Picture,10,6.8,Nov/10/2012 01:42:36
766885,BEST.PIC:LIFE.OF.PI,Life of Pi?to win Academy Award for Best Picture,10,6.8,Nov/10/2012 02:37:58
766885,BEST.PIC:LIFE.OF.PI,Life of Pi?to win Academy Award for Best Picture,10,6.9,Nov/10/2012 02:47:33
766885,BEST.PIC:LIFE.OF.PI,Life of Pi?to win Academy Award for Best Picture,1,6.8,Nov/10/2012 02:53:25
766885,BEST.PIC:LIFE.OF.PI,Life of Pi?to win Academy Award for Best Picture,10,6.8,Nov/10/2012 03:22:08
766885,BEST.PIC:LIFE.OF.PI,Life of Pi?to win Academy Award for Best Picture,1,6.9,Nov/10/2012 03:34:57
766885,BEST.PIC:LIFE.OF.PI,Life of Pi?to win Academy Award for Best Picture,9,6.9,Nov/10/2012 03:36:42
766885,BEST.PIC:LIFE.OF.PI,Life of Pi?to win Academy Award for Best Picture,3,6.9,Nov/10/2012 03:41:31
766885,BEST.PIC:LIFE.OF.PI,Life of Pi?to win Academy Award for Best Picture,4,6.9,Nov/10/2012 03:45:07
766885,BEST.PIC:LIFE.OF.PI,Life of Pi?to win Academy Award for Best Picture,2,6.9,Nov/10/2012 03:51:52
766885,BEST.PIC:LIFE.OF.PI,Life of Pi?to win Academy Award for Best Picture,1,6.9,Nov/10/2012 04:25:31
766885,BEST.PIC:LIFE.OF.PI,Life of Pi?to win Academy Award for Best Picture,1,6.8,Nov/10/2012 04:33:47
766885,BEST.PIC:LIFE.OF.PI,Life of Pi?to win Academy Award for Best Picture,11,6.8,Nov/10/2012 06:38:49
766885,BEST.PIC:LIFE.OF.PI,Life of Pi?to win Academy Award for Best Picture,56,6.8,Nov/10/2012 06:42:06
766885,BEST.PIC:LIFE.OF.PI,Life of Pi?to win Academy Award for Best Picture,2,6.7,Nov/10/2012 06:42:06
766885,BEST.PIC:LIFE.OF.PI,Life of Pi?to win Academy Award for Best Picture,90,6.6,Nov/10/2012 07:43:40
766885,BEST.PIC:LIFE.OF.PI,Life of Pi?to win Academy Award for Best Picture,9,6.6,Nov/10/2012 11:54:26
766885,BEST.PIC:LIFE.OF.PI,Life of Pi?to win Academy Award for Best Picture,1,6.6,Nov/10/2012 12:46:40
766885,BEST.PIC:LIFE.OF.PI,Life of Pi?to win Academy Award for Best Picture,4,6.5,Nov/10/2012 13:07:13
766885,BEST.PIC:LIFE.OF.PI,Life of Pi?to win Academy Award for Best Picture,6,6.5,Nov/10/2012 13:08:12
766885,BEST.PIC:LIFE.OF.PI,Life of Pi?to win Academy Award for Best Picture,45,6.5,Nov/10/2012 13:30:09
766885,BEST.PIC:LIFE.OF.PI,Life of Pi?to win Academy Award for Best Picture,35,6.5,Nov/10/2012 13:30:49
766885,BEST.PIC:LIFE.OF.PI,Life of Pi?to win Academy Award for Best Picture,5,6.9,Nov/10/2012 14:04:31
766885,BEST.PIC:LIFE.OF.PI,Life of Pi?to win Academy Award for Best Picture,1,6.3,Nov/10/2012 14:06:42
766885,BEST.PIC:LIFE.OF.PI,Life of Pi?to win Academy Award for Best Picture,7,6.4,Nov/10/2012 14:06:42
766885,BEST.PIC:LIFE.OF.PI,Life of Pi?to win Academy Award for Best Picture,2,6.3,Nov/10/2012 14:06:42
766885,BEST.PIC:LIFE.OF.PI,Life of Pi?to win Academy Award for Best Picture,5,6.9,Nov/10/2012 14:08:36
766885,BEST.PIC:LIFE.OF.PI,Life of Pi?to win Academy Award for Best Picture,3,7.0,Nov/10/2012 14:09:26
766885,BEST.PIC:LIFE.OF.PI,Life of Pi?to win Academy Award for Best Picture,1,6.3,Nov/10/2012 16:15:57
766885,BEST.PIC:LIFE.OF.PI,Life of Pi?to win Academy Award for Best Picture,40,6.5,Nov/10/2012 17:56:34
766885,BEST.PIC:LIFE.OF.PI,Life of Pi?to win Academy Award for Best Picture,1,6.2,Nov/10/2012 18:03:34
766885,BEST.PIC:LIFE.OF.PI,Life of Pi?to win Academy Award for Best Picture,4,6.3,Nov/10/2012 18:03:34
766885,BEST.PIC:LIFE.OF.PI,Life of Pi?to win Academy Award for Best Picture,60,6.5,Nov/10/2012 18:39:39
766885,BEST.PIC:LIFE.OF.PI,Life of Pi?to win Academy Award for Best Picture,7,7.0,Nov/10/2012 18:41:30
766885,BEST.PIC:LIFE.OF.PI,Life of Pi?to win Academy Award for Best Picture,13,7.0,Nov/10/2012 18:41:30
766885,BEST.PIC:LIFE.OF.PI,Life of Pi?to win Academy Award for Best Picture,1,6.7,Nov/10/2012 18:50:36
766885,BEST.PIC:LIFE.OF.PI,Life of Pi?to win Academy Award for Best Picture,34,6.7,Nov/10/2012 18:52:09
766885,BEST.PIC:LIFE.OF.PI,Life of Pi?to win Academy Award for Best Picture,2,6.3,Nov/10/2012 18:54:29
766885,BEST.PIC:LIFE.OF.PI,Life of Pi?to win Academy Award for Best Picture,1,6.3,Nov/10/2012 18:58:27
766885,BEST.PIC:LIFE.OF.PI,Life of Pi?to win Academy Award for Best Picture,17,7.0,Nov/10/2012 19:13:48
766885,BEST.PIC:LIFE.OF.PI,Life of Pi?to win Academy Award for Best Picture,33,7.0,Nov/10/2012 19:13:48
766885,BEST.PIC:LIFE.OF.PI,Life of Pi?to win Academy Award for Best Picture,5,6.9,Nov/10/2012 19:42:48
766885,BEST.PIC:LIFE.OF.PI,Life of Pi?to win Academy Award for Best Picture,10,6.5,Nov/10/2012 20:05:17
766885,BEST.PIC:LIFE.OF.PI,Life of Pi?to win Academy Award for Best Picture,1,6.5,Nov/10/2012 20:06:11
766885,BEST.PIC:LIFE.OF.PI,Life of Pi?to win Academy Award for Best Picture,19,6.5,Nov/10/2012 20:09:22
766885,BEST.PIC:LIFE.OF.PI,Life of Pi?to win Academy Award for Best Picture,20,6.3,Nov/10/2012 20:32:54
766885,BEST.PIC:LIFE.OF.PI,Life of Pi?to win Academy Award for Best Picture,1,6.3,Nov/10/2012 20:55:09
766885,BEST.PIC:LIFE.OF.PI,Life of Pi?to win Academy Award for Best Picture,1,6.3,Nov/10/2012 21:38:00
766885,BEST.PIC:LIFE.OF.PI,Life of Pi?to win Academy Award for Best Picture,1,6.3,Nov/10/2012 21:47:19
766885,BEST.PIC:LIFE.OF.PI,Life of Pi?to win Academy Award for Best Picture,7,6.3,Nov/10/2012 22:07:25
766885,BEST.PIC:LIFE.OF.PI,Life of Pi?to win Academy Award for Best Picture,1,6.5,Nov/11/2012 00:51:10
766885,BEST.PIC:LIFE.OF.PI,Life of Pi?to win Academy Award for Best Picture,25,6.3,Nov/11/2012 01:00:07
766885,BEST.PIC:LIFE.OF.PI,Life of Pi?to win Academy Award for Best Picture,32,6.3,Nov/11/2012 01:20:25
766885,BEST.PIC:LIFE.OF.PI,Life of Pi?to win Academy Award for Best Picture,45,6.2,Nov/11/2012 01:27:37
766885,BEST.PIC:LIFE.OF.PI,Life of Pi?to win Academy Award for Best Picture,1,6.2,Nov/11/2012 01:56:23
766885,BEST.PIC:LIFE.OF.PI,Life of Pi?to win Academy Award for Best Picture,5,6.9,Nov/11/2012 02:23:07
766885,BEST.PIC:LIFE.OF.PI,Life of Pi?to win Academy Award for Best Picture,10,6.5,Nov/11/2012 06:28:43
766885,BEST.PIC:LIFE.OF.PI,Life of Pi?to win Academy Award for Best Picture,9,6.5,Nov/11/2012 07:18:34
766885,BEST.PIC:LIFE.OF.PI,Life of Pi?to win Academy Award for Best Picture,1,6.5,Nov/11/2012 07:20:00
766885,BEST.PIC:LIFE.OF.PI,Life of Pi?to win Academy Award for Best Picture,10,6.3,Nov/11/2012 07:20:00
766885,BEST.PIC:LIFE.OF.PI,Life of Pi?to win Academy Award for Best Picture,15,6.3,Nov/11/2012 07:23:31
766885,BEST.PIC:LIFE.OF.PI,Life of Pi?to win Academy Award for Best Picture,20,6.2,Nov/11/2012 07:31:10
766885,BEST.PIC:LIFE.OF.PI,Life of Pi?to win Academy Award for Best Picture,20,6.2,Nov/11/2012 07:31:10
766885,BEST.PIC:LIFE.OF.PI,Life of Pi?to win Academy Award for Best Picture,13,6.0,Nov/11/2012 07:40:29
766885,BEST.PIC:LIFE.OF.PI,Life of Pi?to win Academy Award for Best Picture,1,6.0,Nov/11/2012 07:40:29
766885,BEST.PIC:LIFE.OF.PI,Life of Pi?to win Academy Award for Best Picture,1,6.1,Nov/11/2012 07:40:29
766885,BEST.PIC:LIFE.OF.PI,Life of Pi?to win Academy Award for Best Picture,15,6.1,Nov/11/2012 07:40:29
766885,BEST.PIC:LIFE.OF.PI,Life of Pi?to win Academy Award for Best Picture,60,6.2,Nov/11/2012 07:43:49
766885,BEST.PIC:LIFE.OF.PI,Life of Pi?to win Academy Award for Best Picture,80,6.2,Nov/11/2012 07:43:49
766885,BEST.PIC:LIFE.OF.PI,Life of Pi?to win Academy Award for Best Picture,4,6.0,Nov/11/2012 07:47:43
766885,BEST.PIC:LIFE.OF.PI,Life of Pi?to win Academy Award for Best Picture,20,6.0,Nov/11/2012 07:47:43
766885,BEST.PIC:LIFE.OF.PI,Life of Pi?to win Academy Award for Best Picture,6,6.0,Nov/11/2012 08:36:53
766885,BEST.PIC:LIFE.OF.PI,Life of Pi?to win Academy Award for Best Picture,10,6.6,Nov/11/2012 10:36:42
766885,BEST.PIC:LIFE.OF.PI,Life of Pi?to win Academy Award for Best Picture,1,6.0,Nov/11/2012 12:26:29
766885,BEST.PIC:LIFE.OF.PI,Life of Pi?to win Academy Award for Best Picture,1,6.0,Nov/11/2012 12:26:33
766885,BEST.PIC:LIFE.OF.PI,Life of Pi?to win Academy Award for Best Picture,1,6.0,Nov/11/2012 12:26:35
766885,BEST.PIC:LIFE.OF.PI,Life of Pi?to win Academy Award for Best Picture,1,6.0,Nov/11/2012 12:26:37
766885,BEST.PIC:LIFE.OF.PI,Life of Pi?to win Academy Award for Best Picture,1,6.0,Nov/11/2012 12:26:39
766885,BEST.PIC:LIFE.OF.PI,Life of Pi?to win Academy Award for Best Picture,1,6.0,Nov/11/2012 12:33:38
766885,BEST.PIC:LIFE.OF.PI,Life of Pi?to win Academy Award for Best Picture,1,6.0,Nov/11/2012 12:33:39
766885,BEST.PIC:LIFE.OF.PI,Life of Pi?to win Academy Award for Best Picture,1,6.0,Nov/11/2012 12:33:43
766885,BEST.PIC:LIFE.OF.PI,Life of Pi?to win Academy Award for Best Picture,1,6.0,Nov/11/2012 12:33:45
766885,BEST.PIC:LIFE.OF.PI,Life of Pi?to win Academy Award for Best Picture,1,6.0,Nov/11/2012 12:33:47
766885,BEST.PIC:LIFE.OF.PI,Life of Pi?to win Academy Award for Best Picture,1,6.0,Nov/11/2012 12:33:48
766885,BEST.PIC:LIFE.OF.PI,Life of Pi?to win Academy Award for Best Picture,1,6.0,Nov/11/2012 12:33:49
766885,BEST.PIC:LIFE.OF.PI,Life of Pi?to win Academy Award for Best Picture,1,6.0,Nov/11/2012 13:34:48
766885,BEST.PIC:LIFE.OF.PI,Life of Pi?to win Academy Award for Best Picture,1,6.0,Nov/11/2012 14:34:33
766885,BEST.PIC:LIFE.OF.PI,Life of Pi?to win Academy Award for Best Picture,1,6.0,Nov/11/2012 14:34:36
766885,BEST.PIC:LIFE.OF.PI,Life of Pi?to win Academy Award for Best Picture,1,6.0,Nov/11/2012 14:34:38
766885,BEST.PIC:LIFE.OF.PI,Life of Pi?to win Academy Award for Best Picture,1,6.0,Nov/11/2012 14:34:40
766885,BEST.PIC:LIFE.OF.PI,Life of Pi?to win Academy Award for Best Picture,1,6.0,Nov/11/2012 14:34:42
766885,BEST.PIC:LIFE.OF.PI,Life of Pi?to win Academy Award for Best Picture,1,6.0,Nov/11/2012 14:34:43
766885,BEST.PIC:LIFE.OF.PI,Life of Pi?to win Academy Award for Best Picture,1,6.0,Nov/11/2012 14:34:44
766885,BEST.PIC:LIFE.OF.PI,Life of Pi?to win Academy Award for Best Picture,85,6.3,Nov/11/2012 19:14:28
766885,BEST.PIC:LIFE.OF.PI,Life of Pi?to win Academy Award for Best Picture,20,6.2,Nov/11/2012 19:14:28
766885,BEST.PIC:LIFE.OF.PI,Life of Pi?to win Academy Award for Best Picture,40,6.1,Nov/11/2012 19:14:28
766885,BEST.PIC:LIFE.OF.PI,Life of Pi?to win Academy Award for Best Picture,30,6.1,Nov/11/2012 19:22:25
766885,BEST.PIC:LIFE.OF.PI,Life of Pi?to win Academy Award for Best Picture,20,6.2,Nov/11/2012 19:36:54
766885,BEST.PIC:LIFE.OF.PI,Life of Pi?to win Academy Award for Best Picture,20,6.2,Nov/11/2012 19:40:41
766885,BEST.PIC:LIFE.OF.PI,Life of Pi?to win Academy Award for Best Picture,20,6.2,Nov/11/2012 19:46:00
766885,BEST.PIC:LIFE.OF.PI,Life of Pi?to win Academy Award for Best Picture,10,6.5,Nov/11/2012 20:03:58
766885,BEST.PIC:LIFE.OF.PI,Life of Pi?to win Academy Award for Best Picture,30,6.5,Nov/11/2012 20:16:14
766885,BEST.PIC:LIFE.OF.PI,Life of Pi?to win Academy Award for Best Picture,7,7.0,Nov/11/2012 20:16:14
766885,BEST.PIC:LIFE.OF.PI,Life of Pi?to win Academy Award for Best Picture,60,7.0,Nov/11/2012 20:16:14
766885,BEST.PIC:LIFE.OF.PI,Life of Pi?to win Academy Award for Best Picture,10,6.9,Nov/11/2012 20:16:14
766885,BEST.PIC:LIFE.OF.PI,Life of Pi?to win Academy Award for Best Picture,2,7.0,Nov/11/2012 20:16:14
766885,BEST.PIC:LIFE.OF.PI,Life of Pi?to win Academy Award for Best Picture,10,7.0,Nov/11/2012 20:16:22
766885,BEST.PIC:LIFE.OF.PI,Life of Pi?to win Academy Award for Best Picture,10,6.2,Nov/11/2012 20:37:40
766885,BEST.PIC:LIFE.OF.PI,Life of Pi?to win Academy Award for Best Picture,20,6.5,Nov/11/2012 21:25:15
766885,BEST.PIC:LIFE.OF.PI,Life of Pi?to win Academy Award for Best Picture,15,6.3,Nov/11/2012 21:48:24
766885,BEST.PIC:LIFE.OF.PI,Life of Pi?to win Academy Award for Best Picture,10,7.0,Nov/11/2012 22:12:35
766885,BEST.PIC:LIFE.OF.PI,Life of Pi?to win Academy Award for Best Picture,20,7.0,Nov/11/2012 22:29:07
766885,BEST.PIC:LIFE.OF.PI,Life of Pi?to win Academy Award for Best Picture,20,7.0,Nov/12/2012 00:30:15
766885,BEST.PIC:LIFE.OF.PI,Life of Pi?to win Academy Award for Best Picture,30,7.0,Nov/12/2012 00:51:55
766885,BEST.PIC:LIFE.OF.PI,Life of Pi?to win Academy Award for Best Picture,40,7.0,Nov/12/2012 01:37:52
766885,BEST.PIC:LIFE.OF.PI,Life of Pi?to win Academy Award for Best Picture,40,7.0,Nov/12/2012 01:45:14
766885,BEST.PIC:LIFE.OF.PI,Life of Pi?to win Academy Award for Best Picture,3,7.0,Nov/12/2012 01:57:58
766885,BEST.PIC:LIFE.OF.PI,Life of Pi?to win Academy Award for Best Picture,10,6.3,Nov/12/2012 04:49:59
766885,BEST.PIC:LIFE.OF.PI,Life of Pi?to win Academy Award for Best Picture,11,6.3,Nov/12/2012 04:51:46
766885,BEST.PIC:LIFE.OF.PI,Life of Pi?to win Academy Award for Best Picture,10,7.0,Nov/12/2012 07:56:51
766885,BEST.PIC:LIFE.OF.PI,Life of Pi?to win Academy Award for Best Picture,20,7.0,Nov/12/2012 14:04:05
766885,BEST.PIC:LIFE.OF.PI,Life of Pi?to win Academy Award for Best Picture,7,7.0,Nov/12/2012 14:04:50
766885,BEST.PIC:LIFE.OF.PI,Life of Pi?to win Academy Award for Best Picture,9,6.3,Nov/12/2012 16:05:28
766885,BEST.PIC:LIFE.OF.PI,Life of Pi?to win Academy Award for Best Picture,1,6.4,Nov/12/2012 16:05:28
766885,BEST.PIC:LIFE.OF.PI,Life of Pi?to win Academy Award for Best Picture,20,6.3,Nov/12/2012 16:08:34
766885,BEST.PIC:LIFE.OF.PI,Life of Pi?to win Academy Award for Best Picture,20,7.0,Nov/12/2012 16:14:22
766885,BEST.PIC:LIFE.OF.PI,Life of Pi?to win Academy Award for Best Picture,1,6.3,Nov/12/2012 21:35:36
766885,BEST.PIC:LIFE.OF.PI,Life of Pi?to win Academy Award for Best Picture,1,6.4,Nov/12/2012 21:41:30
766885,BEST.PIC:LIFE.OF.PI,Life of Pi?to win Academy Award for Best Picture,1,6.4,Nov/12/2012 22:22:32
766885,BEST.PIC:LIFE.OF.PI,Life of Pi?to win Academy Award for Best Picture,2,6.3,Nov/12/2012 22:57:29
766885,BEST.PIC:LIFE.OF.PI,Life of Pi?to win Academy Award for Best Picture,18,6.4,Nov/12/2012 22:57:29
766885,BEST.PIC:LIFE.OF.PI,Life of Pi?to win Academy Award for Best Picture,10,6.3,Nov/12/2012 23:42:46
766885,BEST.PIC:LIFE.OF.PI,Life of Pi?to win Academy Award for Best Picture,10,6.8,Nov/13/2012 00:42:47
766885,BEST.PIC:LIFE.OF.PI,Life of Pi?to win Academy Award for Best Picture,1,6.9,Nov/13/2012 00:42:54
766885,BEST.PIC:LIFE.OF.PI,Life of Pi?to win Academy Award for Best Picture,20,7.0,Nov/13/2012 00:43:28
766885,BEST.PIC:LIFE.OF.PI,Life of Pi?to win Academy Award for Best Picture,20,7.0,Nov/13/2012 00:43:28
766885,BEST.PIC:LIFE.OF.PI,Life of Pi?to win Academy Award for Best Picture,4,7.2,Nov/13/2012 00:43:37
766885,BEST.PIC:LIFE.OF.PI,Life of Pi?to win Academy Award for Best Picture,2,6.4,Nov/13/2012 00:44:06
766885,BEST.PIC:LIFE.OF.PI,Life of Pi?to win Academy Award for Best Picture,10,7.3,Nov/13/2012 00:44:33
766885,BEST.PIC:LIFE.OF.PI,Life of Pi?to win Academy Award for Best Picture,40,7.0,Nov/13/2012 00:48:21
766885,BEST.PIC:LIFE.OF.PI,Life of Pi?to win Academy Award for Best Picture,7,6.3,Nov/13/2012 01:11:14
766885,BEST.PIC:LIFE.OF.PI,Life of Pi?to win Academy Award for Best Picture,5,6.2,Nov/13/2012 01:11:14
766885,BEST.PIC:LIFE.OF.PI,Life of Pi?to win Academy Award for Best Picture,8,6.4,Nov/13/2012 01:11:14
766885,BEST.PIC:LIFE.OF.PI,Life of Pi?to win Academy Award for Best Picture,10,6.5,Nov/13/2012 01:11:14
766885,BEST.PIC:LIFE.OF.PI,Life of Pi?to win Academy Award for Best Picture,10,6.8,Nov/13/2012 01:11:14
766885,BEST.PIC:LIFE.OF.PI,Life of Pi?to win Academy Award for Best Picture,5,6.3,Nov/13/2012 01:49:09
766885,BEST.PIC:LIFE.OF.PI,Life of Pi?to win Academy Award for Best Picture,45,6.2,Nov/13/2012 01:55:00
766885,BEST.PIC:LIFE.OF.PI,Life of Pi?to win Academy Award for Best Picture,15,6.3,Nov/13/2012 01:55:00
766885,BEST.PIC:LIFE.OF.PI,Life of Pi?to win Academy Award for Best Picture,25,6.3,Nov/13/2012 02:16:18
766885,BEST.PIC:LIFE.OF.PI,Life of Pi?to win Academy Award for Best Picture,15,6.4,Nov/13/2012 02:16:18
766885,BEST.PIC:LIFE.OF.PI,Life of Pi?to win Academy Award for Best Picture,10,6.5,Nov/13/2012 02:26:53
766885,BEST.PIC:LIFE.OF.PI,Life of Pi?to win Academy Award for Best Picture,20,6.3,Nov/13/2012 03:03:21
766885,BEST.PIC:LIFE.OF.PI,Life of Pi?to win Academy Award for Best Picture,10,6.4,Nov/13/2012 03:03:21
766885,BEST.PIC:LIFE.OF.PI,Life of Pi?to win Academy Award for Best Picture,10,6.3,Nov/13/2012 03:06:52
766885,BEST.PIC:LIFE.OF.PI,Life of Pi?to win Academy Award for Best Picture,10,6.5,Nov/13/2012 03:12:46
766885,BEST.PIC:LIFE.OF.PI,Life of Pi?to win Academy Award for Best Picture,10,6.7,Nov/13/2012 03:14:03
766885,BEST.PIC:LIFE.OF.PI,Life of Pi?to win Academy Award for Best Picture,5,6.2,Nov/13/2012 03:30:24
766885,BEST.PIC:LIFE.OF.PI,Life of Pi?to win Academy Award for Best Picture,1,6.2,Nov/13/2012 04:53:58
766885,BEST.PIC:LIFE.OF.PI,Life of Pi?to win Academy Award for Best Picture,20,6.5,Nov/13/2012 05:48:10
766885,BEST.PIC:LIFE.OF.PI,Life of Pi?to win Academy Award for Best Picture,1,6.5,Nov/13/2012 10:49:32
766885,BEST.PIC:LIFE.OF.PI,Life of Pi?to win Academy Award for Best Picture,3,6.4,Nov/13/2012 10:54:13
766885,BEST.PIC:LIFE.OF.PI,Life of Pi?to win Academy Award for Best Picture,1,6.5,Nov/13/2012 10:59:11
766885,BEST.PIC:LIFE.OF.PI,Life of Pi?to win Academy Award for Best Picture,5,6.6,Nov/13/2012 11:12:29
766885,BEST.PIC:LIFE.OF.PI,Life of Pi?to win Academy Award for Best Picture,5,6.7,Nov/13/2012 11:13:01
766885,BEST.PIC:LIFE.OF.PI,Life of Pi?to win Academy Award for Best Picture,5,6.6,Nov/13/2012 11:42:13
766885,BEST.PIC:LIFE.OF.PI,Life of Pi?to win Academy Award for Best Picture,1,6.6,Nov/13/2012 12:00:42
766885,BEST.PIC:LIFE.OF.PI,Life of Pi?to win Academy Award for Best Picture,1,6.6,Nov/13/2012 12:01:02
766885,BEST.PIC:LIFE.OF.PI,Life of Pi?to win Academy Award for Best Picture,1,6.6,Nov/13/2012 12:21:41
766885,BEST.PIC:LIFE.OF.PI,Life of Pi?to win Academy Award for Best Picture,7,6.6,Nov/13/2012 12:54:54
766885,BEST.PIC:LIFE.OF.PI,Life of Pi?to win Academy Award for Best Picture,3,6.5,Nov/13/2012 12:55:09
766885,BEST.PIC:LIFE.OF.PI,Life of Pi?to win Academy Award for Best Picture,21,6.5,Nov/13/2012 15:13:33
766885,BEST.PIC:LIFE.OF.PI,Life of Pi?to win Academy Award for Best Picture,15,6.5,Nov/13/2012 15:47:46
766885,BEST.PIC:LIFE.OF.PI,Life of Pi?to win Academy Award for Best Picture,22,6.4,Nov/13/2012 16:34:10
766885,BEST.PIC:LIFE.OF.PI,Life of Pi?to win Academy Award for Best Picture,78,6.4,Nov/13/2012 16:34:10
766885,BEST.PIC:LIFE.OF.PI,Life of Pi?to win Academy Award for Best Picture,1,6.4,Nov/13/2012 16:35:37
766885,BEST.PIC:LIFE.OF.PI,Life of Pi?to win Academy Award for Best Picture,1,6.4,Nov/13/2012 16:36:17
766885,BEST.PIC:LIFE.OF.PI,Life of Pi?to win Academy Award for Best Picture,20,6.3,Nov/13/2012 17:44:15
766885,BEST.PIC:LIFE.OF.PI,Life of Pi?to win Academy Award for Best Picture,14,6.2,Nov/13/2012 17:46:33
766885,BEST.PIC:LIFE.OF.PI,Life of Pi?to win Academy Award for Best Picture,22,6.1,Nov/13/2012 17:46:46
766885,BEST.PIC:LIFE.OF.PI,Life of Pi?to win Academy Award for Best Picture,1,6.4,Nov/13/2012 20:51:56
766885,BEST.PIC:LIFE.OF.PI,Life of Pi?to win Academy Award for Best Picture,15,6.5,Nov/13/2012 20:52:14
766885,BEST.PIC:LIFE.OF.PI,Life of Pi?to win Academy Award for Best Picture,2,6.3,Nov/13/2012 21:24:47
766885,BEST.PIC:LIFE.OF.PI,Life of Pi?to win Academy Award for Best Picture,15,6.5,Nov/13/2012 22:05:43
766885,BEST.PIC:LIFE.OF.PI,Life of Pi?to win Academy Award for Best Picture,10,6.3,Nov/13/2012 22:55:29
766885,BEST.PIC:LIFE.OF.PI,Life of Pi?to win Academy Award for Best Picture,15,6.3,Nov/13/2012 23:56:52
766885,BEST.PIC:LIFE.OF.PI,Life of Pi?to win Academy Award for Best Picture,3,6.5,Nov/14/2012 00:06:11
766885,BEST.PIC:LIFE.OF.PI,Life of Pi?to win Academy Award for Best Picture,30,6.5,Nov/14/2012 00:54:42
766885,BEST.PIC:LIFE.OF.PI,Life of Pi?to win Academy Award for Best Picture,1,6.5,Nov/14/2012 01:49:49
766885,BEST.PIC:LIFE.OF.PI,Life of Pi?to win Academy Award for Best Picture,17,6.5,Nov/14/2012 01:49:49
766885,BEST.PIC:LIFE.OF.PI,Life of Pi?to win Academy Award for Best Picture,1,6.1,Nov/14/2012 03:47:25
766885,BEST.PIC:LIFE.OF.PI,Life of Pi?to win Academy Award for Best Picture,3,6.3,Nov/14/2012 03:47:25
766885,BEST.PIC:LIFE.OF.PI,Life of Pi?to win Academy Award for Best Picture,5,6.4,Nov/14/2012 03:47:25
766885,BEST.PIC:LIFE.OF.PI,Life of Pi?to win Academy Award for Best Picture,10,6.2,Nov/14/2012 04:32:34
766885,BEST.PIC:LIFE.OF.PI,Life of Pi?to win Academy Award for Best Picture,3,6.2,Nov/14/2012 04:34:46
766885,BEST.PIC:LIFE.OF.PI,Life of Pi?to win Academy Award for Best Picture,2,6.2,Nov/14/2012 04:34:56
766885,BEST.PIC:LIFE.OF.PI,Life of Pi?to win Academy Award for Best Picture,3,6.2,Nov/14/2012 04:36:47
766885,BEST.PIC:LIFE.OF.PI,Life of Pi?to win Academy Award for Best Picture,2,6.2,Nov/14/2012 04:37:40
766885,BEST.PIC:LIFE.OF.PI,Life of Pi?to win Academy Award for Best Picture,5,6.0,Nov/14/2012 05:00:46
766885,BEST.PIC:LIFE.OF.PI,Life of Pi?to win Academy Award for Best Picture,5,6.0,Nov/14/2012 05:15:55
766885,BEST.PIC:LIFE.OF.PI,Life of Pi?to win Academy Award for Best Picture,4,6.0,Nov/14/2012 05:19:45
766885,BEST.PIC:LIFE.OF.PI,Life of Pi?to win Academy Award for Best Picture,6,6.0,Nov/14/2012 05:21:17
766885,BEST.PIC:LIFE.OF.PI,Life of Pi?to win Academy Award for Best Picture,20,6.0,Nov/14/2012 05:26:15
766885,BEST.PIC:LIFE.OF.PI,Life of Pi?to win Academy Award for Best Picture,30,6.0,Nov/14/2012 05:28:13
766885,BEST.PIC:LIFE.OF.PI,Life of Pi?to win Academy Award for Best Picture,20,6.0,Nov/14/2012 05:40:01
766885,BEST.PIC:LIFE.OF.PI,Life of Pi?to win Academy Award for Best Picture,1,5.7,Nov/14/2012 05:55:31
766885,BEST.PIC:LIFE.OF.PI,Life of Pi?to win Academy Award for Best Picture,1,5.6,Nov/14/2012 05:55:36
766885,BEST.PIC:LIFE.OF.PI,Life of Pi?to win Academy Award for Best Picture,1,5.2,Nov/14/2012 05:55:43
766885,BEST.PIC:LIFE.OF.PI,Life of Pi?to win Academy Award for Best Picture,5,5.8,Nov/14/2012 10:43:35
766885,BEST.PIC:LIFE.OF.PI,Life of Pi?to win Academy Award for Best Picture,5,6.0,Nov/14/2012 13:11:31
766885,BEST.PIC:LIFE.OF.PI,Life of Pi?to win Academy Award for Best Picture,1,6.4,Nov/14/2012 16:14:23
766885,BEST.PIC:LIFE.OF.PI,Life of Pi?to win Academy Award for Best Picture,1,6.4,Nov/14/2012 16:14:23
766885,BEST.PIC:LIFE.OF.PI,Life of Pi?to win Academy Award for Best Picture,10,6.4,Nov/14/2012 16:14:23
766885,BEST.PIC:LIFE.OF.PI,Life of Pi?to win Academy Award for Best Picture,11,5.8,Nov/14/2012 17:16:28
766885,BEST.PIC:LIFE.OF.PI,Life of Pi?to win Academy Award for Best Picture,8,5.8,Nov/14/2012 17:31:25
766885,BEST.PIC:LIFE.OF.PI,Life of Pi?to win Academy Award for Best Picture,1,5.9,Nov/14/2012 17:31:25
766885,BEST.PIC:LIFE.OF.PI,Life of Pi?to win Academy Award for Best Picture,1,6.4,Nov/14/2012 18:10:41
766885,BEST.PIC:LIFE.OF.PI,Life of Pi?to win Academy Award for Best Picture,40,7.0,Nov/14/2012 19:03:58
766885,BEST.PIC:LIFE.OF.PI,Life of Pi?to win Academy Award for Best Picture,10,6.9,Nov/14/2012 19:03:58
766885,BEST.PIC:LIFE.OF.PI,Life of Pi?to win Academy Award for Best Picture,10,6.9,Nov/14/2012 19:03:58
766885,BEST.PIC:LIFE.OF.PI,Life of Pi?to win Academy Award for Best Picture,10,6.8,Nov/14/2012 19:03:58
766885,BEST.PIC:LIFE.OF.PI,Life of Pi?to win Academy Award for Best Picture,10,6.8,Nov/14/2012 19:03:58
766885,BEST.PIC:LIFE.OF.PI,Life of Pi?to win Academy Award for Best Picture,15,6.7,Nov/14/2012 19:03:58
766885,BEST.PIC:LIFE.OF.PI,Life of Pi?to win Academy Award for Best Picture,13,6.5,Nov/14/2012 19:03:58
766885,BEST.PIC:LIFE.OF.PI,Life of Pi?to win Academy Award for Best Picture,40,6.5,Nov/14/2012 19:03:58
766885,BEST.PIC:LIFE.OF.PI,Life of Pi?to win Academy Award for Best Picture,40,7.0,Nov/14/2012 19:03:58
766885,BEST.PIC:LIFE.OF.PI,Life of Pi?to win Academy Award for Best Picture,10,6.4,Nov/14/2012 19:03:58
766885,BEST.PIC:LIFE.OF.PI,Life of Pi?to win Academy Award for Best Picture,20,7.0,Nov/14/2012 19:41:30
766885,BEST.PIC:LIFE.OF.PI,Life of Pi?to win Academy Award for Best Picture,10,7.0,Nov/14/2012 19:54:19
766885,BEST.PIC:LIFE.OF.PI,Life of Pi?to win Academy Award for Best Picture,10,7.0,Nov/14/2012 20:09:14
766885,BEST.PIC:LIFE.OF.PI,Life of Pi?to win Academy Award for Best Picture,10,7.0,Nov/14/2012 22:14:23
766885,BEST.PIC:LIFE.OF.PI,Life of Pi?to win Academy Award for Best Picture,4,6.9,Nov/14/2012 22:50:46
766885,BEST.PIC:LIFE.OF.PI,Life of Pi?to win Academy Award for Best Picture,1,6.9,Nov/14/2012 22:53:23
766885,BEST.PIC:LIFE.OF.PI,Life of Pi?to win Academy Award for Best Picture,5,6.9,Nov/14/2012 22:57:09
766885,BEST.PIC:LIFE.OF.PI,Life of Pi?to win Academy Award for Best Picture,5,6.9,Nov/14/2012 22:57:24
766885,BEST.PIC:LIFE.OF.PI,Life of Pi?to win Academy Award for Best Picture,10,7.0,Nov/14/2012 23:52:02
766885,BEST.PIC:LIFE.OF.PI,Life of Pi?to win Academy Award for Best Picture,20,7.0,Nov/14/2012 23:52:02
766885,BEST.PIC:LIFE.OF.PI,Life of Pi?to win Academy Award for Best Picture,10,7.0,Nov/15/2012 00:11:41
766885,BEST.PIC:LIFE.OF.PI,Life of Pi?to win Academy Award for Best Picture,4,7.0,Nov/15/2012 00:16:45
766885,BEST.PIC:LIFE.OF.PI,Life of Pi?to win Academy Award for Best Picture,8,7.2,Nov/15/2012 00:21:34
766885,BEST.PIC:LIFE.OF.PI,Life of Pi?to win Academy Award for Best Picture,56,7.0,Nov/15/2012 00:25:31
766885,BEST.PIC:LIFE.OF.PI,Life of Pi?to win Academy Award for Best Picture,10,6.9,Nov/15/2012 00:45:10
766885,BEST.PIC:LIFE.OF.PI,Life of Pi?to win Academy Award for Best Picture,44,7.0,Nov/15/2012 00:55:42
766885,BEST.PIC:LIFE.OF.PI,Life of Pi?to win Academy Award for Best Picture,2,7.0,Nov/15/2012 01:19:54
766885,BEST.PIC:LIFE.OF.PI,Life of Pi?to win Academy Award for Best Picture,2,7.0,Nov/15/2012 01:20:05
766885,BEST.PIC:LIFE.OF.PI,Life of Pi?to win Academy Award for Best Picture,52,7.0,Nov/15/2012 01:23:48
766885,BEST.PIC:LIFE.OF.PI,Life of Pi?to win Academy Award for Best Picture,48,7.0,Nov/15/2012 01:31:34
766885,BEST.PIC:LIFE.OF.PI,Life of Pi?to win Academy Award for Best Picture,10,7.1,Nov/15/2012 01:47:31
766885,BEST.PIC:LIFE.OF.PI,Life of Pi?to win Academy Award for Best Picture,17,7.0,Nov/15/2012 02:02:49
766885,BEST.PIC:LIFE.OF.PI,Life of Pi?to win Academy Award for Best Picture,1,7.2,Nov/15/2012 02:06:11
766885,BEST.PIC:LIFE.OF.PI,Life of Pi?to win Academy Award for Best Picture,40,7.0,Nov/15/2012 02:06:18
766885,BEST.PIC:LIFE.OF.PI,Life of Pi?to win Academy Award for Best Picture,1,7.2,Nov/15/2012 02:07:33
766885,BEST.PIC:LIFE.OF.PI,Life of Pi?to win Academy Award for Best Picture,1,7.0,Nov/15/2012 02:15:24
766885,BEST.PIC:LIFE.OF.PI,Life of Pi?to win Academy Award for Best Picture,1,7.0,Nov/15/2012 02:35:44
766885,BEST.PIC:LIFE.OF.PI,Life of Pi?to win Academy Award for Best Picture,1,7.0,Nov/15/2012 02:41:21
766885,BEST.PIC:LIFE.OF.PI,Life of Pi?to win Academy Award for Best Picture,4,7.0,Nov/15/2012 02:57:21
766885,BEST.PIC:LIFE.OF.PI,Life of Pi?to win Academy Award for Best Picture,1,7.0,Nov/15/2012 02:58:43
766885,BEST.PIC:LIFE.OF.PI,Life of Pi?to win Academy Award for Best Picture,2,7.0,Nov/15/2012 03:00:38
766885,BEST.PIC:LIFE.OF.PI,Life of Pi?to win Academy Award for Best Picture,25,7.0,Nov/15/2012 03:02:35
766885,BEST.PIC:LIFE.OF.PI,Life of Pi?to win Academy Award for Best Picture,25,7.0,Nov/15/2012 03:04:23
766885,BEST.PIC:LIFE.OF.PI,Life of Pi?to win Academy Award for Best Picture,35,7.0,Nov/15/2012 03:04:30
766885,BEST.PIC:LIFE.OF.PI,Life of Pi?to win Academy Award for Best Picture,20,6.9,Nov/15/2012 03:22:36
766885,BEST.PIC:LIFE.OF.PI,Life of Pi?to win Academy Award for Best Picture,65,7.0,Nov/15/2012 03:39:27
766885,BEST.PIC:LIFE.OF.PI,Life of Pi?to win Academy Award for Best Picture,35,7.0,Nov/15/2012 03:47:28
766885,BEST.PIC:LIFE.OF.PI,Life of Pi?to win Academy Award for Best Picture,50,7.0,Nov/15/2012 04:24:13
766885,BEST.PIC:LIFE.OF.PI,Life of Pi?to win Academy Award for Best Picture,15,7.0,Nov/15/2012 04:45:53
766885,BEST.PIC:LIFE.OF.PI,Life of Pi?to win Academy Award for Best Picture,1,7.0,Nov/15/2012 05:27:14
766885,BEST.PIC:LIFE.OF.PI,Life of Pi?to win Academy Award for Best Picture,6,7.0,Nov/15/2012 05:32:35
766885,BEST.PIC:LIFE.OF.PI,Life of Pi?to win Academy Award for Best Picture,2,6.9,Nov/15/2012 05:56:41
766885,BEST.PIC:LIFE.OF.PI,Life of Pi?to win Academy Award for Best Picture,3,7.0,Nov/15/2012 05:56:41
766885,BEST.PIC:LIFE.OF.PI,Life of Pi?to win Academy Award for Best Picture,5,6.9,Nov/15/2012 05:57:48
766885,BEST.PIC:LIFE.OF.PI,Life of Pi?to win Academy Award for Best Picture,4,7.1,Nov/15/2012 06:25:29
766885,BEST.PIC:LIFE.OF.PI,Life of Pi?to win Academy Award for Best Picture,4,7.1,Nov/15/2012 07:11:03
766885,BEST.PIC:LIFE.OF.PI,Life of Pi?to win Academy Award for Best Picture,1,7.0,Nov/15/2012 09:59:34
766885,BEST.PIC:LIFE.OF.PI,Life of Pi?to win Academy Award for Best Picture,1,7.0,Nov/15/2012 09:59:56
766885,BEST.PIC:LIFE.OF.PI,Life of Pi?to win Academy Award for Best Picture,1,7.1,Nov/15/2012 10:01:26
766885,BEST.PIC:LIFE.OF.PI,Life of Pi?to win Academy Award for Best Picture,1,7.0,Nov/15/2012 10:55:23
766885,BEST.PIC:LIFE.OF.PI,Life of Pi?to win Academy Award for Best Picture,9,7.0,Nov/15/2012 10:57:47
766885,BEST.PIC:LIFE.OF.PI,Life of Pi?to win Academy Award for Best Picture,20,7.2,Nov/15/2012 11:28:44
766885,BEST.PIC:LIFE.OF.PI,Life of Pi?to win Academy Award for Best Picture,12,7.2,Nov/15/2012 11:29:19
766885,BEST.PIC:LIFE.OF.PI,Life of Pi?to win Academy Award for Best Picture,6,7.4,Nov/15/2012 11:30:23
766885,BEST.PIC:LIFE.OF.PI,Life of Pi?to win Academy Award for Best Picture,20,7.4,Nov/15/2012 11:30:23
766885,BEST.PIC:LIFE.OF.PI,Life of Pi?to win Academy Award for Best Picture,50,7.4,Nov/15/2012 11:30:23
766885,BEST.PIC:LIFE.OF.PI,Life of Pi?to win Academy Award for Best Picture,20,7.5,Nov/15/2012 11:32:53
766885,BEST.PIC:LIFE.OF.PI,Life of Pi?to win Academy Award for Best Picture,115,7.5,Nov/15/2012 11:32:53
766885,BEST.PIC:LIFE.OF.PI,Life of Pi?to win Academy Award for Best Picture,1,7.2,Nov/15/2012 11:38:14
766885,BEST.PIC:LIFE.OF.PI,Life of Pi?to win Academy Award for Best Picture,1,6.9,Nov/15/2012 12:14:56
766885,BEST.PIC:LIFE.OF.PI,Life of Pi?to win Academy Award for Best Picture,3,6.9,Nov/15/2012 12:15:34
766885,BEST.PIC:LIFE.OF.PI,Life of Pi?to win Academy Award for Best Picture,9,7.1,Nov/15/2012 13:15:24
766885,BEST.PIC:LIFE.OF.PI,Life of Pi?to win Academy Award for Best Picture,1,7.0,Nov/15/2012 13:15:24
766885,BEST.PIC:LIFE.OF.PI,Life of Pi?to win Academy Award for Best Picture,1,7.1,Nov/15/2012 14:22:36
766885,BEST.PIC:LIFE.OF.PI,Life of Pi?to win Academy Award for Best Picture,5,7.5,Nov/15/2012 14:22:45
766885,BEST.PIC:LIFE.OF.PI,Life of Pi?to win Academy Award for Best Picture,6,7.5,Nov/15/2012 14:24:01
766885,BEST.PIC:LIFE.OF.PI,Life of Pi?to win Academy Award for Best Picture,1,7.5,Nov/15/2012 14:24:27
766885,BEST.PIC:LIFE.OF.PI,Life of Pi?to win Academy Award for Best Picture,1,7.0,Nov/15/2012 14:35:27
766885,BEST.PIC:LIFE.OF.PI,Life of Pi?to win Academy Award for Best Picture,9,7.0,Nov/15/2012 14:41:36
766885,BEST.PIC:LIFE.OF.PI,Life of Pi?to win Academy Award for Best Picture,14,7.0,Nov/15/2012 14:42:00
766885,BEST.PIC:LIFE.OF.PI,Life of Pi?to win Academy Award for Best Picture,4,7.0,Nov/15/2012 14:43:42
766885,BEST.PIC:LIFE.OF.PI,Life of Pi?to win Academy Award for Best Picture,5,7.0,Nov/15/2012 14:52:31
766885,BEST.PIC:LIFE.OF.PI,Life of Pi?to win Academy Award for Best Picture,8,7.0,Nov/15/2012 15:01:32
766885,BEST.PIC:LIFE.OF.PI,Life of Pi?to win Academy Award for Best Picture,18,7.0,Nov/15/2012 15:10:19
766885,BEST.PIC:LIFE.OF.PI,Life of Pi?to win Academy Award for Best Picture,1,7.0,Nov/15/2012 15:10:43
766885,BEST.PIC:LIFE.OF.PI,Life of Pi?to win Academy Award for Best Picture,2,7.0,Nov/15/2012 15:15:52
766885,BEST.PIC:LIFE.OF.PI,Life of Pi?to win Academy Award for Best Picture,14,7.0,Nov/15/2012 15:18:27
766885,BEST.PIC:LIFE.OF.PI,Life of Pi?to win Academy Award for Best Picture,25,7.0,Nov/15/2012 15:20:26
766885,BEST.PIC:LIFE.OF.PI,Life of Pi?to win Academy Award for Best Picture,21,7.0,Nov/15/2012 15:42:20
766885,BEST.PIC:LIFE.OF.PI,Life of Pi?to win Academy Award for Best Picture,4,7.0,Nov/15/2012 15:42:51
766885,BEST.PIC:LIFE.OF.PI,Life of Pi?to win Academy Award for Best Picture,36,7.0,Nov/15/2012 16:09:02
766885,BEST.PIC:LIFE.OF.PI,Life of Pi?to win Academy Award for Best Picture,21,6.9,Nov/15/2012 16:35:35
766885,BEST.PIC:LIFE.OF.PI,Life of Pi?to win Academy Award for Best Picture,25,7.0,Nov/15/2012 17:08:06
766885,BEST.PIC:LIFE.OF.PI,Life of Pi?to win Academy Award for Best Picture,16,7.0,Nov/15/2012 17:12:44
766885,BEST.PIC:LIFE.OF.PI,Life of Pi?to win Academy Award for Best Picture,9,7.0,Nov/15/2012 17:18:36
766885,BEST.PIC:LIFE.OF.PI,Life of Pi?to win Academy Award for Best Picture,20,7.0,Nov/15/2012 17:23:22
766885,BEST.PIC:LIFE.OF.PI,Life of Pi?to win Academy Award for Best Picture,223,6.9,Nov/15/2012 17:29:33
766885,BEST.PIC:LIFE.OF.PI,Life of Pi?to win Academy Award for Best Picture,10,6.9,Nov/15/2012 17:29:49
766885,BEST.PIC:LIFE.OF.PI,Life of Pi?to win Academy Award for Best Picture,20,6.8,Nov/15/2012 17:30:15
766885,BEST.PIC:LIFE.OF.PI,Life of Pi?to win Academy Award for Best Picture,10,6.8,Nov/15/2012 17:42:00
766885,BEST.PIC:LIFE.OF.PI,Life of Pi?to win Academy Award for Best Picture,34,6.9,Nov/15/2012 17:45:14
766885,BEST.PIC:LIFE.OF.PI,Life of Pi?to win Academy Award for Best Picture,52,6.8,Nov/15/2012 19:16:45
766885,BEST.PIC:LIFE.OF.PI,Life of Pi?to win Academy Award for Best Picture,139,6.8,Nov/15/2012 20:29:10
766885,BEST.PIC:LIFE.OF.PI,Life of Pi?to win Academy Award for Best Picture,10,7.1,Nov/15/2012 21:34:35
766885,BEST.PIC:LIFE.OF.PI,Life of Pi?to win Academy Award for Best Picture,10,7.1,Nov/15/2012 21:54:17
766885,BEST.PIC:LIFE.OF.PI,Life of Pi?to win Academy Award for Best Picture,10,7.0,Nov/15/2012 21:59:57
766885,BEST.PIC:LIFE.OF.PI,Life of Pi?to win Academy Award for Best Picture,24,7.0,Nov/15/2012 22:00:23
766885,BEST.PIC:LIFE.OF.PI,Life of Pi?to win Academy Award for Best Picture,7,7.0,Nov/15/2012 22:00:47
766885,BEST.PIC:LIFE.OF.PI,Life of Pi?to win Academy Award for Best Picture,80,7.0,Nov/15/2012 22:03:37
766885,BEST.PIC:LIFE.OF.PI,Life of Pi?to win Academy Award for Best Picture,10,7.0,Nov/15/2012 22:04:18
766885,BEST.PIC:LIFE.OF.PI,Life of Pi?to win Academy Award for Best Picture,69,7.0,Nov/15/2012 22:08:46
766885,BEST.PIC:LIFE.OF.PI,Life of Pi?to win Academy Award for Best Picture,1,6.9,Nov/15/2012 22:11:23
766885,BEST.PIC:LIFE.OF.PI,Life of Pi?to win Academy Award for Best Picture,80,6.9,Nov/15/2012 22:12:15
766885,BEST.PIC:LIFE.OF.PI,Life of Pi?to win Academy Award for Best Picture,10,6.9,Nov/15/2012 22:22:54
766885,BEST.PIC:LIFE.OF.PI,Life of Pi?to win Academy Award for Best Picture,13,6.8,Nov/15/2012 22:24:14
766885,BEST.PIC:LIFE.OF.PI,Life of Pi?to win Academy Award for Best Picture,9,6.9,Nov/15/2012 22:24:14
766885,BEST.PIC:LIFE.OF.PI,Life of Pi?to win Academy Award for Best Picture,1,6.8,Nov/15/2012 22:25:16
766885,BEST.PIC:LIFE.OF.PI,Life of Pi?to win Academy Award for Best Picture,123,6.8,Nov/15/2012 22:35:28
766885,BEST.PIC:LIFE.OF.PI,Life of Pi?to win Academy Award for Best Picture,40,6.8,Nov/15/2012 22:39:33
766885,BEST.PIC:LIFE.OF.PI,Life of Pi?to win Academy Award for Best Picture,20,6.8,Nov/15/2012 22:43:10
766885,BEST.PIC:LIFE.OF.PI,Life of Pi?to win Academy Award for Best Picture,40,7.0,Nov/15/2012 22:49:37
766885,BEST.PIC:LIFE.OF.PI,Life of Pi?to win Academy Award for Best Picture,8,6.9,Nov/15/2012 22:51:42
766885,BEST.PIC:LIFE.OF.PI,Life of Pi?to win Academy Award for Best Picture,2,6.9,Nov/15/2012 23:55:58
766885,BEST.PIC:LIFE.OF.PI,Life of Pi?to win Academy Award for Best Picture,3,6.8,Nov/16/2012 00:00:48
766885,BEST.PIC:LIFE.OF.PI,Life of Pi?to win Academy Award for Best Picture,10,6.7,Nov/16/2012 01:41:44
766885,BEST.PIC:LIFE.OF.PI,Life of Pi?to win Academy Award for Best Picture,9,6.8,Nov/16/2012 01:41:44
766885,BEST.PIC:LIFE.OF.PI,Life of Pi?to win Academy Award for Best Picture,40,6.5,Nov/16/2012 04:31:31
766885,BEST.PIC:LIFE.OF.PI,Life of Pi?to win Academy Award for Best Picture,39,6.5,Nov/16/2012 04:34:27
766885,BEST.PIC:LIFE.OF.PI,Life of Pi?to win Academy Award for Best Picture,100,7.0,Nov/16/2012 08:53:11
766885,BEST.PIC:LIFE.OF.PI,Life of Pi?to win Academy Award for Best Picture,1,7.4,Nov/16/2012 12:42:23
766885,BEST.PIC:LIFE.OF.PI,Life of Pi?to win Academy Award for Best Picture,1,7.0,Nov/16/2012 13:51:47
766885,BEST.PIC:LIFE.OF.PI,Life of Pi?to win Academy Award for Best Picture,10,6.9,Nov/16/2012 15:02:49
766885,BEST.PIC:LIFE.OF.PI,Life of Pi?to win Academy Award for Best Picture,19,6.5,Nov/16/2012 15:52:38
766885,BEST.PIC:LIFE.OF.PI,Life of Pi?to win Academy Award for Best Picture,25,6.6,Nov/16/2012 15:58:56
766885,BEST.PIC:LIFE.OF.PI,Life of Pi?to win Academy Award for Best Picture,25,6.6,Nov/16/2012 16:01:15
766885,BEST.PIC:LIFE.OF.PI,Life of Pi?to win Academy Award for Best Picture,5,6.6,Nov/16/2012 17:19:04
766885,BEST.PIC:LIFE.OF.PI,Life of Pi?to win Academy Award for Best Picture,81,6.5,Nov/16/2012 17:19:48
766885,BEST.PIC:LIFE.OF.PI,Life of Pi?to win Academy Award for Best Picture,19,6.5,Nov/16/2012 17:19:48
766885,BEST.PIC:LIFE.OF.PI,Life of Pi?to win Academy Award for Best Picture,39,6.6,Nov/16/2012 17:58:08
766885,BEST.PIC:LIFE.OF.PI,Life of Pi?to win Academy Award for Best Picture,2,6.8,Nov/16/2012 18:46:20
766885,BEST.PIC:LIFE.OF.PI,Life of Pi?to win Academy Award for Best Picture,1,6.4,Nov/16/2012 20:58:57
766885,BEST.PIC:LIFE.OF.PI,Life of Pi?to win Academy Award for Best Picture,10,6.4,Nov/17/2012 00:00:30
766885,BEST.PIC:LIFE.OF.PI,Life of Pi?to win Academy Award for Best Picture,1,6.8,Nov/17/2012 00:11:33
766885,BEST.PIC:LIFE.OF.PI,Life of Pi?to win Academy Award for Best Picture,30,6.8,Nov/17/2012 00:54:32
766885,BEST.PIC:LIFE.OF.PI,Life of Pi?to win Academy Award for Best Picture,100,6.5,Nov/17/2012 01:23:36
766885,BEST.PIC:LIFE.OF.PI,Life of Pi?to win Academy Award for Best Picture,9,6.5,Nov/17/2012 02:13:49
766885,BEST.PIC:LIFE.OF.PI,Life of Pi?to win Academy Award for Best Picture,200,6.5,Nov/17/2012 04:04:45
766885,BEST.PIC:LIFE.OF.PI,Life of Pi?to win Academy Award for Best Picture,202,6.5,Nov/17/2012 05:38:44
766885,BEST.PIC:LIFE.OF.PI,Life of Pi?to win Academy Award for Best Picture,12,6.6,Nov/17/2012 06:31:49
766885,BEST.PIC:LIFE.OF.PI,Life of Pi?to win Academy Award for Best Picture,88,6.6,Nov/17/2012 10:57:11
766885,BEST.PIC:LIFE.OF.PI,Life of Pi?to win Academy Award for Best Picture,5,6.6,Nov/17/2012 15:38:14
766885,BEST.PIC:LIFE.OF.PI,Life of Pi?to win Academy Award for Best Picture,10,6.6,Nov/17/2012 15:40:45
766885,BEST.PIC:LIFE.OF.PI,Life of Pi?to win Academy Award for Best Picture,5,6.6,Nov/17/2012 15:41:13
766885,BEST.PIC:LIFE.OF.PI,Life of Pi?to win Academy Award for Best Picture,10,6.6,Nov/17/2012 15:41:31
766885,BEST.PIC:LIFE.OF.PI,Life of Pi?to win Academy Award for Best Picture,5,6.6,Nov/17/2012 15:42:15
766885,BEST.PIC:LIFE.OF.PI,Life of Pi?to win Academy Award for Best Picture,6,6.6,Nov/17/2012 15:42:56
766885,BEST.PIC:LIFE.OF.PI,Life of Pi?to win Academy Award for Best Picture,38,6.6,Nov/17/2012 16:11:44
766885,BEST.PIC:LIFE.OF.PI,Life of Pi?to win Academy Award for Best Picture,1,6.6,Nov/17/2012 16:34:53
766885,BEST.PIC:LIFE.OF.PI,Life of Pi?to win Academy Award for Best Picture,22,6.6,Nov/17/2012 16:38:59
766885,BEST.PIC:LIFE.OF.PI,Life of Pi?to win Academy Award for Best Picture,6,6.6,Nov/17/2012 16:48:40
766885,BEST.PIC:LIFE.OF.PI,Life of Pi?to win Academy Award for Best Picture,5,6.7,Nov/17/2012 17:41:59
766885,BEST.PIC:LIFE.OF.PI,Life of Pi?to win Academy Award for Best Picture,25,6.7,Nov/17/2012 17:41:59
766885,BEST.PIC:LIFE.OF.PI,Life of Pi?to win Academy Award for Best Picture,75,6.7,Nov/17/2012 19:51:25
766885,BEST.PIC:LIFE.OF.PI,Life of Pi?to win Academy Award for Best Picture,25,6.7,Nov/17/2012 19:51:25
766885,BEST.PIC:LIFE.OF.PI,Life of Pi?to win Academy Award for Best Picture,1,6.7,Nov/17/2012 19:51:47
766885,BEST.PIC:LIFE.OF.PI,Life of Pi?to win Academy Award for Best Picture,9,6.7,Nov/17/2012 19:53:35
766885,BEST.PIC:LIFE.OF.PI,Life of Pi?to win Academy Award for Best Picture,11,6.8,Nov/17/2012 19:55:50
766885,BEST.PIC:LIFE.OF.PI,Life of Pi?to win Academy Award for Best Picture,5,6.8,Nov/17/2012 19:55:50
766885,BEST.PIC:LIFE.OF.PI,Life of Pi?to win Academy Award for Best Picture,9,6.8,Nov/17/2012 19:57:21
766885,BEST.PIC:LIFE.OF.PI,Life of Pi?to win Academy Award for Best Picture,1,6.7,Nov/17/2012 20:03:53
766885,BEST.PIC:LIFE.OF.PI,Life of Pi?to win Academy Award for Best Picture,100,6.7,Nov/17/2012 20:59:50
766885,BEST.PIC:LIFE.OF.PI,Life of Pi?to win Academy Award for Best Picture,70,6.8,Nov/17/2012 21:48:25
766885,BEST.PIC:LIFE.OF.PI,Life of Pi?to win Academy Award for Best Picture,21,6.8,Nov/18/2012 00:35:55
766885,BEST.PIC:LIFE.OF.PI,Life of Pi?to win Academy Award for Best Picture,4,6.8,Nov/18/2012 00:56:07
766885,BEST.PIC:LIFE.OF.PI,Life of Pi?to win Academy Award for Best Picture,50,6.7,Nov/18/2012 01:21:55
766885,BEST.PIC:LIFE.OF.PI,Life of Pi?to win Academy Award for Best Picture,50,6.8,Nov/18/2012 01:31:24
766885,BEST.PIC:LIFE.OF.PI,Life of Pi?to win Academy Award for Best Picture,200,6.7,Nov/18/2012 01:57:47
766885,BEST.PIC:LIFE.OF.PI,Life of Pi?to win Academy Award for Best Picture,3,6.8,Nov/18/2012 03:01:46
766885,BEST.PIC:LIFE.OF.PI,Life of Pi?to win Academy Award for Best Picture,43,6.8,Nov/18/2012 04:26:43
766885,BEST.PIC:LIFE.OF.PI,Life of Pi?to win Academy Award for Best Picture,1,6.9,Nov/18/2012 04:27:02
766885,BEST.PIC:LIFE.OF.PI,Life of Pi?to win Academy Award for Best Picture,56,7.0,Nov/18/2012 04:27:17
766885,BEST.PIC:LIFE.OF.PI,Life of Pi?to win Academy Award for Best Picture,28,6.7,Nov/18/2012 06:55:10
766885,BEST.PIC:LIFE.OF.PI,Life of Pi?to win Academy Award for Best Picture,22,6.7,Nov/18/2012 06:55:10
766885,BEST.PIC:LIFE.OF.PI,Life of Pi?to win Academy Award for Best Picture,3,6.7,Nov/18/2012 07:05:26
766885,BEST.PIC:LIFE.OF.PI,Life of Pi?to win Academy Award for Best Picture,12,6.7,Nov/18/2012 07:05:26
766885,BEST.PIC:LIFE.OF.PI,Life of Pi?to win Academy Award for Best Picture,10,6.8,Nov/18/2012 14:50:01
766885,BEST.PIC:LIFE.OF.PI,Life of Pi?to win Academy Award for Best Picture,1,6.6,Nov/18/2012 16:57:46
766885,BEST.PIC:LIFE.OF.PI,Life of Pi?to win Academy Award for Best Picture,15,6.7,Nov/18/2012 16:57:46
766885,BEST.PIC:LIFE.OF.PI,Life of Pi?to win Academy Award for Best Picture,10,6.6,Nov/18/2012 17:59:38
766885,BEST.PIC:LIFE.OF.PI,Life of Pi?to win Academy Award for Best Picture,74,6.6,Nov/18/2012 18:19:25
766885,BEST.PIC:LIFE.OF.PI,Life of Pi?to win Academy Award for Best Picture,40,6.8,Nov/18/2012 18:19:43
766885,BEST.PIC:LIFE.OF.PI,Life of Pi?to win Academy Award for Best Picture,20,6.9,Nov/18/2012 18:20:00
766885,BEST.PIC:LIFE.OF.PI,Life of Pi?to win Academy Award for Best Picture,1,6.9,Nov/18/2012 18:20:00
766885,BEST.PIC:LIFE.OF.PI,Life of Pi?to win Academy Award for Best Picture,1,6.9,Nov/18/2012 19:12:38
766885,BEST.PIC:LIFE.OF.PI,Life of Pi?to win Academy Award for Best Picture,20,7.0,Nov/18/2012 19:13:15
766885,BEST.PIC:LIFE.OF.PI,Life of Pi?to win Academy Award for Best Picture,1,7.0,Nov/18/2012 19:23:43
766885,BEST.PIC:LIFE.OF.PI,Life of Pi?to win Academy Award for Best Picture,1,6.5,Nov/18/2012 19:29:09
766885,BEST.PIC:LIFE.OF.PI,Life of Pi?to win Academy Award for Best Picture,10,6.9,Nov/18/2012 19:29:09
766885,BEST.PIC:LIFE.OF.PI,Life of Pi?to win Academy Award for Best Picture,89,6.5,Nov/18/2012 20:09:05
766885,BEST.PIC:LIFE.OF.PI,Life of Pi?to win Academy Award for Best Picture,25,6.6,Nov/18/2012 20:21:28
766885,BEST.PIC:LIFE.OF.PI,Life of Pi?to win Academy Award for Best Picture,200,6.5,Nov/18/2012 21:57:58
766885,BEST.PIC:LIFE.OF.PI,Life of Pi?to win Academy Award for Best Picture,75,6.6,Nov/18/2012 23:21:06
766885,BEST.PIC:LIFE.OF.PI,Life of Pi?to win Academy Award for Best Picture,40,6.6,Nov/18/2012 23:26:16
766885,BEST.PIC:LIFE.OF.PI,Life of Pi?to win Academy Award for Best Picture,35,6.6,Nov/18/2012 23:34:16
766885,BEST.PIC:LIFE.OF.PI,Life of Pi?to win Academy Award for Best Picture,4,6.9,Nov/19/2012 01:19:25
766885,BEST.PIC:LIFE.OF.PI,Life of Pi?to win Academy Award for Best Picture,1,6.8,Nov/19/2012 01:19:25
766885,BEST.PIC:LIFE.OF.PI,Life of Pi?to win Academy Award for Best Picture,25,6.6,Nov/19/2012 01:19:25
766885,BEST.PIC:LIFE.OF.PI,Life of Pi?to win Academy Award for Best Picture,4,6.6,Nov/19/2012 01:21:51
766885,BEST.PIC:LIFE.OF.PI,Life of Pi?to win Academy Award for Best Picture,50,6.5,Nov/19/2012 01:27:47
766885,BEST.PIC:LIFE.OF.PI,Life of Pi?to win Academy Award for Best Picture,450,6.5,Nov/19/2012 01:42:35
766885,BEST.PIC:LIFE.OF.PI,Life of Pi?to win Academy Award for Best Picture,30,6.6,Nov/19/2012 02:48:23
766885,BEST.PIC:LIFE.OF.PI,Life of Pi?to win Academy Award for Best Picture,50,6.5,Nov/19/2012 04:34:04
766885,BEST.PIC:LIFE.OF.PI,Life of Pi?to win Academy Award for Best Picture,1,6.5,Nov/19/2012 04:34:25
766885,BEST.PIC:LIFE.OF.PI,Life of Pi?to win Academy Award for Best Picture,1,6.5,Nov/19/2012 04:34:37
766885,BEST.PIC:LIFE.OF.PI,Life of Pi?to win Academy Award for Best Picture,48,6.5,Nov/19/2012 04:34:49
766885,BEST.PIC:LIFE.OF.PI,Life of Pi?to win Academy Award for Best Picture,50,6.5,Nov/19/2012 04:35:08
766885,BEST.PIC:LIFE.OF.PI,Life of Pi?to win Academy Award for Best Picture,50,6.5,Nov/19/2012 04:35:27
766885,BEST.PIC:LIFE.OF.PI,Life of Pi?to win Academy Award for Best Picture,1,6.5,Nov/19/2012 15:08:57
766885,BEST.PIC:LIFE.OF.PI,Life of Pi?to win Academy Award for Best Picture,14,6.4,Nov/19/2012 15:44:59
766885,BEST.PIC:LIFE.OF.PI,Life of Pi?to win Academy Award for Best Picture,50,6.3,Nov/19/2012 15:51:58
766885,BEST.PIC:LIFE.OF.PI,Life of Pi?to win Academy Award for Best Picture,40,6.3,Nov/19/2012 16:19:03
766885,BEST.PIC:LIFE.OF.PI,Life of Pi?to win Academy Award for Best Picture,20,6.3,Nov/19/2012 16:22:44
766885,BEST.PIC:LIFE.OF.PI,Life of Pi?to win Academy Award for Best Picture,30,6.4,Nov/19/2012 16:26:14
766885,BEST.PIC:LIFE.OF.PI,Life of Pi?to win Academy Award for Best Picture,20,6.4,Nov/19/2012 16:26:33
766885,BEST.PIC:LIFE.OF.PI,Life of Pi?to win Academy Award for Best Picture,2,6.4,Nov/19/2012 17:59:05
766885,BEST.PIC:LIFE.OF.PI,Life of Pi?to win Academy Award for Best Picture,13,6.4,Nov/19/2012 18:02:16
766885,BEST.PIC:LIFE.OF.PI,Life of Pi?to win Academy Award for Best Picture,20,6.4,Nov/19/2012 19:17:39
766885,BEST.PIC:LIFE.OF.PI,Life of Pi?to win Academy Award for Best Picture,5,6.4,Nov/19/2012 20:09:15
766885,BEST.PIC:LIFE.OF.PI,Life of Pi?to win Academy Award for Best Picture,5,6.5,Nov/19/2012 20:49:37
766885,BEST.PIC:LIFE.OF.PI,Life of Pi?to win Academy Award for Best Picture,52,6.5,Nov/19/2012 20:53:01
766885,BEST.PIC:LIFE.OF.PI,Life of Pi?to win Academy Award for Best Picture,15,6.6,Nov/19/2012 20:59:34
766885,BEST.PIC:LIFE.OF.PI,Life of Pi?to win Academy Award for Best Picture,1,6.6,Nov/19/2012 21:03:20
766885,BEST.PIC:LIFE.OF.PI,Life of Pi?to win Academy Award for Best Picture,25,6.7,Nov/19/2012 21:03:37
766885,BEST.PIC:LIFE.OF.PI,Life of Pi?to win Academy Award for Best Picture,25,6.8,Nov/19/2012 21:03:58
766885,BEST.PIC:LIFE.OF.PI,Life of Pi?to win Academy Award for Best Picture,23,7.0,Nov/19/2012 21:05:34
766885,BEST.PIC:LIFE.OF.PI,Life of Pi?to win Academy Award for Best Picture,10,7.1,Nov/19/2012 21:05:41
766885,BEST.PIC:LIFE.OF.PI,Life of Pi?to win Academy Award for Best Picture,25,7.1,Nov/19/2012 21:05:41
766885,BEST.PIC:LIFE.OF.PI,Life of Pi?to win Academy Award for Best Picture,100,7.2,Nov/19/2012 21:06:36
766885,BEST.PIC:LIFE.OF.PI,Life of Pi?to win Academy Award for Best Picture,25,7.5,Nov/19/2012 21:07:10
766885,BEST.PIC:LIFE.OF.PI,Life of Pi?to win Academy Award for Best Picture,50,7.5,Nov/19/2012 21:07:10
766885,BEST.PIC:LIFE.OF.PI,Life of Pi?to win Academy Award for Best Picture,25,7.7,Nov/19/2012 21:07:20
766885,BEST.PIC:LIFE.OF.PI,Life of Pi?to win Academy Award for Best Picture,35,7.1,Nov/19/2012 21:08:20
766885,BEST.PIC:LIFE.OF.PI,Life of Pi?to win Academy Award for Best Picture,15,7.0,Nov/19/2012 21:08:59
766885,BEST.PIC:LIFE.OF.PI,Life of Pi?to win Academy Award for Best Picture,1,7.5,Nov/19/2012 21:09:16
766885,BEST.PIC:LIFE.OF.PI,Life of Pi?to win Academy Award for Best Picture,1,7.2,Nov/19/2012 21:19:59
766885,BEST.PIC:LIFE.OF.PI,Life of Pi?to win Academy Award for Best Picture,1,6.9,Nov/19/2012 22:04:24
766885,BEST.PIC:LIFE.OF.PI,Life of Pi?to win Academy Award for Best Picture,20,7.0,Nov/19/2012 22:46:30
766885,BEST.PIC:LIFE.OF.PI,Life of Pi?to win Academy Award for Best Picture,4,7.0,Nov/19/2012 22:53:57
766885,BEST.PIC:LIFE.OF.PI,Life of Pi?to win Academy Award for Best Picture,25,7.2,Nov/19/2012 22:54:10
766885,BEST.PIC:LIFE.OF.PI,Life of Pi?to win Academy Award for Best Picture,1,6.8,Nov/20/2012 00:43:40
766885,BEST.PIC:LIFE.OF.PI,Life of Pi?to win Academy Award for Best Picture,25,6.9,Nov/20/2012 00:53:04
766885,BEST.PIC:LIFE.OF.PI,Life of Pi?to win Academy Award for Best Picture,1,7.0,Nov/20/2012 01:52:25
766885,BEST.PIC:LIFE.OF.PI,Life of Pi?to win Academy Award for Best Picture,96,6.1,Nov/20/2012 03:59:30
766885,BEST.PIC:LIFE.OF.PI,Life of Pi?to win Academy Award for Best Picture,100,6.2,Nov/20/2012 03:59:30
766885,BEST.PIC:LIFE.OF.PI,Life of Pi?to win Academy Award for Best Picture,45,6.4,Nov/20/2012 03:59:30
766885,BEST.PIC:LIFE.OF.PI,Life of Pi?to win Academy Award for Best Picture,20,6.4,Nov/20/2012 03:59:30
766885,BEST.PIC:LIFE.OF.PI,Life of Pi?to win Academy Award for Best Picture,5,6.5,Nov/20/2012 03:59:30
766885,BEST.PIC:LIFE.OF.PI,Life of Pi?to win Academy Award for Best Picture,20,6.6,Nov/20/2012 03:59:30
766885,BEST.PIC:LIFE.OF.PI,Life of Pi?to win Academy Award for Best Picture,14,6.7,Nov/20/2012 03:59:30
766885,BEST.PIC:LIFE.OF.PI,Life of Pi?to win Academy Award for Best Picture,2,6.2,Nov/20/2012 07:56:24
766885,BEST.PIC:LIFE.OF.PI,Life of Pi?to win Academy Award for Best Picture,1,6.4,Nov/20/2012 14:13:48
766885,BEST.PIC:LIFE.OF.PI,Life of Pi?to win Academy Award for Best Picture,11,6.3,Nov/20/2012 14:14:16
766885,BEST.PIC:LIFE.OF.PI,Life of Pi?to win Academy Award for Best Picture,57,6.3,Nov/20/2012 15:32:31
766885,BEST.PIC:LIFE.OF.PI,Life of Pi?to win Academy Award for Best Picture,4,6.1,Nov/20/2012 15:41:14
766885,BEST.PIC:LIFE.OF.PI,Life of Pi?to win Academy Award for Best Picture,13,6.2,Nov/20/2012 15:41:14
766885,BEST.PIC:LIFE.OF.PI,Life of Pi?to win Academy Award for Best Picture,25,6.2,Nov/20/2012 15:41:14
766885,BEST.PIC:LIFE.OF.PI,Life of Pi?to win Academy Award for Best Picture,2,6.3,Nov/20/2012 15:41:14
766885,BEST.PIC:LIFE.OF.PI,Life of Pi?to win Academy Award for Best Picture,16,6.0,Nov/20/2012 15:51:35
766885,BEST.PIC:LIFE.OF.PI,Life of Pi?to win Academy Award for Best Picture,5,6.0,Nov/20/2012 17:02:45
766885,BEST.PIC:LIFE.OF.PI,Life of Pi?to win Academy Award for Best Picture,1,6.0,Nov/20/2012 18:49:59
766885,BEST.PIC:LIFE.OF.PI,Life of Pi?to win Academy Award for Best Picture,19,6.0,Nov/20/2012 20:03:29
766885,BEST.PIC:LIFE.OF.PI,Life of Pi?to win Academy Award for Best Picture,1,6.1,Nov/20/2012 20:03:29
766885,BEST.PIC:LIFE.OF.PI,Life of Pi?to win Academy Award for Best Picture,30,6.0,Nov/20/2012 21:26:11
766885,BEST.PIC:LIFE.OF.PI,Life of Pi?to win Academy Award for Best Picture,50,6.0,Nov/20/2012 22:05:44
766885,BEST.PIC:LIFE.OF.PI,Life of Pi?to win Academy Award for Best Picture,7,5.8,Nov/20/2012 23:02:13
766885,BEST.PIC:LIFE.OF.PI,Life of Pi?to win Academy Award for Best Picture,8,5.8,Nov/20/2012 23:02:13
766885,BEST.PIC:LIFE.OF.PI,Life of Pi?to win Academy Award for Best Picture,20,5.7,Nov/20/2012 23:05:09
766885,BEST.PIC:LIFE.OF.PI,Life of Pi?to win Academy Award for Best Picture,2,5.8,Nov/20/2012 23:05:09
766885,BEST.PIC:LIFE.OF.PI,Life of Pi?to win Academy Award for Best Picture,3,6.0,Nov/20/2012 23:11:55
766885,BEST.PIC:LIFE.OF.PI,Life of Pi?to win Academy Award for Best Picture,10,5.3,Nov/20/2012 23:21:25
766885,BEST.PIC:LIFE.OF.PI,Life of Pi?to win Academy Award for Best Picture,1,5.5,Nov/20/2012 23:25:19
766885,BEST.PIC:LIFE.OF.PI,Life of Pi?to win Academy Award for Best Picture,49,5.5,Nov/20/2012 23:27:07
766885,BEST.PIC:LIFE.OF.PI,Life of Pi?to win Academy Award for Best Picture,40,5.3,Nov/20/2012 23:34:41
766885,BEST.PIC:LIFE.OF.PI,Life of Pi?to win Academy Award for Best Picture,100,5.2,Nov/20/2012 23:34:52
766885,BEST.PIC:LIFE.OF.PI,Life of Pi?to win Academy Award for Best Picture,10,5.3,Nov/20/2012 23:54:32
766885,BEST.PIC:LIFE.OF.PI,Life of Pi?to win Academy Award for Best Picture,45,5.4,Nov/21/2012 00:03:50
766885,BEST.PIC:LIFE.OF.PI,Life of Pi?to win Academy Award for Best Picture,3,5.4,Nov/21/2012 00:05:59
766885,BEST.PIC:LIFE.OF.PI,Life of Pi?to win Academy Award for Best Picture,1,5.5,Nov/21/2012 00:24:59
766885,BEST.PIC:LIFE.OF.PI,Life of Pi?to win Academy Award for Best Picture,37,5.5,Nov/21/2012 00:24:59
766885,BEST.PIC:LIFE.OF.PI,Life of Pi?to win Academy Award for Best Picture,2,5.4,Nov/21/2012 00:24:59
766885,BEST.PIC:LIFE.OF.PI,Life of Pi?to win Academy Award for Best Picture,10,5.3,Nov/21/2012 00:24:59
766885,BEST.PIC:LIFE.OF.PI,Life of Pi?to win Academy Award for Best Picture,13,5.5,Nov/21/2012 00:38:12
766885,BEST.PIC:LIFE.OF.PI,Life of Pi?to win Academy Award for Best Picture,137,5.6,Nov/21/2012 00:38:12
766885,BEST.PIC:LIFE.OF.PI,Life of Pi?to win Academy Award for Best Picture,178,5.6,Nov/21/2012 00:44:44
766885,BEST.PIC:LIFE.OF.PI,Life of Pi?to win Academy Award for Best Picture,50,5.5,Nov/21/2012 00:44:44
766885,BEST.PIC:LIFE.OF.PI,Life of Pi?to win Academy Award for Best Picture,2,5.5,Nov/21/2012 00:52:17
766885,BEST.PIC:LIFE.OF.PI,Life of Pi?to win Academy Award for Best Picture,100,5.1,Nov/21/2012 01:08:32
766885,BEST.PIC:LIFE.OF.PI,Life of Pi?to win Academy Award for Best Picture,10,5.2,Nov/21/2012 01:08:32
766885,BEST.PIC:LIFE.OF.PI,Life of Pi?to win Academy Award for Best Picture,331,4.5,Nov/21/2012 01:18:05
766885,BEST.PIC:LIFE.OF.PI,Life of Pi?to win Academy Award for Best Picture,100,4.6,Nov/21/2012 01:18:05
766885,BEST.PIC:LIFE.OF.PI,Life of Pi?to win Academy Award for Best Picture,8,5.0,Nov/21/2012 01:18:05
766885,BEST.PIC:LIFE.OF.PI,Life of Pi?to win Academy Award for Best Picture,10,5.0,Nov/21/2012 02:17:36
766885,BEST.PIC:LIFE.OF.PI,Life of Pi?to win Academy Award for Best Picture,10,5.0,Nov/21/2012 02:26:21
766885,BEST.PIC:LIFE.OF.PI,Life of Pi?to win Academy Award for Best Picture,10,5.4,Nov/21/2012 02:26:36
766885,BEST.PIC:LIFE.OF.PI,Life of Pi?to win Academy Award for Best Picture,10,5.0,Nov/21/2012 03:17:13
766885,BEST.PIC:LIFE.OF.PI,Life of Pi?to win Academy Award for Best Picture,10,5.0,Nov/21/2012 05:49:12
766885,BEST.PIC:LIFE.OF.PI,Life of Pi?to win Academy Award for Best Picture,10,5.0,Nov/21/2012 06:01:36
766885,BEST.PIC:LIFE.OF.PI,Life of Pi?to win Academy Award for Best Picture,10,5.0,Nov/21/2012 06:05:55
766885,BEST.PIC:LIFE.OF.PI,Life of Pi?to win Academy Award for Best Picture,20,5.0,Nov/21/2012 06:58:03
766885,BEST.PIC:LIFE.OF.PI,Life of Pi?to win Academy Award for Best Picture,498,5.2,Nov/21/2012 14:29:34
766885,BEST.PIC:LIFE.OF.PI,Life of Pi?to win Academy Award for Best Picture,35,5.2,Nov/21/2012 14:31:32
766885,BEST.PIC:LIFE.OF.PI,Life of Pi?to win Academy Award for Best Picture,5,5.0,Nov/21/2012 15:10:56
766885,BEST.PIC:LIFE.OF.PI,Life of Pi?to win Academy Award for Best Picture,8,5.0,Nov/21/2012 15:12:03
766885,BEST.PIC:LIFE.OF.PI,Life of Pi?to win Academy Award for Best Picture,7,5.0,Nov/21/2012 15:32:55
766885,BEST.PIC:LIFE.OF.PI,Life of Pi?to win Academy Award for Best Picture,16,5.0,Nov/21/2012 15:33:56
766885,BEST.PIC:LIFE.OF.PI,Life of Pi?to win Academy Award for Best Picture,14,5.0,Nov/21/2012 15:38:29
766885,BEST.PIC:LIFE.OF.PI,Life of Pi?to win Academy Award for Best Picture,50,5.1,Nov/21/2012 15:38:41
766885,BEST.PIC:LIFE.OF.PI,Life of Pi?to win Academy Award for Best Picture,22,5.0,Nov/21/2012 16:17:05
766885,BEST.PIC:LIFE.OF.PI,Life of Pi?to win Academy Award for Best Picture,3,5.0,Nov/21/2012 16:27:25
766885,BEST.PIC:LIFE.OF.PI,Life of Pi?to win Academy Award for Best Picture,8,4.8,Nov/21/2012 16:27:54
766885,BEST.PIC:LIFE.OF.PI,Life of Pi?to win Academy Award for Best Picture,10,4.9,Nov/21/2012 16:27:54
766885,BEST.PIC:LIFE.OF.PI,Life of Pi?to win Academy Award for Best Picture,15,4.9,Nov/21/2012 16:27:54
766885,BEST.PIC:LIFE.OF.PI,Life of Pi?to win Academy Award for Best Picture,17,5.0,Nov/21/2012 16:27:54
766885,BEST.PIC:LIFE.OF.PI,Life of Pi?to win Academy Award for Best Picture,487,4.9,Nov/21/2012 16:43:26
766885,BEST.PIC:LIFE.OF.PI,Life of Pi?to win Academy Award for Best Picture,2,5.0,Nov/21/2012 18:11:00
766885,BEST.PIC:LIFE.OF.PI,Life of Pi?to win Academy Award for Best Picture,18,5.0,Nov/21/2012 18:34:43
766885,BEST.PIC:LIFE.OF.PI,Life of Pi?to win Academy Award for Best Picture,1,5.0,Nov/21/2012 18:34:43
766885,BEST.PIC:LIFE.OF.PI,Life of Pi?to win Academy Award for Best Picture,1,5.0,Nov/21/2012 18:41:00
766885,BEST.PIC:LIFE.OF.PI,Life of Pi?to win Academy Award for Best Picture,8,5.0,Nov/21/2012 18:53:06
766885,BEST.PIC:LIFE.OF.PI,Life of Pi?to win Academy Award for Best Picture,1,5.3,Nov/21/2012 19:37:58
766885,BEST.PIC:LIFE.OF.PI,Life of Pi?to win Academy Award for Best Picture,20,5.0,Nov/21/2012 21:04:53
766885,BEST.PIC:LIFE.OF.PI,Life of Pi?to win Academy Award for Best Picture,5,5.0,Nov/21/2012 21:35:34
766885,BEST.PIC:LIFE.OF.PI,Life of Pi?to win Academy Award for Best Picture,5,5.2,Nov/21/2012 21:35:45
766885,BEST.PIC:LIFE.OF.PI,Life of Pi?to win Academy Award for Best Picture,15,5.2,Nov/21/2012 22:06:17
766885,BEST.PIC:LIFE.OF.PI,Life of Pi?to win Academy Award for Best Picture,10,5.0,Nov/21/2012 23:30:10
766885,BEST.PIC:LIFE.OF.PI,Life of Pi?to win Academy Award for Best Picture,20,5.0,Nov/22/2012 00:12:18
766885,BEST.PIC:LIFE.OF.PI,Life of Pi?to win Academy Award for Best Picture,20,5.0,Nov/22/2012 00:37:53
766885,BEST.PIC:LIFE.OF.PI,Life of Pi?to win Academy Award for Best Picture,5,5.0,Nov/22/2012 01:27:17
766885,BEST.PIC:LIFE.OF.PI,Life of Pi?to win Academy Award for Best Picture,5,4.9,Nov/22/2012 02:36:12
766885,BEST.PIC:LIFE.OF.PI,Life of Pi?to win Academy Award for Best Picture,669,4.5,Nov/22/2012 02:58:20
766885,BEST.PIC:LIFE.OF.PI,Life of Pi?to win Academy Award for Best Picture,12,4.8,Nov/22/2012 02:58:20
766885,BEST.PIC:LIFE.OF.PI,Life of Pi?to win Academy Award for Best Picture,8,4.8,Nov/22/2012 02:58:20
766885,BEST.PIC:LIFE.OF.PI,Life of Pi?to win Academy Award for Best Picture,300,4.6,Nov/22/2012 02:58:20
766885,BEST.PIC:LIFE.OF.PI,Life of Pi?to win Academy Award for Best Picture,25,4.8,Nov/22/2012 04:10:42
766885,BEST.PIC:LIFE.OF.PI,Life of Pi?to win Academy Award for Best Picture,6,4.8,Nov/22/2012 04:53:53
766885,BEST.PIC:LIFE.OF.PI,Life of Pi?to win Academy Award for Best Picture,19,4.8,Nov/22/2012 05:28:20
766885,BEST.PIC:LIFE.OF.PI,Life of Pi?to win Academy Award for Best Picture,10,4.9,Nov/22/2012 09:11:25
766885,BEST.PIC:LIFE.OF.PI,Life of Pi?to win Academy Award for Best Picture,11,3.6,Nov/22/2012 18:44:21
766885,BEST.PIC:LIFE.OF.PI,Life of Pi?to win Academy Award for Best Picture,2,3.5,Nov/22/2012 18:44:21
766885,BEST.PIC:LIFE.OF.PI,Life of Pi?to win Academy Award for Best Picture,12,3.5,Nov/22/2012 19:20:34
766885,BEST.PIC:LIFE.OF.PI,Life of Pi?to win Academy Award for Best Picture,10,4.0,Nov/22/2012 19:20:45
766885,BEST.PIC:LIFE.OF.PI,Life of Pi?to win Academy Award for Best Picture,25,4.0,Nov/22/2012 19:20:45
766885,BEST.PIC:LIFE.OF.PI,Life of Pi?to win Academy Award for Best Picture,1,4.5,Nov/22/2012 19:31:37
766885,BEST.PIC:LIFE.OF.PI,Life of Pi?to win Academy Award for Best Picture,10,4.5,Nov/22/2012 19:52:58
766885,BEST.PIC:LIFE.OF.PI,Life of Pi?to win Academy Award for Best Picture,10,4.0,Nov/22/2012 20:16:52
766885,BEST.PIC:LIFE.OF.PI,Life of Pi?to win Academy Award for Best Picture,10,3.7,Nov/22/2012 20:17:44
766885,BEST.PIC:LIFE.OF.PI,Life of Pi?to win Academy Award for Best Picture,1,4.5,Nov/22/2012 20:41:41
766885,BEST.PIC:LIFE.OF.PI,Life of Pi?to win Academy Award for Best Picture,20,4.5,Nov/22/2012 21:13:29
766885,BEST.PIC:LIFE.OF.PI,Life of Pi?to win Academy Award for Best Picture,10,4.0,Nov/22/2012 21:20:12
766885,BEST.PIC:LIFE.OF.PI,Life of Pi?to win Academy Award for Best Picture,40,4.0,Nov/22/2012 21:55:00
766885,BEST.PIC:LIFE.OF.PI,Life of Pi?to win Academy Award for Best Picture,2,4.5,Nov/22/2012 21:56:20
766885,BEST.PIC:LIFE.OF.PI,Life of Pi?to win Academy Award for Best Picture,4,4.5,Nov/22/2012 22:54:53
766885,BEST.PIC:LIFE.OF.PI,Life of Pi?to win Academy Award for Best Picture,10,4.4,Nov/23/2012 00:24:12
766885,BEST.PIC:LIFE.OF.PI,Life of Pi?to win Academy Award for Best Picture,12,4.5,Nov/23/2012 00:24:32
766885,BEST.PIC:LIFE.OF.PI,Life of Pi?to win Academy Award for Best Picture,50,4.5,Nov/23/2012 00:24:32
766885,BEST.PIC:LIFE.OF.PI,Life of Pi?to win Academy Award for Best Picture,13,4.5,Nov/23/2012 00:24:32
766885,BEST.PIC:LIFE.OF.PI,Life of Pi?to win Academy Award for Best Picture,50,4.5,Nov/23/2012 00:25:32
766885,BEST.PIC:LIFE.OF.PI,Life of Pi?to win Academy Award for Best Picture,10,4.0,Nov/23/2012 01:20:14
766885,BEST.PIC:LIFE.OF.PI,Life of Pi?to win Academy Award for Best Picture,40,4.0,Nov/23/2012 02:43:06
766885,BEST.PIC:LIFE.OF.PI,Life of Pi?to win Academy Award for Best Picture,7,4.4,Nov/23/2012 03:04:56
766885,BEST.PIC:LIFE.OF.PI,Life of Pi?to win Academy Award for Best Picture,3,4.4,Nov/23/2012 04:06:59
766885,BEST.PIC:LIFE.OF.PI,Life of Pi?to win Academy Award for Best Picture,10,4.5,Nov/23/2012 04:20:45
766885,BEST.PIC:LIFE.OF.PI,Life of Pi?to win Academy Award for Best Picture,50,4.2,Nov/23/2012 09:48:06
766885,BEST.PIC:LIFE.OF.PI,Life of Pi?to win Academy Award for Best Picture,1,4.4,Nov/23/2012 09:51:12
766885,BEST.PIC:LIFE.OF.PI,Life of Pi?to win Academy Award for Best Picture,1,3.9,Nov/23/2012 11:15:42
766885,BEST.PIC:LIFE.OF.PI,Life of Pi?to win Academy Award for Best Picture,45,4.0,Nov/23/2012 15:09:13
766885,BEST.PIC:LIFE.OF.PI,Life of Pi?to win Academy Award for Best Picture,5,4.0,Nov/23/2012 15:54:49
766885,BEST.PIC:LIFE.OF.PI,Life of Pi?to win Academy Award for Best Picture,25,4.0,Nov/23/2012 15:54:49
766885,BEST.PIC:LIFE.OF.PI,Life of Pi?to win Academy Award for Best Picture,78,4.0,Nov/23/2012 16:56:19
766885,BEST.PIC:LIFE.OF.PI,Life of Pi?to win Academy Award for Best Picture,1,4.3,Nov/23/2012 16:56:44
766885,BEST.PIC:LIFE.OF.PI,Life of Pi?to win Academy Award for Best Picture,21,4.3,Nov/23/2012 16:56:44
766885,BEST.PIC:LIFE.OF.PI,Life of Pi?to win Academy Award for Best Picture,39,4.0,Nov/23/2012 17:30:58
766885,BEST.PIC:LIFE.OF.PI,Life of Pi?to win Academy Award for Best Picture,1,3.9,Nov/23/2012 17:30:58
766885,BEST.PIC:LIFE.OF.PI,Life of Pi?to win Academy Award for Best Picture,10,3.7,Nov/23/2012 17:36:14
766885,BEST.PIC:LIFE.OF.PI,Life of Pi?to win Academy Award for Best Picture,27,3.7,Nov/23/2012 17:37:51
766885,BEST.PIC:LIFE.OF.PI,Life of Pi?to win Academy Award for Best Picture,30,3.6,Nov/23/2012 17:45:35
766885,BEST.PIC:LIFE.OF.PI,Life of Pi?to win Academy Award for Best Picture,1,4.0,Nov/23/2012 18:28:19
766885,BEST.PIC:LIFE.OF.PI,Life of Pi?to win Academy Award for Best Picture,35,4.0,Nov/23/2012 18:28:19
766885,BEST.PIC:LIFE.OF.PI,Life of Pi?to win Academy Award for Best Picture,50,4.0,Nov/23/2012 18:40:37
766885,BEST.PIC:LIFE.OF.PI,Life of Pi?to win Academy Award for Best Picture,5,4.1,Nov/23/2012 19:32:08
766885,BEST.PIC:LIFE.OF.PI,Life of Pi?to win Academy Award for Best Picture,5,4.1,Nov/23/2012 19:39:39
766885,BEST.PIC:LIFE.OF.PI,Life of Pi?to win Academy Award for Best Picture,10,4.3,Nov/23/2012 19:50:53
766885,BEST.PIC:LIFE.OF.PI,Life of Pi?to win Academy Award for Best Picture,1,4.0,Nov/23/2012 20:40:43
766885,BEST.PIC:LIFE.OF.PI,Life of Pi?to win Academy Award for Best Picture,30,4.0,Nov/23/2012 20:59:43
766885,BEST.PIC:LIFE.OF.PI,Life of Pi?to win Academy Award for Best Picture,9,4.0,Nov/23/2012 21:00:54
766885,BEST.PIC:LIFE.OF.PI,Life of Pi?to win Academy Award for Best Picture,10,4.0,Nov/23/2012 21:01:33
766885,BEST.PIC:LIFE.OF.PI,Life of Pi?to win Academy Award for Best Picture,20,4.0,Nov/23/2012 21:01:33
766885,BEST.PIC:LIFE.OF.PI,Life of Pi?to win Academy Award for Best Picture,1,4.0,Nov/23/2012 21:01:42
766885,BEST.PIC:LIFE.OF.PI,Life of Pi?to win Academy Award for Best Picture,35,4.0,Nov/23/2012 21:03:39
766885,BEST.PIC:LIFE.OF.PI,Life of Pi?to win Academy Award for Best Picture,1,3.9,Nov/23/2012 21:57:55
766885,BEST.PIC:LIFE.OF.PI,Life of Pi?to win Academy Award for Best Picture,2,3.9,Nov/23/2012 21:57:55
766885,BEST.PIC:LIFE.OF.PI,Life of Pi?to win Academy Award for Best Picture,10,3.8,Nov/23/2012 22:44:32
766885,BEST.PIC:LIFE.OF.PI,Life of Pi?to win Academy Award for Best Picture,50,3.6,Nov/23/2012 22:44:32
766885,BEST.PIC:LIFE.OF.PI,Life of Pi?to win Academy Award for Best Picture,8,3.7,Nov/23/2012 22:44:32
766885,BEST.PIC:LIFE.OF.PI,Life of Pi?to win Academy Award for Best Picture,22,3.4,Nov/23/2012 22:45:04
766885,BEST.PIC:LIFE.OF.PI,Life of Pi?to win Academy Award for Best Picture,33,3.2,Nov/23/2012 22:45:04
766885,BEST.PIC:LIFE.OF.PI,Life of Pi?to win Academy Award for Best Picture,44,3.0,Nov/23/2012 22:45:04
766885,BEST.PIC:LIFE.OF.PI,Life of Pi?to win Academy Award for Best Picture,49,3.5,Nov/23/2012 22:45:04
766885,BEST.PIC:LIFE.OF.PI,Life of Pi?to win Academy Award for Best Picture,49,3.3,Nov/23/2012 22:45:04
766885,BEST.PIC:LIFE.OF.PI,Life of Pi?to win Academy Award for Best Picture,50,3.1,Nov/23/2012 22:45:04
766885,BEST.PIC:LIFE.OF.PI,Life of Pi?to win Academy Award for Best Picture,1,3.5,Nov/23/2012 23:09:39
766885,BEST.PIC:LIFE.OF.PI,Life of Pi?to win Academy Award for Best Picture,20,2.8,Nov/24/2012 00:07:15
766885,BEST.PIC:LIFE.OF.PI,Life of Pi?to win Academy Award for Best Picture,20,2.8,Nov/24/2012 00:07:49
766885,BEST.PIC:LIFE.OF.PI,Life of Pi?to win Academy Award for Best Picture,15,2.8,Nov/24/2012 00:08:00
766885,BEST.PIC:LIFE.OF.PI,Life of Pi?to win Academy Award for Best Picture,15,2.6,Nov/24/2012 00:08:40
766885,BEST.PIC:LIFE.OF.PI,Life of Pi?to win Academy Award for Best Picture,42,2.6,Nov/24/2012 00:09:42
766885,BEST.PIC:LIFE.OF.PI,Life of Pi?to win Academy Award for Best Picture,8,2.6,Nov/24/2012 00:10:03
766885,BEST.PIC:LIFE.OF.PI,Life of Pi?to win Academy Award for Best Picture,6,3.0,Nov/24/2012 00:10:26
766885,BEST.PIC:LIFE.OF.PI,Life of Pi?to win Academy Award for Best Picture,1,3.5,Nov/24/2012 00:11:12
766885,BEST.PIC:LIFE.OF.PI,Life of Pi?to win Academy Award for Best Picture,25,3.2,Nov/24/2012 00:34:52
766885,BEST.PIC:LIFE.OF.PI,Life of Pi?to win Academy Award for Best Picture,4,3.0,Nov/24/2012 00:34:52
766885,BEST.PIC:LIFE.OF.PI,Life of Pi?to win Academy Award for Best Picture,20,3.0,Nov/24/2012 00:42:54
766885,BEST.PIC:LIFE.OF.PI,Life of Pi?to win Academy Award for Best Picture,140,3.0,Nov/24/2012 00:49:58
766885,BEST.PIC:LIFE.OF.PI,Life of Pi?to win Academy Award for Best Picture,15,3.0,Nov/24/2012 01:13:31
766885,BEST.PIC:LIFE.OF.PI,Life of Pi?to win Academy Award for Best Picture,70,3.0,Nov/24/2012 01:13:31
766885,BEST.PIC:LIFE.OF.PI,Life of Pi?to win Academy Award for Best Picture,3,3.4,Nov/24/2012 01:23:14
766885,BEST.PIC:LIFE.OF.PI,Life of Pi?to win Academy Award for Best Picture,7,3.4,Nov/24/2012 01:28:27
766885,BEST.PIC:LIFE.OF.PI,Life of Pi?to win Academy Award for Best Picture,30,3.5,Nov/24/2012 01:28:47
766885,BEST.PIC:LIFE.OF.PI,Life of Pi?to win Academy Award for Best Picture,10,3.5,Nov/24/2012 01:29:07
766885,BEST.PIC:LIFE.OF.PI,Life of Pi?to win Academy Award for Best Picture,1,2.6,Nov/24/2012 01:38:33
766885,BEST.PIC:LIFE.OF.PI,Life of Pi?to win Academy Award for Best Picture,1,2.5,Nov/24/2012 01:42:03
766885,BEST.PIC:LIFE.OF.PI,Life of Pi?to win Academy Award for Best Picture,1,3.5,Nov/24/2012 01:42:37
766885,BEST.PIC:LIFE.OF.PI,Life of Pi?to win Academy Award for Best Picture,10,2.5,Nov/24/2012 01:45:22
766885,BEST.PIC:LIFE.OF.PI,Life of Pi?to win Academy Award for Best Picture,1,2.0,Nov/24/2012 01:45:27
766885,BEST.PIC:LIFE.OF.PI,Life of Pi?to win Academy Award for Best Picture,9,2.5,Nov/24/2012 01:45:27
766885,BEST.PIC:LIFE.OF.PI,Life of Pi?to win Academy Award for Best Picture,60,3.0,Nov/24/2012 01:48:11
766885,BEST.PIC:LIFE.OF.PI,Life of Pi?to win Academy Award for Best Picture,33,3.0,Nov/24/2012 02:12:12
766885,BEST.PIC:LIFE.OF.PI,Life of Pi?to win Academy Award for Best Picture,7,3.0,Nov/24/2012 04:01:17
766885,BEST.PIC:LIFE.OF.PI,Life of Pi?to win Academy Award for Best Picture,43,3.0,Nov/24/2012 04:01:17
766885,BEST.PIC:LIFE.OF.PI,Life of Pi?to win Academy Award for Best Picture,5,2.5,Nov/24/2012 04:39:54
766885,BEST.PIC:LIFE.OF.PI,Life of Pi?to win Academy Award for Best Picture,150,2.4,Nov/24/2012 04:41:49
766885,BEST.PIC:LIFE.OF.PI,Life of Pi?to win Academy Award for Best Picture,1,3.0,Nov/24/2012 08:26:00
766885,BEST.PIC:LIFE.OF.PI,Life of Pi?to win Academy Award for Best Picture,4,3.0,Nov/24/2012 08:26:22
766885,BEST.PIC:LIFE.OF.PI,Life of Pi?to win Academy Award for Best Picture,1,2.9,Nov/24/2012 13:42:41
766885,BEST.PIC:LIFE.OF.PI,Life of Pi?to win Academy Award for Best Picture,7,2.9,Nov/24/2012 13:42:41
766885,BEST.PIC:LIFE.OF.PI,Life of Pi?to win Academy Award for Best Picture,1,3.0,Nov/24/2012 13:54:35
766885,BEST.PIC:LIFE.OF.PI,Life of Pi?to win Academy Award for Best Picture,10,2.9,Nov/24/2012 15:12:23
766885,BEST.PIC:LIFE.OF.PI,Life of Pi?to win Academy Award for Best Picture,1,2.9,Nov/24/2012 15:24:20
766885,BEST.PIC:LIFE.OF.PI,Life of Pi?to win Academy Award for Best Picture,10,2.9,Nov/24/2012 18:13:04
766885,BEST.PIC:LIFE.OF.PI,Life of Pi?to win Academy Award for Best Picture,51,3.0,Nov/24/2012 18:13:48
766885,BEST.PIC:LIFE.OF.PI,Life of Pi?to win Academy Award for Best Picture,49,3.0,Nov/24/2012 18:13:48
766885,BEST.PIC:LIFE.OF.PI,Life of Pi?to win Academy Award for Best Picture,22,2.8,Nov/24/2012 18:29:23
766885,BEST.PIC:LIFE.OF.PI,Life of Pi?to win Academy Award for Best Picture,1,2.7,Nov/24/2012 18:29:34
766885,BEST.PIC:LIFE.OF.PI,Life of Pi?to win Academy Award for Best Picture,2,2.7,Nov/24/2012 18:29:34
766885,BEST.PIC:LIFE.OF.PI,Life of Pi?to win Academy Award for Best Picture,20,2.7,Nov/24/2012 18:50:21
766885,BEST.PIC:LIFE.OF.PI,Life of Pi?to win Academy Award for Best Picture,10,2.7,Nov/24/2012 18:54:37
766885,BEST.PIC:LIFE.OF.PI,Life of Pi?to win Academy Award for Best Picture,20,2.5,Nov/24/2012 19:01:34
766885,BEST.PIC:LIFE.OF.PI,Life of Pi?to win Academy Award for Best Picture,25,2.6,Nov/24/2012 19:01:34
766885,BEST.PIC:LIFE.OF.PI,Life of Pi?to win Academy Award for Best Picture,1,2.7,Nov/24/2012 19:01:34
766885,BEST.PIC:LIFE.OF.PI,Life of Pi?to win Academy Award for Best Picture,44,2.6,Nov/24/2012 19:01:34
766885,BEST.PIC:LIFE.OF.PI,Life of Pi?to win Academy Award for Best Picture,55,2.5,Nov/24/2012 19:01:34
766885,BEST.PIC:LIFE.OF.PI,Life of Pi?to win Academy Award for Best Picture,3,2.7,Nov/24/2012 19:01:34
766885,BEST.PIC:LIFE.OF.PI,Life of Pi?to win Academy Award for Best Picture,5,2.5,Nov/24/2012 19:07:36
766885,BEST.PIC:LIFE.OF.PI,Life of Pi?to win Academy Award for Best Picture,10,2.5,Nov/24/2012 19:17:27
766885,BEST.PIC:LIFE.OF.PI,Life of Pi?to win Academy Award for Best Picture,20,2.5,Nov/24/2012 20:12:04
766885,BEST.PIC:LIFE.OF.PI,Life of Pi?to win Academy Award for Best Picture,9,2.5,Nov/24/2012 21:18:44
766885,BEST.PIC:LIFE.OF.PI,Life of Pi?to win Academy Award for Best Picture,66,2.4,Nov/24/2012 21:36:17
766885,BEST.PIC:LIFE.OF.PI,Life of Pi?to win Academy Award for Best Picture,18,2.3,Nov/24/2012 21:36:17
766885,BEST.PIC:LIFE.OF.PI,Life of Pi?to win Academy Award for Best Picture,2,2.3,Nov/24/2012 21:46:55
766885,BEST.PIC:LIFE.OF.PI,Life of Pi?to win Academy Award for Best Picture,57,2.3,Nov/24/2012 21:56:44
766885,BEST.PIC:LIFE.OF.PI,Life of Pi?to win Academy Award for Best Picture,43,2.3,Nov/24/2012 22:02:55
766885,BEST.PIC:LIFE.OF.PI,Life of Pi?to win Academy Award for Best Picture,1,2.3,Nov/24/2012 22:22:09
766885,BEST.PIC:LIFE.OF.PI,Life of Pi?to win Academy Award for Best Picture,8,2.5,Nov/24/2012 22:22:45
766885,BEST.PIC:LIFE.OF.PI,Life of Pi?to win Academy Award for Best Picture,35,2.5,Nov/24/2012 22:22:45
766885,BEST.PIC:LIFE.OF.PI,Life of Pi?to win Academy Award for Best Picture,32,2.5,Nov/24/2012 22:22:45
766885,BEST.PIC:LIFE.OF.PI,Life of Pi?to win Academy Award for Best Picture,68,2.5,Nov/24/2012 22:36:10
766885,BEST.PIC:LIFE.OF.PI,Life of Pi?to win Academy Award for Best Picture,70,2.5,Nov/24/2012 22:36:10
766885,BEST.PIC:LIFE.OF.PI,Life of Pi?to win Academy Award for Best Picture,1,2.3,Nov/24/2012 22:39:42
766885,BEST.PIC:LIFE.OF.PI,Life of Pi?to win Academy Award for Best Picture,10,2.8,Nov/24/2012 22:43:33
766885,BEST.PIC:LIFE.OF.PI,Life of Pi?to win Academy Award for Best Picture,1,2.9,Nov/24/2012 22:43:40
766885,BEST.PIC:LIFE.OF.PI,Life of Pi?to win Academy Award for Best Picture,2,2.5,Nov/24/2012 22:44:38
766885,BEST.PIC:LIFE.OF.PI,Life of Pi?to win Academy Award for Best Picture,43,2.5,Nov/24/2012 22:46:21
766885,BEST.PIC:LIFE.OF.PI,Life of Pi?to win Academy Award for Best Picture,51,3.0,Nov/24/2012 23:01:58
766885,BEST.PIC:LIFE.OF.PI,Life of Pi?to win Academy Award for Best Picture,50,3.0,Nov/24/2012 23:01:58
766885,BEST.PIC:LIFE.OF.PI,Life of Pi?to win Academy Award for Best Picture,57,2.5,Nov/24/2012 23:01:58
766885,BEST.PIC:LIFE.OF.PI,Life of Pi?to win Academy Award for Best Picture,10,2.9,Nov/24/2012 23:01:58
766885,BEST.PIC:LIFE.OF.PI,Life of Pi?to win Academy Award for Best Picture,1,3.3,Nov/24/2012 23:50:02
766885,BEST.PIC:LIFE.OF.PI,Life of Pi?to win Academy Award for Best Picture,2,3.0,Nov/24/2012 23:50:25
766885,BEST.PIC:LIFE.OF.PI,Life of Pi?to win Academy Award for Best Picture,1,2.6,Nov/25/2012 00:37:25
766885,BEST.PIC:LIFE.OF.PI,Life of Pi?to win Academy Award for Best Picture,1,2.6,Nov/25/2012 00:37:25
766885,BEST.PIC:LIFE.OF.PI,Life of Pi?to win Academy Award for Best Picture,23,2.6,Nov/25/2012 00:53:32
766885,BEST.PIC:LIFE.OF.PI,Life of Pi?to win Academy Award for Best Picture,20,2.8,Nov/25/2012 02:01:39
766885,BEST.PIC:LIFE.OF.PI,Life of Pi?to win Academy Award for Best Picture,5,2.8,Nov/25/2012 02:04:02
766885,BEST.PIC:LIFE.OF.PI,Life of Pi?to win Academy Award for Best Picture,6,2.9,Nov/25/2012 02:14:30
766885,BEST.PIC:LIFE.OF.PI,Life of Pi?to win Academy Award for Best Picture,5,2.9,Nov/25/2012 02:36:07
766885,BEST.PIC:LIFE.OF.PI,Life of Pi?to win Academy Award for Best Picture,3,2.9,Nov/25/2012 02:36:30
766885,BEST.PIC:LIFE.OF.PI,Life of Pi?to win Academy Award for Best Picture,11,2.4,Nov/25/2012 02:45:17
766885,BEST.PIC:LIFE.OF.PI,Life of Pi?to win Academy Award for Best Picture,9,2.4,Nov/25/2012 02:45:17
766885,BEST.PIC:LIFE.OF.PI,Life of Pi?to win Academy Award for Best Picture,4,2.5,Nov/25/2012 02:45:17
766885,BEST.PIC:LIFE.OF.PI,Life of Pi?to win Academy Award for Best Picture,1,2.8,Nov/25/2012 04:12:50
766885,BEST.PIC:LIFE.OF.PI,Life of Pi?to win Academy Award for Best Picture,1,2.6,Nov/25/2012 04:20:25
766885,BEST.PIC:LIFE.OF.PI,Life of Pi?to win Academy Award for Best Picture,91,2.4,Nov/25/2012 05:44:13
766885,BEST.PIC:LIFE.OF.PI,Life of Pi?to win Academy Award for Best Picture,24,2.5,Nov/25/2012 05:44:29
766885,BEST.PIC:LIFE.OF.PI,Life of Pi?to win Academy Award for Best Picture,26,2.5,Nov/25/2012 05:45:09
