market id,market symbol,market name,trade quantity,trade price,date/time [utc]
766888,BEST.PIC:MOONRISE.KINGDOM,Moonrise Kingdom to win Academy Award for Best Picture,5,5.0,Oct/22/2012 05:41:51
766888,BEST.PIC:MOONRISE.KINGDOM,Moonrise Kingdom to win Academy Award for Best Picture,10,5.0,Oct/22/2012 05:41:51
766888,BEST.PIC:MOONRISE.KINGDOM,Moonrise Kingdom to win Academy Award for Best Picture,10,5.0,Oct/22/2012 05:41:51
766888,BEST.PIC:MOONRISE.KINGDOM,Moonrise Kingdom to win Academy Award for Best Picture,10,0.5,Nov/01/2012 02:47:51
766888,BEST.PIC:MOONRISE.KINGDOM,Moonrise Kingdom to win Academy Award for Best Picture,10,0.9,Nov/01/2012 02:48:00
766888,BEST.PIC:MOONRISE.KINGDOM,Moonrise Kingdom to win Academy Award for Best Picture,10,1.0,Nov/01/2012 02:48:09
766888,BEST.PIC:MOONRISE.KINGDOM,Moonrise Kingdom to win Academy Award for Best Picture,10,1.5,Nov/01/2012 02:48:18
766888,BEST.PIC:MOONRISE.KINGDOM,Moonrise Kingdom to win Academy Award for Best Picture,10,2.0,Nov/01/2012 02:48:26
766888,BEST.PIC:MOONRISE.KINGDOM,Moonrise Kingdom to win Academy Award for Best Picture,10,2.0,Nov/01/2012 02:48:26
766888,BEST.PIC:MOONRISE.KINGDOM,Moonrise Kingdom to win Academy Award for Best Picture,10,2.4,Nov/01/2012 02:48:34
766888,BEST.PIC:MOONRISE.KINGDOM,Moonrise Kingdom to win Academy Award for Best Picture,25,2.5,Nov/01/2012 02:48:43
766888,BEST.PIC:MOONRISE.KINGDOM,Moonrise Kingdom to win Academy Award for Best Picture,10,2.5,Nov/01/2012 02:48:43
766888,BEST.PIC:MOONRISE.KINGDOM,Moonrise Kingdom to win Academy Award for Best Picture,20,2.9,Nov/01/2012 02:48:51
766888,BEST.PIC:MOONRISE.KINGDOM,Moonrise Kingdom to win Academy Award for Best Picture,30,2.9,Nov/01/2012 02:49:01
766888,BEST.PIC:MOONRISE.KINGDOM,Moonrise Kingdom to win Academy Award for Best Picture,20,2.9,Nov/01/2012 02:49:17
766888,BEST.PIC:MOONRISE.KINGDOM,Moonrise Kingdom to win Academy Award for Best Picture,30,2.9,Nov/01/2012 02:49:27
766888,BEST.PIC:MOONRISE.KINGDOM,Moonrise Kingdom to win Academy Award for Best Picture,20,2.9,Nov/01/2012 02:49:41
766888,BEST.PIC:MOONRISE.KINGDOM,Moonrise Kingdom to win Academy Award for Best Picture,30,2.9,Nov/01/2012 02:50:04
766888,BEST.PIC:MOONRISE.KINGDOM,Moonrise Kingdom to win Academy Award for Best Picture,50,2.9,Nov/01/2012 02:50:33
766888,BEST.PIC:MOONRISE.KINGDOM,Moonrise Kingdom to win Academy Award for Best Picture,50,2.9,Nov/01/2012 02:51:03
766888,BEST.PIC:MOONRISE.KINGDOM,Moonrise Kingdom to win Academy Award for Best Picture,10,3.0,Nov/01/2012 02:51:29
766888,BEST.PIC:MOONRISE.KINGDOM,Moonrise Kingdom to win Academy Award for Best Picture,10,3.0,Nov/01/2012 02:51:29
766888,BEST.PIC:MOONRISE.KINGDOM,Moonrise Kingdom to win Academy Award for Best Picture,50,3.4,Nov/01/2012 02:54:12
766888,BEST.PIC:MOONRISE.KINGDOM,Moonrise Kingdom to win Academy Award for Best Picture,5,3.4,Nov/01/2012 03:38:52
766888,BEST.PIC:MOONRISE.KINGDOM,Moonrise Kingdom to win Academy Award for Best Picture,10,2.5,Nov/01/2012 04:43:16
766888,BEST.PIC:MOONRISE.KINGDOM,Moonrise Kingdom to win Academy Award for Best Picture,60,2.9,Nov/01/2012 04:43:26
766888,BEST.PIC:MOONRISE.KINGDOM,Moonrise Kingdom to win Academy Award for Best Picture,10,2.0,Nov/01/2012 16:56:08
766888,BEST.PIC:MOONRISE.KINGDOM,Moonrise Kingdom to win Academy Award for Best Picture,10,2.5,Nov/01/2012 17:10:07
766888,BEST.PIC:MOONRISE.KINGDOM,Moonrise Kingdom to win Academy Award for Best Picture,9,2.8,Nov/01/2012 17:13:39
766888,BEST.PIC:MOONRISE.KINGDOM,Moonrise Kingdom to win Academy Award for Best Picture,500,0.4,Nov/01/2012 23:23:12
766888,BEST.PIC:MOONRISE.KINGDOM,Moonrise Kingdom to win Academy Award for Best Picture,50,1.3,Nov/02/2012 00:07:14
766888,BEST.PIC:MOONRISE.KINGDOM,Moonrise Kingdom to win Academy Award for Best Picture,10,1.3,Nov/02/2012 00:07:14
766888,BEST.PIC:MOONRISE.KINGDOM,Moonrise Kingdom to win Academy Award for Best Picture,10,1.3,Nov/02/2012 18:52:02
766888,BEST.PIC:MOONRISE.KINGDOM,Moonrise Kingdom to win Academy Award for Best Picture,30,0.9,Nov/05/2012 03:07:39
766888,BEST.PIC:MOONRISE.KINGDOM,Moonrise Kingdom to win Academy Award for Best Picture,20,0.8,Nov/05/2012 03:07:39
766888,BEST.PIC:MOONRISE.KINGDOM,Moonrise Kingdom to win Academy Award for Best Picture,20,0.7,Nov/05/2012 03:07:39
766888,BEST.PIC:MOONRISE.KINGDOM,Moonrise Kingdom to win Academy Award for Best Picture,10,0.5,Nov/05/2012 03:07:39
766888,BEST.PIC:MOONRISE.KINGDOM,Moonrise Kingdom to win Academy Award for Best Picture,10,0.8,Nov/05/2012 04:01:57
766888,BEST.PIC:MOONRISE.KINGDOM,Moonrise Kingdom to win Academy Award for Best Picture,40,0.8,Nov/06/2012 17:57:20
766888,BEST.PIC:MOONRISE.KINGDOM,Moonrise Kingdom to win Academy Award for Best Picture,20,0.9,Nov/06/2012 17:58:02
766888,BEST.PIC:MOONRISE.KINGDOM,Moonrise Kingdom to win Academy Award for Best Picture,50,0.8,Nov/07/2012 07:55:33
766888,BEST.PIC:MOONRISE.KINGDOM,Moonrise Kingdom to win Academy Award for Best Picture,3,0.5,Nov/07/2012 15:10:41
766888,BEST.PIC:MOONRISE.KINGDOM,Moonrise Kingdom to win Academy Award for Best Picture,7,0.5,Nov/07/2012 15:57:06
766888,BEST.PIC:MOONRISE.KINGDOM,Moonrise Kingdom to win Academy Award for Best Picture,10,0.5,Nov/07/2012 16:50:59
766888,BEST.PIC:MOONRISE.KINGDOM,Moonrise Kingdom to win Academy Award for Best Picture,20,0.9,Nov/07/2012 16:52:54
766888,BEST.PIC:MOONRISE.KINGDOM,Moonrise Kingdom to win Academy Award for Best Picture,20,1.0,Nov/07/2012 16:53:04
766888,BEST.PIC:MOONRISE.KINGDOM,Moonrise Kingdom to win Academy Award for Best Picture,20,1.0,Nov/07/2012 16:53:04
766888,BEST.PIC:MOONRISE.KINGDOM,Moonrise Kingdom to win Academy Award for Best Picture,10,0.5,Nov/07/2012 17:35:05
766888,BEST.PIC:MOONRISE.KINGDOM,Moonrise Kingdom to win Academy Award for Best Picture,20,0.9,Nov/07/2012 18:19:55
766888,BEST.PIC:MOONRISE.KINGDOM,Moonrise Kingdom to win Academy Award for Best Picture,30,1.1,Nov/07/2012 18:25:22
766888,BEST.PIC:MOONRISE.KINGDOM,Moonrise Kingdom to win Academy Award for Best Picture,30,1.0,Nov/07/2012 18:25:22
766888,BEST.PIC:MOONRISE.KINGDOM,Moonrise Kingdom to win Academy Award for Best Picture,30,0.9,Nov/07/2012 18:25:22
766888,BEST.PIC:MOONRISE.KINGDOM,Moonrise Kingdom to win Academy Award for Best Picture,10,0.9,Nov/07/2012 18:25:22
766888,BEST.PIC:MOONRISE.KINGDOM,Moonrise Kingdom to win Academy Award for Best Picture,90,0.5,Nov/07/2012 18:54:37
766888,BEST.PIC:MOONRISE.KINGDOM,Moonrise Kingdom to win Academy Award for Best Picture,2,0.5,Nov/07/2012 18:54:37
766888,BEST.PIC:MOONRISE.KINGDOM,Moonrise Kingdom to win Academy Award for Best Picture,10,0.5,Nov/07/2012 20:24:52
766888,BEST.PIC:MOONRISE.KINGDOM,Moonrise Kingdom to win Academy Award for Best Picture,5,0.5,Nov/07/2012 20:24:52
766888,BEST.PIC:MOONRISE.KINGDOM,Moonrise Kingdom to win Academy Award for Best Picture,40,0.5,Nov/07/2012 22:08:23
766888,BEST.PIC:MOONRISE.KINGDOM,Moonrise Kingdom to win Academy Award for Best Picture,50,0.7,Nov/07/2012 22:10:39
766888,BEST.PIC:MOONRISE.KINGDOM,Moonrise Kingdom to win Academy Award for Best Picture,20,0.6,Nov/08/2012 02:48:20
766888,BEST.PIC:MOONRISE.KINGDOM,Moonrise Kingdom to win Academy Award for Best Picture,20,0.5,Nov/08/2012 02:48:20
766888,BEST.PIC:MOONRISE.KINGDOM,Moonrise Kingdom to win Academy Award for Best Picture,20,0.4,Nov/08/2012 03:55:48
766888,BEST.PIC:MOONRISE.KINGDOM,Moonrise Kingdom to win Academy Award for Best Picture,10,0.4,Nov/08/2012 07:22:16
766888,BEST.PIC:MOONRISE.KINGDOM,Moonrise Kingdom to win Academy Award for Best Picture,323,0.4,Nov/08/2012 07:22:16
766888,BEST.PIC:MOONRISE.KINGDOM,Moonrise Kingdom to win Academy Award for Best Picture,40,0.4,Nov/08/2012 07:22:16
766888,BEST.PIC:MOONRISE.KINGDOM,Moonrise Kingdom to win Academy Award for Best Picture,20,0.5,Nov/08/2012 07:56:02
766888,BEST.PIC:MOONRISE.KINGDOM,Moonrise Kingdom to win Academy Award for Best Picture,1,0.1,Nov/08/2012 11:23:04
766888,BEST.PIC:MOONRISE.KINGDOM,Moonrise Kingdom to win Academy Award for Best Picture,2,0.1,Nov/08/2012 11:56:45
766888,BEST.PIC:MOONRISE.KINGDOM,Moonrise Kingdom to win Academy Award for Best Picture,10,0.1,Nov/08/2012 12:02:45
766888,BEST.PIC:MOONRISE.KINGDOM,Moonrise Kingdom to win Academy Award for Best Picture,8,0.1,Nov/08/2012 12:10:19
766888,BEST.PIC:MOONRISE.KINGDOM,Moonrise Kingdom to win Academy Award for Best Picture,2,0.1,Nov/08/2012 12:10:45
766888,BEST.PIC:MOONRISE.KINGDOM,Moonrise Kingdom to win Academy Award for Best Picture,10,0.1,Nov/08/2012 12:12:51
766888,BEST.PIC:MOONRISE.KINGDOM,Moonrise Kingdom to win Academy Award for Best Picture,5,0.1,Nov/08/2012 12:19:53
766888,BEST.PIC:MOONRISE.KINGDOM,Moonrise Kingdom to win Academy Award for Best Picture,2,0.1,Nov/08/2012 12:20:46
766888,BEST.PIC:MOONRISE.KINGDOM,Moonrise Kingdom to win Academy Award for Best Picture,8,0.2,Nov/08/2012 12:31:24
766888,BEST.PIC:MOONRISE.KINGDOM,Moonrise Kingdom to win Academy Award for Best Picture,10,0.3,Nov/08/2012 17:09:33
766888,BEST.PIC:MOONRISE.KINGDOM,Moonrise Kingdom to win Academy Award for Best Picture,30,0.4,Nov/08/2012 17:09:59
766888,BEST.PIC:MOONRISE.KINGDOM,Moonrise Kingdom to win Academy Award for Best Picture,10,0.4,Nov/08/2012 17:09:59
766888,BEST.PIC:MOONRISE.KINGDOM,Moonrise Kingdom to win Academy Award for Best Picture,5,0.3,Nov/08/2012 18:59:38
766888,BEST.PIC:MOONRISE.KINGDOM,Moonrise Kingdom to win Academy Award for Best Picture,25,0.3,Nov/08/2012 20:06:27
766888,BEST.PIC:MOONRISE.KINGDOM,Moonrise Kingdom to win Academy Award for Best Picture,10,0.3,Nov/08/2012 20:17:27
766888,BEST.PIC:MOONRISE.KINGDOM,Moonrise Kingdom to win Academy Award for Best Picture,4,0.4,Nov/08/2012 20:17:40
766888,BEST.PIC:MOONRISE.KINGDOM,Moonrise Kingdom to win Academy Award for Best Picture,50,0.4,Nov/08/2012 20:17:40
766888,BEST.PIC:MOONRISE.KINGDOM,Moonrise Kingdom to win Academy Award for Best Picture,20,0.5,Nov/08/2012 22:44:06
766888,BEST.PIC:MOONRISE.KINGDOM,Moonrise Kingdom to win Academy Award for Best Picture,30,0.5,Nov/08/2012 22:44:06
766888,BEST.PIC:MOONRISE.KINGDOM,Moonrise Kingdom to win Academy Award for Best Picture,10,0.3,Nov/08/2012 23:31:49
766888,BEST.PIC:MOONRISE.KINGDOM,Moonrise Kingdom to win Academy Award for Best Picture,15,0.3,Nov/08/2012 23:32:09
766888,BEST.PIC:MOONRISE.KINGDOM,Moonrise Kingdom to win Academy Award for Best Picture,15,0.5,Nov/09/2012 00:01:53
766888,BEST.PIC:MOONRISE.KINGDOM,Moonrise Kingdom to win Academy Award for Best Picture,10,0.5,Nov/09/2012 00:59:01
766888,BEST.PIC:MOONRISE.KINGDOM,Moonrise Kingdom to win Academy Award for Best Picture,25,0.5,Nov/09/2012 01:40:03
766888,BEST.PIC:MOONRISE.KINGDOM,Moonrise Kingdom to win Academy Award for Best Picture,4,0.4,Nov/09/2012 02:34:47
766888,BEST.PIC:MOONRISE.KINGDOM,Moonrise Kingdom to win Academy Award for Best Picture,1,0.4,Nov/09/2012 03:31:26
766888,BEST.PIC:MOONRISE.KINGDOM,Moonrise Kingdom to win Academy Award for Best Picture,20,0.4,Nov/09/2012 03:35:07
766888,BEST.PIC:MOONRISE.KINGDOM,Moonrise Kingdom to win Academy Award for Best Picture,12,0.2,Nov/09/2012 04:04:54
766888,BEST.PIC:MOONRISE.KINGDOM,Moonrise Kingdom to win Academy Award for Best Picture,15,0.3,Nov/09/2012 04:04:54
766888,BEST.PIC:MOONRISE.KINGDOM,Moonrise Kingdom to win Academy Award for Best Picture,10,0.2,Nov/09/2012 04:39:43
766888,BEST.PIC:MOONRISE.KINGDOM,Moonrise Kingdom to win Academy Award for Best Picture,20,0.2,Nov/09/2012 05:07:41
766888,BEST.PIC:MOONRISE.KINGDOM,Moonrise Kingdom to win Academy Award for Best Picture,20,0.3,Nov/09/2012 05:07:41
766888,BEST.PIC:MOONRISE.KINGDOM,Moonrise Kingdom to win Academy Award for Best Picture,20,0.2,Nov/09/2012 05:08:48
766888,BEST.PIC:MOONRISE.KINGDOM,Moonrise Kingdom to win Academy Award for Best Picture,40,0.2,Nov/09/2012 05:09:30
766888,BEST.PIC:MOONRISE.KINGDOM,Moonrise Kingdom to win Academy Award for Best Picture,20,0.2,Nov/09/2012 05:15:29
766888,BEST.PIC:MOONRISE.KINGDOM,Moonrise Kingdom to win Academy Award for Best Picture,20,0.3,Nov/09/2012 05:30:08
766888,BEST.PIC:MOONRISE.KINGDOM,Moonrise Kingdom to win Academy Award for Best Picture,1,0.2,Nov/09/2012 06:29:41
766888,BEST.PIC:MOONRISE.KINGDOM,Moonrise Kingdom to win Academy Award for Best Picture,1,0.2,Nov/09/2012 06:35:33
766888,BEST.PIC:MOONRISE.KINGDOM,Moonrise Kingdom to win Academy Award for Best Picture,1,0.3,Nov/09/2012 06:41:45
766888,BEST.PIC:MOONRISE.KINGDOM,Moonrise Kingdom to win Academy Award for Best Picture,8,0.2,Nov/09/2012 06:46:46
766888,BEST.PIC:MOONRISE.KINGDOM,Moonrise Kingdom to win Academy Award for Best Picture,10,0.2,Nov/09/2012 06:55:28
766888,BEST.PIC:MOONRISE.KINGDOM,Moonrise Kingdom to win Academy Award for Best Picture,4,0.2,Nov/09/2012 07:03:56
766888,BEST.PIC:MOONRISE.KINGDOM,Moonrise Kingdom to win Academy Award for Best Picture,10,0.5,Nov/09/2012 07:25:47
766888,BEST.PIC:MOONRISE.KINGDOM,Moonrise Kingdom to win Academy Award for Best Picture,20,0.5,Nov/09/2012 07:25:47
766888,BEST.PIC:MOONRISE.KINGDOM,Moonrise Kingdom to win Academy Award for Best Picture,10,0.4,Nov/09/2012 07:25:47
766888,BEST.PIC:MOONRISE.KINGDOM,Moonrise Kingdom to win Academy Award for Best Picture,10,0.5,Nov/09/2012 07:34:49
766888,BEST.PIC:MOONRISE.KINGDOM,Moonrise Kingdom to win Academy Award for Best Picture,1,0.9,Nov/09/2012 07:55:46
766888,BEST.PIC:MOONRISE.KINGDOM,Moonrise Kingdom to win Academy Award for Best Picture,100,0.7,Nov/09/2012 08:09:22
766888,BEST.PIC:MOONRISE.KINGDOM,Moonrise Kingdom to win Academy Award for Best Picture,20,1.0,Nov/09/2012 10:02:17
766888,BEST.PIC:MOONRISE.KINGDOM,Moonrise Kingdom to win Academy Award for Best Picture,19,0.9,Nov/09/2012 10:02:17
766888,BEST.PIC:MOONRISE.KINGDOM,Moonrise Kingdom to win Academy Award for Best Picture,21,1.0,Nov/09/2012 10:02:17
766888,BEST.PIC:MOONRISE.KINGDOM,Moonrise Kingdom to win Academy Award for Best Picture,9,1.0,Nov/09/2012 10:02:33
766888,BEST.PIC:MOONRISE.KINGDOM,Moonrise Kingdom to win Academy Award for Best Picture,1,1.0,Nov/09/2012 10:03:03
766888,BEST.PIC:MOONRISE.KINGDOM,Moonrise Kingdom to win Academy Award for Best Picture,10,1.5,Nov/09/2012 10:08:08
766888,BEST.PIC:MOONRISE.KINGDOM,Moonrise Kingdom to win Academy Award for Best Picture,10,1.1,Nov/09/2012 10:08:08
766888,BEST.PIC:MOONRISE.KINGDOM,Moonrise Kingdom to win Academy Award for Best Picture,10,1.3,Nov/09/2012 10:08:08
766888,BEST.PIC:MOONRISE.KINGDOM,Moonrise Kingdom to win Academy Award for Best Picture,5,0.5,Nov/09/2012 10:44:18
766888,BEST.PIC:MOONRISE.KINGDOM,Moonrise Kingdom to win Academy Award for Best Picture,4,0.5,Nov/09/2012 10:44:53
766888,BEST.PIC:MOONRISE.KINGDOM,Moonrise Kingdom to win Academy Award for Best Picture,1,0.3,Nov/09/2012 13:44:01
766888,BEST.PIC:MOONRISE.KINGDOM,Moonrise Kingdom to win Academy Award for Best Picture,10,0.5,Nov/09/2012 16:14:10
766888,BEST.PIC:MOONRISE.KINGDOM,Moonrise Kingdom to win Academy Award for Best Picture,40,1.3,Nov/09/2012 16:53:15
766888,BEST.PIC:MOONRISE.KINGDOM,Moonrise Kingdom to win Academy Award for Best Picture,20,1.5,Nov/09/2012 16:53:15
766888,BEST.PIC:MOONRISE.KINGDOM,Moonrise Kingdom to win Academy Award for Best Picture,40,1.0,Nov/09/2012 16:53:15
766888,BEST.PIC:MOONRISE.KINGDOM,Moonrise Kingdom to win Academy Award for Best Picture,11,0.5,Nov/09/2012 17:03:08
766888,BEST.PIC:MOONRISE.KINGDOM,Moonrise Kingdom to win Academy Award for Best Picture,10,0.5,Nov/09/2012 18:47:14
766888,BEST.PIC:MOONRISE.KINGDOM,Moonrise Kingdom to win Academy Award for Best Picture,10,0.6,Nov/09/2012 21:08:31
766888,BEST.PIC:MOONRISE.KINGDOM,Moonrise Kingdom to win Academy Award for Best Picture,20,0.6,Nov/09/2012 21:08:31
766888,BEST.PIC:MOONRISE.KINGDOM,Moonrise Kingdom to win Academy Award for Best Picture,10,0.6,Nov/09/2012 21:32:14
766888,BEST.PIC:MOONRISE.KINGDOM,Moonrise Kingdom to win Academy Award for Best Picture,5,0.6,Nov/09/2012 21:35:26
766888,BEST.PIC:MOONRISE.KINGDOM,Moonrise Kingdom to win Academy Award for Best Picture,10,0.6,Nov/09/2012 21:37:15
766888,BEST.PIC:MOONRISE.KINGDOM,Moonrise Kingdom to win Academy Award for Best Picture,20,0.6,Nov/09/2012 21:41:27
766888,BEST.PIC:MOONRISE.KINGDOM,Moonrise Kingdom to win Academy Award for Best Picture,30,0.6,Nov/09/2012 21:51:14
766888,BEST.PIC:MOONRISE.KINGDOM,Moonrise Kingdom to win Academy Award for Best Picture,5,0.6,Nov/09/2012 21:52:04
766888,BEST.PIC:MOONRISE.KINGDOM,Moonrise Kingdom to win Academy Award for Best Picture,20,0.6,Nov/09/2012 21:54:40
766888,BEST.PIC:MOONRISE.KINGDOM,Moonrise Kingdom to win Academy Award for Best Picture,20,0.6,Nov/09/2012 21:58:02
766888,BEST.PIC:MOONRISE.KINGDOM,Moonrise Kingdom to win Academy Award for Best Picture,5,0.6,Nov/09/2012 21:59:09
766888,BEST.PIC:MOONRISE.KINGDOM,Moonrise Kingdom to win Academy Award for Best Picture,75,0.6,Nov/09/2012 22:09:57
766888,BEST.PIC:MOONRISE.KINGDOM,Moonrise Kingdom to win Academy Award for Best Picture,10,0.6,Nov/09/2012 22:12:13
766888,BEST.PIC:MOONRISE.KINGDOM,Moonrise Kingdom to win Academy Award for Best Picture,159,0.5,Nov/09/2012 22:12:31
766888,BEST.PIC:MOONRISE.KINGDOM,Moonrise Kingdom to win Academy Award for Best Picture,1,0.9,Nov/09/2012 22:13:41
766888,BEST.PIC:MOONRISE.KINGDOM,Moonrise Kingdom to win Academy Award for Best Picture,20,0.6,Nov/09/2012 23:39:13
766888,BEST.PIC:MOONRISE.KINGDOM,Moonrise Kingdom to win Academy Award for Best Picture,20,0.6,Nov/09/2012 23:39:13
766888,BEST.PIC:MOONRISE.KINGDOM,Moonrise Kingdom to win Academy Award for Best Picture,260,0.6,Nov/09/2012 23:46:46
766888,BEST.PIC:MOONRISE.KINGDOM,Moonrise Kingdom to win Academy Award for Best Picture,40,0.6,Nov/09/2012 23:53:35
766888,BEST.PIC:MOONRISE.KINGDOM,Moonrise Kingdom to win Academy Award for Best Picture,42,0.5,Nov/10/2012 00:39:54
766888,BEST.PIC:MOONRISE.KINGDOM,Moonrise Kingdom to win Academy Award for Best Picture,7,0.5,Nov/10/2012 00:40:17
766888,BEST.PIC:MOONRISE.KINGDOM,Moonrise Kingdom to win Academy Award for Best Picture,83,0.5,Nov/10/2012 00:41:23
766888,BEST.PIC:MOONRISE.KINGDOM,Moonrise Kingdom to win Academy Award for Best Picture,178,0.5,Nov/10/2012 00:46:33
766888,BEST.PIC:MOONRISE.KINGDOM,Moonrise Kingdom to win Academy Award for Best Picture,25,0.5,Nov/10/2012 00:46:33
766888,BEST.PIC:MOONRISE.KINGDOM,Moonrise Kingdom to win Academy Award for Best Picture,39,0.3,Nov/10/2012 00:46:38
766888,BEST.PIC:MOONRISE.KINGDOM,Moonrise Kingdom to win Academy Award for Best Picture,11,0.3,Nov/10/2012 00:46:38
766888,BEST.PIC:MOONRISE.KINGDOM,Moonrise Kingdom to win Academy Award for Best Picture,16,0.2,Nov/10/2012 00:46:43
766888,BEST.PIC:MOONRISE.KINGDOM,Moonrise Kingdom to win Academy Award for Best Picture,20,0.7,Nov/10/2012 01:22:44
766888,BEST.PIC:MOONRISE.KINGDOM,Moonrise Kingdom to win Academy Award for Best Picture,1,0.7,Nov/10/2012 01:31:07
766888,BEST.PIC:MOONRISE.KINGDOM,Moonrise Kingdom to win Academy Award for Best Picture,55,0.7,Nov/10/2012 01:31:49
766888,BEST.PIC:MOONRISE.KINGDOM,Moonrise Kingdom to win Academy Award for Best Picture,10,0.7,Nov/10/2012 01:42:52
766888,BEST.PIC:MOONRISE.KINGDOM,Moonrise Kingdom to win Academy Award for Best Picture,414,0.7,Nov/10/2012 02:05:18
766888,BEST.PIC:MOONRISE.KINGDOM,Moonrise Kingdom to win Academy Award for Best Picture,10,0.1,Nov/10/2012 02:39:00
766888,BEST.PIC:MOONRISE.KINGDOM,Moonrise Kingdom to win Academy Award for Best Picture,1,0.1,Nov/10/2012 02:53:25
766888,BEST.PIC:MOONRISE.KINGDOM,Moonrise Kingdom to win Academy Award for Best Picture,10,0.7,Nov/10/2012 03:12:09
766888,BEST.PIC:MOONRISE.KINGDOM,Moonrise Kingdom to win Academy Award for Best Picture,10,0.7,Nov/10/2012 03:22:08
766888,BEST.PIC:MOONRISE.KINGDOM,Moonrise Kingdom to win Academy Award for Best Picture,1,0.7,Nov/10/2012 03:34:57
766888,BEST.PIC:MOONRISE.KINGDOM,Moonrise Kingdom to win Academy Award for Best Picture,9,0.7,Nov/10/2012 03:36:42
766888,BEST.PIC:MOONRISE.KINGDOM,Moonrise Kingdom to win Academy Award for Best Picture,3,0.7,Nov/10/2012 03:41:31
766888,BEST.PIC:MOONRISE.KINGDOM,Moonrise Kingdom to win Academy Award for Best Picture,4,0.7,Nov/10/2012 03:45:07
766888,BEST.PIC:MOONRISE.KINGDOM,Moonrise Kingdom to win Academy Award for Best Picture,2,0.7,Nov/10/2012 03:51:52
766888,BEST.PIC:MOONRISE.KINGDOM,Moonrise Kingdom to win Academy Award for Best Picture,1,0.7,Nov/10/2012 04:33:47
766888,BEST.PIC:MOONRISE.KINGDOM,Moonrise Kingdom to win Academy Award for Best Picture,10,0.7,Nov/10/2012 05:24:41
766888,BEST.PIC:MOONRISE.KINGDOM,Moonrise Kingdom to win Academy Award for Best Picture,11,0.2,Nov/10/2012 06:38:49
766888,BEST.PIC:MOONRISE.KINGDOM,Moonrise Kingdom to win Academy Award for Best Picture,9,0.3,Nov/10/2012 11:54:26
766888,BEST.PIC:MOONRISE.KINGDOM,Moonrise Kingdom to win Academy Award for Best Picture,1,0.3,Nov/10/2012 12:46:40
766888,BEST.PIC:MOONRISE.KINGDOM,Moonrise Kingdom to win Academy Award for Best Picture,4,0.3,Nov/10/2012 13:07:13
766888,BEST.PIC:MOONRISE.KINGDOM,Moonrise Kingdom to win Academy Award for Best Picture,6,0.3,Nov/10/2012 13:08:12
766888,BEST.PIC:MOONRISE.KINGDOM,Moonrise Kingdom to win Academy Award for Best Picture,45,0.3,Nov/10/2012 13:30:09
766888,BEST.PIC:MOONRISE.KINGDOM,Moonrise Kingdom to win Academy Award for Best Picture,35,0.3,Nov/10/2012 13:30:49
766888,BEST.PIC:MOONRISE.KINGDOM,Moonrise Kingdom to win Academy Award for Best Picture,10,0.3,Nov/10/2012 14:06:42
766888,BEST.PIC:MOONRISE.KINGDOM,Moonrise Kingdom to win Academy Award for Best Picture,1,0.3,Nov/10/2012 16:15:57
766888,BEST.PIC:MOONRISE.KINGDOM,Moonrise Kingdom to win Academy Award for Best Picture,5,0.3,Nov/10/2012 18:03:34
766888,BEST.PIC:MOONRISE.KINGDOM,Moonrise Kingdom to win Academy Award for Best Picture,1,0.3,Nov/10/2012 18:50:36
766888,BEST.PIC:MOONRISE.KINGDOM,Moonrise Kingdom to win Academy Award for Best Picture,2,0.3,Nov/10/2012 18:54:29
766888,BEST.PIC:MOONRISE.KINGDOM,Moonrise Kingdom to win Academy Award for Best Picture,381,0.3,Nov/10/2012 18:55:55
766888,BEST.PIC:MOONRISE.KINGDOM,Moonrise Kingdom to win Academy Award for Best Picture,199,0.3,Nov/10/2012 18:55:55
766888,BEST.PIC:MOONRISE.KINGDOM,Moonrise Kingdom to win Academy Award for Best Picture,70,0.4,Nov/10/2012 18:55:55
766888,BEST.PIC:MOONRISE.KINGDOM,Moonrise Kingdom to win Academy Award for Best Picture,1,0.3,Nov/10/2012 18:58:27
766888,BEST.PIC:MOONRISE.KINGDOM,Moonrise Kingdom to win Academy Award for Best Picture,89,0.2,Nov/10/2012 19:07:36
766888,BEST.PIC:MOONRISE.KINGDOM,Moonrise Kingdom to win Academy Award for Best Picture,1,0.2,Nov/10/2012 19:07:36
766888,BEST.PIC:MOONRISE.KINGDOM,Moonrise Kingdom to win Academy Award for Best Picture,75,0.2,Nov/10/2012 19:14:57
766888,BEST.PIC:MOONRISE.KINGDOM,Moonrise Kingdom to win Academy Award for Best Picture,15,0.2,Nov/10/2012 19:45:50
766888,BEST.PIC:MOONRISE.KINGDOM,Moonrise Kingdom to win Academy Award for Best Picture,25,0.2,Nov/10/2012 19:45:50
766888,BEST.PIC:MOONRISE.KINGDOM,Moonrise Kingdom to win Academy Award for Best Picture,10,0.1,Nov/10/2012 20:05:17
766888,BEST.PIC:MOONRISE.KINGDOM,Moonrise Kingdom to win Academy Award for Best Picture,1,0.1,Nov/10/2012 20:06:11
766888,BEST.PIC:MOONRISE.KINGDOM,Moonrise Kingdom to win Academy Award for Best Picture,45,0.2,Nov/10/2012 20:09:30
766888,BEST.PIC:MOONRISE.KINGDOM,Moonrise Kingdom to win Academy Award for Best Picture,40,0.2,Nov/10/2012 20:09:30
766888,BEST.PIC:MOONRISE.KINGDOM,Moonrise Kingdom to win Academy Award for Best Picture,15,0.2,Nov/10/2012 20:16:04
766888,BEST.PIC:MOONRISE.KINGDOM,Moonrise Kingdom to win Academy Award for Best Picture,85,0.2,Nov/10/2012 20:20:10
766888,BEST.PIC:MOONRISE.KINGDOM,Moonrise Kingdom to win Academy Award for Best Picture,15,0.2,Nov/10/2012 20:22:38
766888,BEST.PIC:MOONRISE.KINGDOM,Moonrise Kingdom to win Academy Award for Best Picture,20,0.1,Nov/10/2012 20:32:54
766888,BEST.PIC:MOONRISE.KINGDOM,Moonrise Kingdom to win Academy Award for Best Picture,1,0.1,Nov/10/2012 20:55:09
766888,BEST.PIC:MOONRISE.KINGDOM,Moonrise Kingdom to win Academy Award for Best Picture,9,0.2,Nov/10/2012 21:29:55
766888,BEST.PIC:MOONRISE.KINGDOM,Moonrise Kingdom to win Academy Award for Best Picture,1,0.1,Nov/10/2012 21:38:00
766888,BEST.PIC:MOONRISE.KINGDOM,Moonrise Kingdom to win Academy Award for Best Picture,1,0.1,Nov/10/2012 21:47:19
766888,BEST.PIC:MOONRISE.KINGDOM,Moonrise Kingdom to win Academy Award for Best Picture,20,0.2,Nov/10/2012 21:51:24
766888,BEST.PIC:MOONRISE.KINGDOM,Moonrise Kingdom to win Academy Award for Best Picture,56,0.2,Nov/10/2012 22:05:14
766888,BEST.PIC:MOONRISE.KINGDOM,Moonrise Kingdom to win Academy Award for Best Picture,7,0.2,Nov/10/2012 22:07:25
766888,BEST.PIC:MOONRISE.KINGDOM,Moonrise Kingdom to win Academy Award for Best Picture,50,0.3,Nov/10/2012 22:26:36
766888,BEST.PIC:MOONRISE.KINGDOM,Moonrise Kingdom to win Academy Award for Best Picture,1,0.3,Nov/10/2012 22:51:28
766888,BEST.PIC:MOONRISE.KINGDOM,Moonrise Kingdom to win Academy Award for Best Picture,29,0.3,Nov/10/2012 23:46:50
766888,BEST.PIC:MOONRISE.KINGDOM,Moonrise Kingdom to win Academy Award for Best Picture,40,0.3,Nov/10/2012 23:46:50
766888,BEST.PIC:MOONRISE.KINGDOM,Moonrise Kingdom to win Academy Award for Best Picture,31,0.4,Nov/10/2012 23:47:00
766888,BEST.PIC:MOONRISE.KINGDOM,Moonrise Kingdom to win Academy Award for Best Picture,1,0.2,Nov/11/2012 00:51:10
766888,BEST.PIC:MOONRISE.KINGDOM,Moonrise Kingdom to win Academy Award for Best Picture,25,0.2,Nov/11/2012 01:00:07
766888,BEST.PIC:MOONRISE.KINGDOM,Moonrise Kingdom to win Academy Award for Best Picture,90,0.3,Nov/11/2012 01:11:47
766888,BEST.PIC:MOONRISE.KINGDOM,Moonrise Kingdom to win Academy Award for Best Picture,22,0.2,Nov/11/2012 01:20:25
766888,BEST.PIC:MOONRISE.KINGDOM,Moonrise Kingdom to win Academy Award for Best Picture,10,0.3,Nov/11/2012 01:20:25
766888,BEST.PIC:MOONRISE.KINGDOM,Moonrise Kingdom to win Academy Award for Best Picture,45,0.2,Nov/11/2012 01:27:37
766888,BEST.PIC:MOONRISE.KINGDOM,Moonrise Kingdom to win Academy Award for Best Picture,33,0.3,Nov/11/2012 01:35:46
766888,BEST.PIC:MOONRISE.KINGDOM,Moonrise Kingdom to win Academy Award for Best Picture,50,0.3,Nov/11/2012 02:59:07
766888,BEST.PIC:MOONRISE.KINGDOM,Moonrise Kingdom to win Academy Award for Best Picture,7,0.3,Nov/11/2012 04:43:51
766888,BEST.PIC:MOONRISE.KINGDOM,Moonrise Kingdom to win Academy Award for Best Picture,70,0.3,Nov/11/2012 04:43:51
766888,BEST.PIC:MOONRISE.KINGDOM,Moonrise Kingdom to win Academy Award for Best Picture,80,0.3,Nov/11/2012 06:09:29
766888,BEST.PIC:MOONRISE.KINGDOM,Moonrise Kingdom to win Academy Award for Best Picture,10,0.2,Nov/11/2012 06:28:43
766888,BEST.PIC:MOONRISE.KINGDOM,Moonrise Kingdom to win Academy Award for Best Picture,10,0.3,Nov/11/2012 06:46:31
766888,BEST.PIC:MOONRISE.KINGDOM,Moonrise Kingdom to win Academy Award for Best Picture,9,0.2,Nov/11/2012 07:18:34
766888,BEST.PIC:MOONRISE.KINGDOM,Moonrise Kingdom to win Academy Award for Best Picture,11,0.2,Nov/11/2012 07:20:00
766888,BEST.PIC:MOONRISE.KINGDOM,Moonrise Kingdom to win Academy Award for Best Picture,58,0.2,Nov/11/2012 07:23:50
766888,BEST.PIC:MOONRISE.KINGDOM,Moonrise Kingdom to win Academy Award for Best Picture,110,0.2,Nov/11/2012 07:25:45
766888,BEST.PIC:MOONRISE.KINGDOM,Moonrise Kingdom to win Academy Award for Best Picture,30,0.3,Nov/11/2012 07:40:29
766888,BEST.PIC:MOONRISE.KINGDOM,Moonrise Kingdom to win Academy Award for Best Picture,24,0.3,Nov/11/2012 07:47:43
766888,BEST.PIC:MOONRISE.KINGDOM,Moonrise Kingdom to win Academy Award for Best Picture,6,0.3,Nov/11/2012 08:36:53
766888,BEST.PIC:MOONRISE.KINGDOM,Moonrise Kingdom to win Academy Award for Best Picture,10,0.3,Nov/11/2012 10:36:42
766888,BEST.PIC:MOONRISE.KINGDOM,Moonrise Kingdom to win Academy Award for Best Picture,1,0.3,Nov/11/2012 12:26:29
766888,BEST.PIC:MOONRISE.KINGDOM,Moonrise Kingdom to win Academy Award for Best Picture,1,0.3,Nov/11/2012 12:26:33
766888,BEST.PIC:MOONRISE.KINGDOM,Moonrise Kingdom to win Academy Award for Best Picture,1,0.3,Nov/11/2012 12:26:35
766888,BEST.PIC:MOONRISE.KINGDOM,Moonrise Kingdom to win Academy Award for Best Picture,1,0.3,Nov/11/2012 12:26:37
766888,BEST.PIC:MOONRISE.KINGDOM,Moonrise Kingdom to win Academy Award for Best Picture,1,0.3,Nov/11/2012 12:26:39
766888,BEST.PIC:MOONRISE.KINGDOM,Moonrise Kingdom to win Academy Award for Best Picture,1,0.3,Nov/11/2012 12:33:38
766888,BEST.PIC:MOONRISE.KINGDOM,Moonrise Kingdom to win Academy Award for Best Picture,1,0.3,Nov/11/2012 12:33:39
766888,BEST.PIC:MOONRISE.KINGDOM,Moonrise Kingdom to win Academy Award for Best Picture,1,0.3,Nov/11/2012 12:33:43
766888,BEST.PIC:MOONRISE.KINGDOM,Moonrise Kingdom to win Academy Award for Best Picture,1,0.3,Nov/11/2012 12:33:45
766888,BEST.PIC:MOONRISE.KINGDOM,Moonrise Kingdom to win Academy Award for Best Picture,1,0.3,Nov/11/2012 12:33:47
766888,BEST.PIC:MOONRISE.KINGDOM,Moonrise Kingdom to win Academy Award for Best Picture,1,0.3,Nov/11/2012 12:33:48
766888,BEST.PIC:MOONRISE.KINGDOM,Moonrise Kingdom to win Academy Award for Best Picture,1,0.3,Nov/11/2012 12:33:49
766888,BEST.PIC:MOONRISE.KINGDOM,Moonrise Kingdom to win Academy Award for Best Picture,1,0.3,Nov/11/2012 13:34:48
766888,BEST.PIC:MOONRISE.KINGDOM,Moonrise Kingdom to win Academy Award for Best Picture,40,0.5,Nov/11/2012 14:23:19
766888,BEST.PIC:MOONRISE.KINGDOM,Moonrise Kingdom to win Academy Award for Best Picture,1,0.3,Nov/11/2012 14:34:33
766888,BEST.PIC:MOONRISE.KINGDOM,Moonrise Kingdom to win Academy Award for Best Picture,1,0.3,Nov/11/2012 14:34:36
766888,BEST.PIC:MOONRISE.KINGDOM,Moonrise Kingdom to win Academy Award for Best Picture,1,0.3,Nov/11/2012 14:34:38
766888,BEST.PIC:MOONRISE.KINGDOM,Moonrise Kingdom to win Academy Award for Best Picture,1,0.3,Nov/11/2012 14:34:40
766888,BEST.PIC:MOONRISE.KINGDOM,Moonrise Kingdom to win Academy Award for Best Picture,1,0.3,Nov/11/2012 14:34:42
766888,BEST.PIC:MOONRISE.KINGDOM,Moonrise Kingdom to win Academy Award for Best Picture,1,0.3,Nov/11/2012 14:34:43
766888,BEST.PIC:MOONRISE.KINGDOM,Moonrise Kingdom to win Academy Award for Best Picture,1,0.3,Nov/11/2012 14:34:44
766888,BEST.PIC:MOONRISE.KINGDOM,Moonrise Kingdom to win Academy Award for Best Picture,10,0.3,Nov/11/2012 20:16:22
766888,BEST.PIC:MOONRISE.KINGDOM,Moonrise Kingdom to win Academy Award for Best Picture,20,0.3,Nov/11/2012 21:25:15
766888,BEST.PIC:MOONRISE.KINGDOM,Moonrise Kingdom to win Academy Award for Best Picture,10,0.3,Nov/12/2012 04:49:59
766888,BEST.PIC:MOONRISE.KINGDOM,Moonrise Kingdom to win Academy Award for Best Picture,11,0.3,Nov/12/2012 04:51:46
766888,BEST.PIC:MOONRISE.KINGDOM,Moonrise Kingdom to win Academy Award for Best Picture,2,0.3,Nov/12/2012 16:05:28
766888,BEST.PIC:MOONRISE.KINGDOM,Moonrise Kingdom to win Academy Award for Best Picture,8,0.3,Nov/12/2012 16:05:28
766888,BEST.PIC:MOONRISE.KINGDOM,Moonrise Kingdom to win Academy Award for Best Picture,7,0.3,Nov/12/2012 16:08:44
766888,BEST.PIC:MOONRISE.KINGDOM,Moonrise Kingdom to win Academy Award for Best Picture,1,0.3,Nov/12/2012 16:08:44
766888,BEST.PIC:MOONRISE.KINGDOM,Moonrise Kingdom to win Academy Award for Best Picture,12,0.3,Nov/12/2012 16:08:44
766888,BEST.PIC:MOONRISE.KINGDOM,Moonrise Kingdom to win Academy Award for Best Picture,88,0.3,Nov/12/2012 19:59:04
766888,BEST.PIC:MOONRISE.KINGDOM,Moonrise Kingdom to win Academy Award for Best Picture,112,0.3,Nov/12/2012 19:59:04
766888,BEST.PIC:MOONRISE.KINGDOM,Moonrise Kingdom to win Academy Award for Best Picture,1,0.3,Nov/12/2012 21:35:36
766888,BEST.PIC:MOONRISE.KINGDOM,Moonrise Kingdom to win Academy Award for Best Picture,1,0.3,Nov/12/2012 21:41:30
766888,BEST.PIC:MOONRISE.KINGDOM,Moonrise Kingdom to win Academy Award for Best Picture,1,0.3,Nov/12/2012 22:22:32
766888,BEST.PIC:MOONRISE.KINGDOM,Moonrise Kingdom to win Academy Award for Best Picture,10,0.3,Nov/12/2012 22:57:29
766888,BEST.PIC:MOONRISE.KINGDOM,Moonrise Kingdom to win Academy Award for Best Picture,10,0.3,Nov/12/2012 22:57:29
766888,BEST.PIC:MOONRISE.KINGDOM,Moonrise Kingdom to win Academy Award for Best Picture,10,0.3,Nov/12/2012 23:42:46
766888,BEST.PIC:MOONRISE.KINGDOM,Moonrise Kingdom to win Academy Award for Best Picture,10,0.3,Nov/13/2012 00:00:05
766888,BEST.PIC:MOONRISE.KINGDOM,Moonrise Kingdom to win Academy Award for Best Picture,2,0.3,Nov/13/2012 00:44:06
766888,BEST.PIC:MOONRISE.KINGDOM,Moonrise Kingdom to win Academy Award for Best Picture,80,0.4,Nov/13/2012 00:52:28
766888,BEST.PIC:MOONRISE.KINGDOM,Moonrise Kingdom to win Academy Award for Best Picture,1,0.4,Nov/13/2012 00:52:28
766888,BEST.PIC:MOONRISE.KINGDOM,Moonrise Kingdom to win Academy Award for Best Picture,50,0.4,Nov/13/2012 00:52:28
766888,BEST.PIC:MOONRISE.KINGDOM,Moonrise Kingdom to win Academy Award for Best Picture,40,0.5,Nov/13/2012 00:52:36
766888,BEST.PIC:MOONRISE.KINGDOM,Moonrise Kingdom to win Academy Award for Best Picture,50,0.5,Nov/13/2012 00:52:36
766888,BEST.PIC:MOONRISE.KINGDOM,Moonrise Kingdom to win Academy Award for Best Picture,10,0.5,Nov/13/2012 00:52:36
766888,BEST.PIC:MOONRISE.KINGDOM,Moonrise Kingdom to win Academy Award for Best Picture,10,0.6,Nov/13/2012 00:52:42
766888,BEST.PIC:MOONRISE.KINGDOM,Moonrise Kingdom to win Academy Award for Best Picture,10,0.8,Nov/13/2012 00:52:50
766888,BEST.PIC:MOONRISE.KINGDOM,Moonrise Kingdom to win Academy Award for Best Picture,2,0.8,Nov/13/2012 00:52:50
766888,BEST.PIC:MOONRISE.KINGDOM,Moonrise Kingdom to win Academy Award for Best Picture,90,0.5,Nov/13/2012 01:05:56
766888,BEST.PIC:MOONRISE.KINGDOM,Moonrise Kingdom to win Academy Award for Best Picture,60,0.8,Nov/13/2012 01:06:04
766888,BEST.PIC:MOONRISE.KINGDOM,Moonrise Kingdom to win Academy Award for Best Picture,80,0.9,Nov/13/2012 01:06:16
766888,BEST.PIC:MOONRISE.KINGDOM,Moonrise Kingdom to win Academy Award for Best Picture,40,1.0,Nov/13/2012 01:06:35
766888,BEST.PIC:MOONRISE.KINGDOM,Moonrise Kingdom to win Academy Award for Best Picture,40,1.0,Nov/13/2012 01:06:35
766888,BEST.PIC:MOONRISE.KINGDOM,Moonrise Kingdom to win Academy Award for Best Picture,5,0.3,Nov/13/2012 01:49:09
766888,BEST.PIC:MOONRISE.KINGDOM,Moonrise Kingdom to win Academy Award for Best Picture,5,0.3,Nov/13/2012 03:30:24
766888,BEST.PIC:MOONRISE.KINGDOM,Moonrise Kingdom to win Academy Award for Best Picture,1,0.3,Nov/13/2012 10:49:32
766888,BEST.PIC:MOONRISE.KINGDOM,Moonrise Kingdom to win Academy Award for Best Picture,3,0.3,Nov/13/2012 10:54:13
766888,BEST.PIC:MOONRISE.KINGDOM,Moonrise Kingdom to win Academy Award for Best Picture,1,0.3,Nov/13/2012 10:59:11
766888,BEST.PIC:MOONRISE.KINGDOM,Moonrise Kingdom to win Academy Award for Best Picture,5,0.3,Nov/13/2012 11:12:29
766888,BEST.PIC:MOONRISE.KINGDOM,Moonrise Kingdom to win Academy Award for Best Picture,5,0.3,Nov/13/2012 11:42:13
766888,BEST.PIC:MOONRISE.KINGDOM,Moonrise Kingdom to win Academy Award for Best Picture,1,0.3,Nov/13/2012 12:00:42
766888,BEST.PIC:MOONRISE.KINGDOM,Moonrise Kingdom to win Academy Award for Best Picture,1,0.3,Nov/13/2012 12:01:02
766888,BEST.PIC:MOONRISE.KINGDOM,Moonrise Kingdom to win Academy Award for Best Picture,1,0.3,Nov/13/2012 12:21:41
766888,BEST.PIC:MOONRISE.KINGDOM,Moonrise Kingdom to win Academy Award for Best Picture,25,0.4,Nov/13/2012 15:59:10
766888,BEST.PIC:MOONRISE.KINGDOM,Moonrise Kingdom to win Academy Award for Best Picture,40,0.3,Nov/13/2012 16:34:10
766888,BEST.PIC:MOONRISE.KINGDOM,Moonrise Kingdom to win Academy Award for Best Picture,50,0.3,Nov/13/2012 16:34:10
766888,BEST.PIC:MOONRISE.KINGDOM,Moonrise Kingdom to win Academy Award for Best Picture,10,0.3,Nov/13/2012 16:34:10
766888,BEST.PIC:MOONRISE.KINGDOM,Moonrise Kingdom to win Academy Award for Best Picture,1,0.3,Nov/13/2012 16:35:37
766888,BEST.PIC:MOONRISE.KINGDOM,Moonrise Kingdom to win Academy Award for Best Picture,1,0.3,Nov/13/2012 16:36:17
766888,BEST.PIC:MOONRISE.KINGDOM,Moonrise Kingdom to win Academy Award for Best Picture,9,0.3,Nov/13/2012 23:09:29
766888,BEST.PIC:MOONRISE.KINGDOM,Moonrise Kingdom to win Academy Award for Best Picture,14,0.3,Nov/13/2012 23:59:13
766888,BEST.PIC:MOONRISE.KINGDOM,Moonrise Kingdom to win Academy Award for Best Picture,36,0.3,Nov/13/2012 23:59:13
766888,BEST.PIC:MOONRISE.KINGDOM,Moonrise Kingdom to win Academy Award for Best Picture,1,0.3,Nov/14/2012 00:50:04
766888,BEST.PIC:MOONRISE.KINGDOM,Moonrise Kingdom to win Academy Award for Best Picture,15,0.4,Nov/14/2012 00:54:35
766888,BEST.PIC:MOONRISE.KINGDOM,Moonrise Kingdom to win Academy Award for Best Picture,20,0.4,Nov/14/2012 00:54:35
766888,BEST.PIC:MOONRISE.KINGDOM,Moonrise Kingdom to win Academy Award for Best Picture,1,0.3,Nov/14/2012 03:46:19
766888,BEST.PIC:MOONRISE.KINGDOM,Moonrise Kingdom to win Academy Award for Best Picture,10,0.3,Nov/14/2012 03:46:19
766888,BEST.PIC:MOONRISE.KINGDOM,Moonrise Kingdom to win Academy Award for Best Picture,10,0.2,Nov/14/2012 04:32:34
766888,BEST.PIC:MOONRISE.KINGDOM,Moonrise Kingdom to win Academy Award for Best Picture,3,0.2,Nov/14/2012 04:34:46
766888,BEST.PIC:MOONRISE.KINGDOM,Moonrise Kingdom to win Academy Award for Best Picture,2,0.2,Nov/14/2012 04:34:56
766888,BEST.PIC:MOONRISE.KINGDOM,Moonrise Kingdom to win Academy Award for Best Picture,3,0.2,Nov/14/2012 04:36:47
766888,BEST.PIC:MOONRISE.KINGDOM,Moonrise Kingdom to win Academy Award for Best Picture,2,0.2,Nov/14/2012 04:37:40
766888,BEST.PIC:MOONRISE.KINGDOM,Moonrise Kingdom to win Academy Award for Best Picture,79,0.3,Nov/14/2012 04:51:39
766888,BEST.PIC:MOONRISE.KINGDOM,Moonrise Kingdom to win Academy Award for Best Picture,5,0.2,Nov/14/2012 05:00:46
766888,BEST.PIC:MOONRISE.KINGDOM,Moonrise Kingdom to win Academy Award for Best Picture,5,0.2,Nov/14/2012 05:15:55
766888,BEST.PIC:MOONRISE.KINGDOM,Moonrise Kingdom to win Academy Award for Best Picture,4,0.2,Nov/14/2012 05:19:45
766888,BEST.PIC:MOONRISE.KINGDOM,Moonrise Kingdom to win Academy Award for Best Picture,6,0.2,Nov/14/2012 05:21:17
766888,BEST.PIC:MOONRISE.KINGDOM,Moonrise Kingdom to win Academy Award for Best Picture,75,0.2,Nov/14/2012 05:26:22
766888,BEST.PIC:MOONRISE.KINGDOM,Moonrise Kingdom to win Academy Award for Best Picture,200,0.3,Nov/14/2012 12:19:18
766888,BEST.PIC:MOONRISE.KINGDOM,Moonrise Kingdom to win Academy Award for Best Picture,30,0.3,Nov/14/2012 15:24:58
766888,BEST.PIC:MOONRISE.KINGDOM,Moonrise Kingdom to win Academy Award for Best Picture,30,0.3,Nov/14/2012 15:25:19
766888,BEST.PIC:MOONRISE.KINGDOM,Moonrise Kingdom to win Academy Award for Best Picture,11,0.3,Nov/14/2012 17:16:28
766888,BEST.PIC:MOONRISE.KINGDOM,Moonrise Kingdom to win Academy Award for Best Picture,1,0.3,Nov/14/2012 17:17:32
766888,BEST.PIC:MOONRISE.KINGDOM,Moonrise Kingdom to win Academy Award for Best Picture,9,0.3,Nov/14/2012 17:31:25
766888,BEST.PIC:MOONRISE.KINGDOM,Moonrise Kingdom to win Academy Award for Best Picture,29,0.3,Nov/14/2012 17:57:35
766888,BEST.PIC:MOONRISE.KINGDOM,Moonrise Kingdom to win Academy Award for Best Picture,50,0.3,Nov/14/2012 20:19:17
766888,BEST.PIC:MOONRISE.KINGDOM,Moonrise Kingdom to win Academy Award for Best Picture,31,0.3,Nov/14/2012 22:08:34
766888,BEST.PIC:MOONRISE.KINGDOM,Moonrise Kingdom to win Academy Award for Best Picture,4,0.2,Nov/14/2012 22:50:46
766888,BEST.PIC:MOONRISE.KINGDOM,Moonrise Kingdom to win Academy Award for Best Picture,1,0.2,Nov/14/2012 22:53:23
766888,BEST.PIC:MOONRISE.KINGDOM,Moonrise Kingdom to win Academy Award for Best Picture,5,0.2,Nov/14/2012 22:57:24
766888,BEST.PIC:MOONRISE.KINGDOM,Moonrise Kingdom to win Academy Award for Best Picture,10,0.2,Nov/15/2012 00:11:41
766888,BEST.PIC:MOONRISE.KINGDOM,Moonrise Kingdom to win Academy Award for Best Picture,4,0.2,Nov/15/2012 00:16:45
766888,BEST.PIC:MOONRISE.KINGDOM,Moonrise Kingdom to win Academy Award for Best Picture,2,0.2,Nov/15/2012 01:19:54
766888,BEST.PIC:MOONRISE.KINGDOM,Moonrise Kingdom to win Academy Award for Best Picture,2,0.2,Nov/15/2012 01:20:05
766888,BEST.PIC:MOONRISE.KINGDOM,Moonrise Kingdom to win Academy Award for Best Picture,70,0.3,Nov/15/2012 01:26:26
766888,BEST.PIC:MOONRISE.KINGDOM,Moonrise Kingdom to win Academy Award for Best Picture,20,0.3,Nov/15/2012 01:26:26
766888,BEST.PIC:MOONRISE.KINGDOM,Moonrise Kingdom to win Academy Award for Best Picture,10,0.3,Nov/15/2012 01:26:44
766888,BEST.PIC:MOONRISE.KINGDOM,Moonrise Kingdom to win Academy Award for Best Picture,70,0.3,Nov/15/2012 01:27:18
766888,BEST.PIC:MOONRISE.KINGDOM,Moonrise Kingdom to win Academy Award for Best Picture,30,0.3,Nov/15/2012 01:27:33
766888,BEST.PIC:MOONRISE.KINGDOM,Moonrise Kingdom to win Academy Award for Best Picture,70,0.3,Nov/15/2012 01:28:26
766888,BEST.PIC:MOONRISE.KINGDOM,Moonrise Kingdom to win Academy Award for Best Picture,30,0.3,Nov/15/2012 01:30:43
766888,BEST.PIC:MOONRISE.KINGDOM,Moonrise Kingdom to win Academy Award for Best Picture,70,0.3,Nov/15/2012 01:31:38
766888,BEST.PIC:MOONRISE.KINGDOM,Moonrise Kingdom to win Academy Award for Best Picture,17,0.3,Nov/15/2012 02:02:49
766888,BEST.PIC:MOONRISE.KINGDOM,Moonrise Kingdom to win Academy Award for Best Picture,3,0.2,Nov/15/2012 02:06:18
766888,BEST.PIC:MOONRISE.KINGDOM,Moonrise Kingdom to win Academy Award for Best Picture,24,0.2,Nov/15/2012 02:06:18
766888,BEST.PIC:MOONRISE.KINGDOM,Moonrise Kingdom to win Academy Award for Best Picture,13,0.3,Nov/15/2012 02:06:18
766888,BEST.PIC:MOONRISE.KINGDOM,Moonrise Kingdom to win Academy Award for Best Picture,1,0.2,Nov/15/2012 02:15:24
766888,BEST.PIC:MOONRISE.KINGDOM,Moonrise Kingdom to win Academy Award for Best Picture,1,0.3,Nov/15/2012 02:35:44
766888,BEST.PIC:MOONRISE.KINGDOM,Moonrise Kingdom to win Academy Award for Best Picture,1,0.3,Nov/15/2012 02:41:21
766888,BEST.PIC:MOONRISE.KINGDOM,Moonrise Kingdom to win Academy Award for Best Picture,4,0.3,Nov/15/2012 02:57:21
766888,BEST.PIC:MOONRISE.KINGDOM,Moonrise Kingdom to win Academy Award for Best Picture,1,0.3,Nov/15/2012 02:58:43
766888,BEST.PIC:MOONRISE.KINGDOM,Moonrise Kingdom to win Academy Award for Best Picture,2,0.3,Nov/15/2012 03:00:38
766888,BEST.PIC:MOONRISE.KINGDOM,Moonrise Kingdom to win Academy Award for Best Picture,25,0.3,Nov/15/2012 03:02:35
766888,BEST.PIC:MOONRISE.KINGDOM,Moonrise Kingdom to win Academy Award for Best Picture,16,0.3,Nov/15/2012 03:04:55
766888,BEST.PIC:MOONRISE.KINGDOM,Moonrise Kingdom to win Academy Award for Best Picture,84,0.3,Nov/15/2012 03:07:34
766888,BEST.PIC:MOONRISE.KINGDOM,Moonrise Kingdom to win Academy Award for Best Picture,16,0.3,Nov/15/2012 03:09:14
766888,BEST.PIC:MOONRISE.KINGDOM,Moonrise Kingdom to win Academy Award for Best Picture,1,0.2,Nov/15/2012 05:27:14
766888,BEST.PIC:MOONRISE.KINGDOM,Moonrise Kingdom to win Academy Award for Best Picture,1,0.2,Nov/15/2012 05:34:27
766888,BEST.PIC:MOONRISE.KINGDOM,Moonrise Kingdom to win Academy Award for Best Picture,5,0.2,Nov/15/2012 05:56:41
766888,BEST.PIC:MOONRISE.KINGDOM,Moonrise Kingdom to win Academy Award for Best Picture,5,0.2,Nov/15/2012 05:57:48
766888,BEST.PIC:MOONRISE.KINGDOM,Moonrise Kingdom to win Academy Award for Best Picture,4,0.2,Nov/15/2012 06:25:29
766888,BEST.PIC:MOONRISE.KINGDOM,Moonrise Kingdom to win Academy Award for Best Picture,1,0.2,Nov/15/2012 09:59:34
766888,BEST.PIC:MOONRISE.KINGDOM,Moonrise Kingdom to win Academy Award for Best Picture,1,0.2,Nov/15/2012 09:59:56
766888,BEST.PIC:MOONRISE.KINGDOM,Moonrise Kingdom to win Academy Award for Best Picture,1,0.2,Nov/15/2012 10:01:26
766888,BEST.PIC:MOONRISE.KINGDOM,Moonrise Kingdom to win Academy Award for Best Picture,1,0.2,Nov/15/2012 10:55:23
766888,BEST.PIC:MOONRISE.KINGDOM,Moonrise Kingdom to win Academy Award for Best Picture,9,0.2,Nov/15/2012 10:57:47
766888,BEST.PIC:MOONRISE.KINGDOM,Moonrise Kingdom to win Academy Award for Best Picture,12,0.2,Nov/15/2012 11:29:19
766888,BEST.PIC:MOONRISE.KINGDOM,Moonrise Kingdom to win Academy Award for Best Picture,1,0.2,Nov/15/2012 11:38:14
766888,BEST.PIC:MOONRISE.KINGDOM,Moonrise Kingdom to win Academy Award for Best Picture,1,0.2,Nov/15/2012 12:14:56
766888,BEST.PIC:MOONRISE.KINGDOM,Moonrise Kingdom to win Academy Award for Best Picture,3,0.2,Nov/15/2012 12:15:34
766888,BEST.PIC:MOONRISE.KINGDOM,Moonrise Kingdom to win Academy Award for Best Picture,1,0.2,Nov/15/2012 14:35:27
766888,BEST.PIC:MOONRISE.KINGDOM,Moonrise Kingdom to win Academy Award for Best Picture,9,0.2,Nov/15/2012 14:41:36
766888,BEST.PIC:MOONRISE.KINGDOM,Moonrise Kingdom to win Academy Award for Best Picture,14,0.2,Nov/15/2012 14:42:00
766888,BEST.PIC:MOONRISE.KINGDOM,Moonrise Kingdom to win Academy Award for Best Picture,4,0.2,Nov/15/2012 14:43:42
766888,BEST.PIC:MOONRISE.KINGDOM,Moonrise Kingdom to win Academy Award for Best Picture,5,0.2,Nov/15/2012 14:52:31
766888,BEST.PIC:MOONRISE.KINGDOM,Moonrise Kingdom to win Academy Award for Best Picture,8,0.2,Nov/15/2012 15:01:32
766888,BEST.PIC:MOONRISE.KINGDOM,Moonrise Kingdom to win Academy Award for Best Picture,18,0.2,Nov/15/2012 15:10:19
766888,BEST.PIC:MOONRISE.KINGDOM,Moonrise Kingdom to win Academy Award for Best Picture,1,0.2,Nov/15/2012 15:10:43
766888,BEST.PIC:MOONRISE.KINGDOM,Moonrise Kingdom to win Academy Award for Best Picture,2,0.2,Nov/15/2012 15:15:52
766888,BEST.PIC:MOONRISE.KINGDOM,Moonrise Kingdom to win Academy Award for Best Picture,21,0.2,Nov/15/2012 16:35:35
766888,BEST.PIC:MOONRISE.KINGDOM,Moonrise Kingdom to win Academy Award for Best Picture,41,0.2,Nov/15/2012 17:08:00
766888,BEST.PIC:MOONRISE.KINGDOM,Moonrise Kingdom to win Academy Award for Best Picture,81,0.2,Nov/15/2012 17:18:31
766888,BEST.PIC:MOONRISE.KINGDOM,Moonrise Kingdom to win Academy Award for Best Picture,84,0.3,Nov/15/2012 20:24:21
766888,BEST.PIC:MOONRISE.KINGDOM,Moonrise Kingdom to win Academy Award for Best Picture,20,0.4,Nov/15/2012 21:27:44
766888,BEST.PIC:MOONRISE.KINGDOM,Moonrise Kingdom to win Academy Award for Best Picture,10,0.4,Nov/15/2012 21:27:44
766888,BEST.PIC:MOONRISE.KINGDOM,Moonrise Kingdom to win Academy Award for Best Picture,70,0.4,Nov/15/2012 21:27:44
766888,BEST.PIC:MOONRISE.KINGDOM,Moonrise Kingdom to win Academy Award for Best Picture,10,0.2,Nov/15/2012 21:59:57
766888,BEST.PIC:MOONRISE.KINGDOM,Moonrise Kingdom to win Academy Award for Best Picture,24,0.2,Nov/15/2012 22:00:23
766888,BEST.PIC:MOONRISE.KINGDOM,Moonrise Kingdom to win Academy Award for Best Picture,7,0.2,Nov/15/2012 22:00:47
766888,BEST.PIC:MOONRISE.KINGDOM,Moonrise Kingdom to win Academy Award for Best Picture,10,0.2,Nov/15/2012 22:04:18
766888,BEST.PIC:MOONRISE.KINGDOM,Moonrise Kingdom to win Academy Award for Best Picture,1,0.2,Nov/15/2012 22:11:23
766888,BEST.PIC:MOONRISE.KINGDOM,Moonrise Kingdom to win Academy Award for Best Picture,80,0.2,Nov/15/2012 22:12:08
766888,BEST.PIC:MOONRISE.KINGDOM,Moonrise Kingdom to win Academy Award for Best Picture,22,0.2,Nov/15/2012 22:24:14
766888,BEST.PIC:MOONRISE.KINGDOM,Moonrise Kingdom to win Academy Award for Best Picture,1,0.2,Nov/15/2012 22:25:16
766888,BEST.PIC:MOONRISE.KINGDOM,Moonrise Kingdom to win Academy Award for Best Picture,20,0.2,Nov/15/2012 22:43:10
766888,BEST.PIC:MOONRISE.KINGDOM,Moonrise Kingdom to win Academy Award for Best Picture,2,0.2,Nov/15/2012 23:55:58
766888,BEST.PIC:MOONRISE.KINGDOM,Moonrise Kingdom to win Academy Award for Best Picture,3,0.2,Nov/16/2012 00:00:48
766888,BEST.PIC:MOONRISE.KINGDOM,Moonrise Kingdom to win Academy Award for Best Picture,1,0.2,Nov/16/2012 13:51:47
766888,BEST.PIC:MOONRISE.KINGDOM,Moonrise Kingdom to win Academy Award for Best Picture,19,0.2,Nov/16/2012 15:52:38
766888,BEST.PIC:MOONRISE.KINGDOM,Moonrise Kingdom to win Academy Award for Best Picture,109,0.3,Nov/17/2012 10:49:12
766888,BEST.PIC:MOONRISE.KINGDOM,Moonrise Kingdom to win Academy Award for Best Picture,100,0.3,Nov/17/2012 10:49:12
766888,BEST.PIC:MOONRISE.KINGDOM,Moonrise Kingdom to win Academy Award for Best Picture,100,0.3,Nov/17/2012 10:49:12
766888,BEST.PIC:MOONRISE.KINGDOM,Moonrise Kingdom to win Academy Award for Best Picture,200,0.3,Nov/17/2012 10:49:12
766888,BEST.PIC:MOONRISE.KINGDOM,Moonrise Kingdom to win Academy Award for Best Picture,10,0.4,Nov/17/2012 14:09:44
766888,BEST.PIC:MOONRISE.KINGDOM,Moonrise Kingdom to win Academy Award for Best Picture,5,0.2,Nov/17/2012 15:38:14
766888,BEST.PIC:MOONRISE.KINGDOM,Moonrise Kingdom to win Academy Award for Best Picture,10,0.2,Nov/17/2012 15:40:45
766888,BEST.PIC:MOONRISE.KINGDOM,Moonrise Kingdom to win Academy Award for Best Picture,5,0.2,Nov/17/2012 15:41:13
766888,BEST.PIC:MOONRISE.KINGDOM,Moonrise Kingdom to win Academy Award for Best Picture,4,0.2,Nov/17/2012 15:41:31
766888,BEST.PIC:MOONRISE.KINGDOM,Moonrise Kingdom to win Academy Award for Best Picture,1,0.2,Nov/17/2012 15:41:31
766888,BEST.PIC:MOONRISE.KINGDOM,Moonrise Kingdom to win Academy Award for Best Picture,5,0.2,Nov/17/2012 15:41:31
766888,BEST.PIC:MOONRISE.KINGDOM,Moonrise Kingdom to win Academy Award for Best Picture,5,0.2,Nov/17/2012 15:42:15
766888,BEST.PIC:MOONRISE.KINGDOM,Moonrise Kingdom to win Academy Award for Best Picture,6,0.2,Nov/17/2012 15:42:56
766888,BEST.PIC:MOONRISE.KINGDOM,Moonrise Kingdom to win Academy Award for Best Picture,38,0.3,Nov/17/2012 16:11:44
766888,BEST.PIC:MOONRISE.KINGDOM,Moonrise Kingdom to win Academy Award for Best Picture,1,0.3,Nov/17/2012 16:34:53
766888,BEST.PIC:MOONRISE.KINGDOM,Moonrise Kingdom to win Academy Award for Best Picture,22,0.3,Nov/17/2012 16:38:59
766888,BEST.PIC:MOONRISE.KINGDOM,Moonrise Kingdom to win Academy Award for Best Picture,6,0.3,Nov/17/2012 16:48:40
766888,BEST.PIC:MOONRISE.KINGDOM,Moonrise Kingdom to win Academy Award for Best Picture,100,0.3,Nov/17/2012 17:37:36
766888,BEST.PIC:MOONRISE.KINGDOM,Moonrise Kingdom to win Academy Award for Best Picture,15,0.3,Nov/17/2012 17:51:13
766888,BEST.PIC:MOONRISE.KINGDOM,Moonrise Kingdom to win Academy Award for Best Picture,15,0.3,Nov/17/2012 19:07:42
766888,BEST.PIC:MOONRISE.KINGDOM,Moonrise Kingdom to win Academy Award for Best Picture,15,0.3,Nov/17/2012 19:25:40
766888,BEST.PIC:MOONRISE.KINGDOM,Moonrise Kingdom to win Academy Award for Best Picture,1,0.3,Nov/17/2012 19:51:47
766888,BEST.PIC:MOONRISE.KINGDOM,Moonrise Kingdom to win Academy Award for Best Picture,9,0.3,Nov/17/2012 19:53:35
766888,BEST.PIC:MOONRISE.KINGDOM,Moonrise Kingdom to win Academy Award for Best Picture,100,0.3,Nov/17/2012 19:57:28
766888,BEST.PIC:MOONRISE.KINGDOM,Moonrise Kingdom to win Academy Award for Best Picture,1,0.3,Nov/17/2012 20:03:53
766888,BEST.PIC:MOONRISE.KINGDOM,Moonrise Kingdom to win Academy Award for Best Picture,100,0.3,Nov/17/2012 20:09:37
766888,BEST.PIC:MOONRISE.KINGDOM,Moonrise Kingdom to win Academy Award for Best Picture,15,0.3,Nov/17/2012 22:36:44
766888,BEST.PIC:MOONRISE.KINGDOM,Moonrise Kingdom to win Academy Award for Best Picture,20,0.4,Nov/17/2012 23:06:30
766888,BEST.PIC:MOONRISE.KINGDOM,Moonrise Kingdom to win Academy Award for Best Picture,70,0.4,Nov/17/2012 23:06:30
766888,BEST.PIC:MOONRISE.KINGDOM,Moonrise Kingdom to win Academy Award for Best Picture,62,0.3,Nov/18/2012 00:56:14
766888,BEST.PIC:MOONRISE.KINGDOM,Moonrise Kingdom to win Academy Award for Best Picture,38,0.3,Nov/18/2012 00:56:14
766888,BEST.PIC:MOONRISE.KINGDOM,Moonrise Kingdom to win Academy Award for Best Picture,80,0.4,Nov/18/2012 05:43:23
766888,BEST.PIC:MOONRISE.KINGDOM,Moonrise Kingdom to win Academy Award for Best Picture,20,0.4,Nov/18/2012 05:43:23
766888,BEST.PIC:MOONRISE.KINGDOM,Moonrise Kingdom to win Academy Award for Best Picture,15,0.3,Nov/18/2012 06:18:12
766888,BEST.PIC:MOONRISE.KINGDOM,Moonrise Kingdom to win Academy Award for Best Picture,15,0.3,Nov/18/2012 06:27:27
766888,BEST.PIC:MOONRISE.KINGDOM,Moonrise Kingdom to win Academy Award for Best Picture,100,0.3,Nov/18/2012 06:55:38
766888,BEST.PIC:MOONRISE.KINGDOM,Moonrise Kingdom to win Academy Award for Best Picture,25,0.3,Nov/18/2012 17:00:03
766888,BEST.PIC:MOONRISE.KINGDOM,Moonrise Kingdom to win Academy Award for Best Picture,25,0.3,Nov/18/2012 17:23:56
766888,BEST.PIC:MOONRISE.KINGDOM,Moonrise Kingdom to win Academy Award for Best Picture,25,0.3,Nov/18/2012 18:55:07
766888,BEST.PIC:MOONRISE.KINGDOM,Moonrise Kingdom to win Academy Award for Best Picture,7,0.3,Nov/18/2012 19:30:05
766888,BEST.PIC:MOONRISE.KINGDOM,Moonrise Kingdom to win Academy Award for Best Picture,18,0.3,Nov/18/2012 19:30:05
766888,BEST.PIC:MOONRISE.KINGDOM,Moonrise Kingdom to win Academy Award for Best Picture,50,0.3,Nov/18/2012 19:33:47
766888,BEST.PIC:MOONRISE.KINGDOM,Moonrise Kingdom to win Academy Award for Best Picture,50,0.3,Nov/18/2012 20:53:29
766888,BEST.PIC:MOONRISE.KINGDOM,Moonrise Kingdom to win Academy Award for Best Picture,100,0.3,Nov/18/2012 21:33:11
766888,BEST.PIC:MOONRISE.KINGDOM,Moonrise Kingdom to win Academy Award for Best Picture,32,0.3,Nov/18/2012 22:27:49
766888,BEST.PIC:MOONRISE.KINGDOM,Moonrise Kingdom to win Academy Award for Best Picture,18,0.3,Nov/18/2012 22:27:49
766888,BEST.PIC:MOONRISE.KINGDOM,Moonrise Kingdom to win Academy Award for Best Picture,50,0.3,Nov/19/2012 00:38:48
766888,BEST.PIC:MOONRISE.KINGDOM,Moonrise Kingdom to win Academy Award for Best Picture,182,0.3,Nov/19/2012 04:38:53
766888,BEST.PIC:MOONRISE.KINGDOM,Moonrise Kingdom to win Academy Award for Best Picture,100,0.3,Nov/19/2012 04:38:53
766888,BEST.PIC:MOONRISE.KINGDOM,Moonrise Kingdom to win Academy Award for Best Picture,21,0.3,Nov/19/2012 04:38:53
766888,BEST.PIC:MOONRISE.KINGDOM,Moonrise Kingdom to win Academy Award for Best Picture,100,0.3,Nov/19/2012 04:38:53
766888,BEST.PIC:MOONRISE.KINGDOM,Moonrise Kingdom to win Academy Award for Best Picture,36,0.3,Nov/19/2012 12:32:12
766888,BEST.PIC:MOONRISE.KINGDOM,Moonrise Kingdom to win Academy Award for Best Picture,40,0.2,Nov/19/2012 16:19:27
766888,BEST.PIC:MOONRISE.KINGDOM,Moonrise Kingdom to win Academy Award for Best Picture,20,0.2,Nov/19/2012 16:22:34
766888,BEST.PIC:MOONRISE.KINGDOM,Moonrise Kingdom to win Academy Award for Best Picture,50,0.3,Nov/19/2012 16:45:21
766888,BEST.PIC:MOONRISE.KINGDOM,Moonrise Kingdom to win Academy Award for Best Picture,33,0.3,Nov/19/2012 20:41:17
766888,BEST.PIC:MOONRISE.KINGDOM,Moonrise Kingdom to win Academy Award for Best Picture,17,0.3,Nov/20/2012 01:34:33
766888,BEST.PIC:MOONRISE.KINGDOM,Moonrise Kingdom to win Academy Award for Best Picture,100,0.3,Nov/20/2012 01:34:33
766888,BEST.PIC:MOONRISE.KINGDOM,Moonrise Kingdom to win Academy Award for Best Picture,100,0.3,Nov/20/2012 01:34:33
766888,BEST.PIC:MOONRISE.KINGDOM,Moonrise Kingdom to win Academy Award for Best Picture,1,0.4,Nov/20/2012 12:32:02
766888,BEST.PIC:MOONRISE.KINGDOM,Moonrise Kingdom to win Academy Award for Best Picture,15,0.2,Nov/20/2012 23:02:13
766888,BEST.PIC:MOONRISE.KINGDOM,Moonrise Kingdom to win Academy Award for Best Picture,10,0.2,Nov/20/2012 23:21:25
766888,BEST.PIC:MOONRISE.KINGDOM,Moonrise Kingdom to win Academy Award for Best Picture,1,0.2,Nov/20/2012 23:25:19
766888,BEST.PIC:MOONRISE.KINGDOM,Moonrise Kingdom to win Academy Award for Best Picture,79,0.4,Nov/21/2012 01:00:13
766888,BEST.PIC:MOONRISE.KINGDOM,Moonrise Kingdom to win Academy Award for Best Picture,20,0.4,Nov/21/2012 01:00:13
766888,BEST.PIC:MOONRISE.KINGDOM,Moonrise Kingdom to win Academy Award for Best Picture,10,0.4,Nov/21/2012 01:00:13
766888,BEST.PIC:MOONRISE.KINGDOM,Moonrise Kingdom to win Academy Award for Best Picture,100,0.4,Nov/21/2012 01:00:13
766888,BEST.PIC:MOONRISE.KINGDOM,Moonrise Kingdom to win Academy Award for Best Picture,490,0.4,Nov/21/2012 01:00:13
766888,BEST.PIC:MOONRISE.KINGDOM,Moonrise Kingdom to win Academy Award for Best Picture,100,0.3,Nov/21/2012 01:00:13
766888,BEST.PIC:MOONRISE.KINGDOM,Moonrise Kingdom to win Academy Award for Best Picture,10,0.3,Nov/21/2012 01:00:13
766888,BEST.PIC:MOONRISE.KINGDOM,Moonrise Kingdom to win Academy Award for Best Picture,100,0.3,Nov/21/2012 01:00:13
766888,BEST.PIC:MOONRISE.KINGDOM,Moonrise Kingdom to win Academy Award for Best Picture,31,0.6,Nov/21/2012 03:35:10
766888,BEST.PIC:MOONRISE.KINGDOM,Moonrise Kingdom to win Academy Award for Best Picture,50,0.6,Nov/21/2012 03:35:10
766888,BEST.PIC:MOONRISE.KINGDOM,Moonrise Kingdom to win Academy Award for Best Picture,20,0.5,Nov/21/2012 03:35:10
766888,BEST.PIC:MOONRISE.KINGDOM,Moonrise Kingdom to win Academy Award for Best Picture,9,0.6,Nov/21/2012 03:35:10
766888,BEST.PIC:MOONRISE.KINGDOM,Moonrise Kingdom to win Academy Award for Best Picture,20,0.5,Nov/21/2012 03:35:10
766888,BEST.PIC:MOONRISE.KINGDOM,Moonrise Kingdom to win Academy Award for Best Picture,10,0.5,Nov/21/2012 03:35:10
766888,BEST.PIC:MOONRISE.KINGDOM,Moonrise Kingdom to win Academy Award for Best Picture,50,0.5,Nov/21/2012 03:35:10
766888,BEST.PIC:MOONRISE.KINGDOM,Moonrise Kingdom to win Academy Award for Best Picture,100,0.5,Nov/21/2012 03:35:10
766888,BEST.PIC:MOONRISE.KINGDOM,Moonrise Kingdom to win Academy Award for Best Picture,210,0.4,Nov/21/2012 03:35:10
766888,BEST.PIC:MOONRISE.KINGDOM,Moonrise Kingdom to win Academy Award for Best Picture,65,0.3,Nov/21/2012 08:14:16
766888,BEST.PIC:MOONRISE.KINGDOM,Moonrise Kingdom to win Academy Award for Best Picture,1,0.2,Nov/21/2012 17:08:55
766888,BEST.PIC:MOONRISE.KINGDOM,Moonrise Kingdom to win Academy Award for Best Picture,99,0.2,Nov/21/2012 17:08:55
766888,BEST.PIC:MOONRISE.KINGDOM,Moonrise Kingdom to win Academy Award for Best Picture,1,0.3,Nov/21/2012 18:52:46
766888,BEST.PIC:MOONRISE.KINGDOM,Moonrise Kingdom to win Academy Award for Best Picture,34,0.3,Nov/21/2012 19:33:36
766888,BEST.PIC:MOONRISE.KINGDOM,Moonrise Kingdom to win Academy Award for Best Picture,66,0.3,Nov/21/2012 19:33:36
766888,BEST.PIC:MOONRISE.KINGDOM,Moonrise Kingdom to win Academy Award for Best Picture,34,0.3,Nov/21/2012 20:22:29
766888,BEST.PIC:MOONRISE.KINGDOM,Moonrise Kingdom to win Academy Award for Best Picture,166,0.3,Nov/21/2012 20:22:29
766888,BEST.PIC:MOONRISE.KINGDOM,Moonrise Kingdom to win Academy Award for Best Picture,1,0.3,Nov/21/2012 21:13:21
766888,BEST.PIC:MOONRISE.KINGDOM,Moonrise Kingdom to win Academy Award for Best Picture,32,0.4,Nov/21/2012 22:14:54
766888,BEST.PIC:MOONRISE.KINGDOM,Moonrise Kingdom to win Academy Award for Best Picture,68,0.3,Nov/21/2012 22:14:54
766888,BEST.PIC:MOONRISE.KINGDOM,Moonrise Kingdom to win Academy Award for Best Picture,10,0.3,Nov/21/2012 23:37:28
766888,BEST.PIC:MOONRISE.KINGDOM,Moonrise Kingdom to win Academy Award for Best Picture,40,0.3,Nov/22/2012 04:22:03
766888,BEST.PIC:MOONRISE.KINGDOM,Moonrise Kingdom to win Academy Award for Best Picture,100,0.3,Nov/22/2012 04:22:03
766888,BEST.PIC:MOONRISE.KINGDOM,Moonrise Kingdom to win Academy Award for Best Picture,18,0.4,Nov/22/2012 04:32:19
766888,BEST.PIC:MOONRISE.KINGDOM,Moonrise Kingdom to win Academy Award for Best Picture,7,0.4,Nov/22/2012 04:32:19
766888,BEST.PIC:MOONRISE.KINGDOM,Moonrise Kingdom to win Academy Award for Best Picture,10,0.3,Nov/22/2012 16:41:29
766888,BEST.PIC:MOONRISE.KINGDOM,Moonrise Kingdom to win Academy Award for Best Picture,90,0.3,Nov/22/2012 21:57:31
766888,BEST.PIC:MOONRISE.KINGDOM,Moonrise Kingdom to win Academy Award for Best Picture,100,0.3,Nov/22/2012 21:57:31
766888,BEST.PIC:MOONRISE.KINGDOM,Moonrise Kingdom to win Academy Award for Best Picture,100,0.3,Nov/22/2012 21:57:31
766888,BEST.PIC:MOONRISE.KINGDOM,Moonrise Kingdom to win Academy Award for Best Picture,100,0.3,Nov/22/2012 21:57:31
766888,BEST.PIC:MOONRISE.KINGDOM,Moonrise Kingdom to win Academy Award for Best Picture,43,0.4,Nov/23/2012 02:24:37
766888,BEST.PIC:MOONRISE.KINGDOM,Moonrise Kingdom to win Academy Award for Best Picture,50,0.4,Nov/23/2012 02:24:37
766888,BEST.PIC:MOONRISE.KINGDOM,Moonrise Kingdom to win Academy Award for Best Picture,1,0.4,Nov/23/2012 02:24:37
766888,BEST.PIC:MOONRISE.KINGDOM,Moonrise Kingdom to win Academy Award for Best Picture,100,0.4,Nov/23/2012 02:24:37
766888,BEST.PIC:MOONRISE.KINGDOM,Moonrise Kingdom to win Academy Award for Best Picture,50,0.5,Nov/23/2012 02:24:57
766888,BEST.PIC:MOONRISE.KINGDOM,Moonrise Kingdom to win Academy Award for Best Picture,50,0.5,Nov/23/2012 02:24:57
766888,BEST.PIC:MOONRISE.KINGDOM,Moonrise Kingdom to win Academy Award for Best Picture,11,0.6,Nov/23/2012 02:25:15
766888,BEST.PIC:MOONRISE.KINGDOM,Moonrise Kingdom to win Academy Award for Best Picture,10,0.6,Nov/23/2012 02:25:15
766888,BEST.PIC:MOONRISE.KINGDOM,Moonrise Kingdom to win Academy Award for Best Picture,10,0.6,Nov/23/2012 02:25:15
766888,BEST.PIC:MOONRISE.KINGDOM,Moonrise Kingdom to win Academy Award for Best Picture,50,0.6,Nov/23/2012 02:25:15
766888,BEST.PIC:MOONRISE.KINGDOM,Moonrise Kingdom to win Academy Award for Best Picture,50,0.7,Nov/23/2012 02:25:39
766888,BEST.PIC:MOONRISE.KINGDOM,Moonrise Kingdom to win Academy Award for Best Picture,20,0.7,Nov/23/2012 02:25:39
766888,BEST.PIC:MOONRISE.KINGDOM,Moonrise Kingdom to win Academy Award for Best Picture,20,0.7,Nov/23/2012 02:25:39
766888,BEST.PIC:MOONRISE.KINGDOM,Moonrise Kingdom to win Academy Award for Best Picture,10,0.7,Nov/23/2012 02:25:39
766888,BEST.PIC:MOONRISE.KINGDOM,Moonrise Kingdom to win Academy Award for Best Picture,50,0.7,Nov/23/2012 02:25:39
766888,BEST.PIC:MOONRISE.KINGDOM,Moonrise Kingdom to win Academy Award for Best Picture,40,0.8,Nov/23/2012 02:26:12
766888,BEST.PIC:MOONRISE.KINGDOM,Moonrise Kingdom to win Academy Award for Best Picture,40,0.8,Nov/23/2012 02:26:12
766888,BEST.PIC:MOONRISE.KINGDOM,Moonrise Kingdom to win Academy Award for Best Picture,100,0.8,Nov/23/2012 02:26:12
766888,BEST.PIC:MOONRISE.KINGDOM,Moonrise Kingdom to win Academy Award for Best Picture,20,0.8,Nov/23/2012 02:26:12
766888,BEST.PIC:MOONRISE.KINGDOM,Moonrise Kingdom to win Academy Award for Best Picture,10,0.8,Nov/23/2012 02:26:12
766888,BEST.PIC:MOONRISE.KINGDOM,Moonrise Kingdom to win Academy Award for Best Picture,50,0.8,Nov/23/2012 02:26:12
766888,BEST.PIC:MOONRISE.KINGDOM,Moonrise Kingdom to win Academy Award for Best Picture,10,0.9,Nov/23/2012 02:28:18
766888,BEST.PIC:MOONRISE.KINGDOM,Moonrise Kingdom to win Academy Award for Best Picture,40,0.9,Nov/23/2012 02:28:18
766888,BEST.PIC:MOONRISE.KINGDOM,Moonrise Kingdom to win Academy Award for Best Picture,10,0.9,Nov/23/2012 02:28:18
766888,BEST.PIC:MOONRISE.KINGDOM,Moonrise Kingdom to win Academy Award for Best Picture,50,0.9,Nov/23/2012 02:28:18
766888,BEST.PIC:MOONRISE.KINGDOM,Moonrise Kingdom to win Academy Award for Best Picture,500,1.0,Nov/23/2012 02:29:04
766888,BEST.PIC:MOONRISE.KINGDOM,Moonrise Kingdom to win Academy Award for Best Picture,10,1.0,Nov/23/2012 02:29:04
766888,BEST.PIC:MOONRISE.KINGDOM,Moonrise Kingdom to win Academy Award for Best Picture,1,0.4,Nov/23/2012 04:43:51
766888,BEST.PIC:MOONRISE.KINGDOM,Moonrise Kingdom to win Academy Award for Best Picture,5,0.4,Nov/23/2012 05:25:24
766888,BEST.PIC:MOONRISE.KINGDOM,Moonrise Kingdom to win Academy Award for Best Picture,50,0.4,Nov/23/2012 05:25:24
766888,BEST.PIC:MOONRISE.KINGDOM,Moonrise Kingdom to win Academy Award for Best Picture,95,0.4,Nov/23/2012 05:25:24
766888,BEST.PIC:MOONRISE.KINGDOM,Moonrise Kingdom to win Academy Award for Best Picture,5,0.4,Nov/23/2012 06:05:04
766888,BEST.PIC:MOONRISE.KINGDOM,Moonrise Kingdom to win Academy Award for Best Picture,1,0.3,Nov/23/2012 06:05:12
766888,BEST.PIC:MOONRISE.KINGDOM,Moonrise Kingdom to win Academy Award for Best Picture,1,0.3,Nov/23/2012 11:15:42
766888,BEST.PIC:MOONRISE.KINGDOM,Moonrise Kingdom to win Academy Award for Best Picture,10,0.6,Nov/23/2012 18:21:28
766888,BEST.PIC:MOONRISE.KINGDOM,Moonrise Kingdom to win Academy Award for Best Picture,40,0.4,Nov/23/2012 20:28:47
766888,BEST.PIC:MOONRISE.KINGDOM,Moonrise Kingdom to win Academy Award for Best Picture,50,0.4,Nov/23/2012 20:35:57
766888,BEST.PIC:MOONRISE.KINGDOM,Moonrise Kingdom to win Academy Award for Best Picture,3,0.4,Nov/23/2012 21:57:55
766888,BEST.PIC:MOONRISE.KINGDOM,Moonrise Kingdom to win Academy Award for Best Picture,7,0.4,Nov/23/2012 22:33:47
766888,BEST.PIC:MOONRISE.KINGDOM,Moonrise Kingdom to win Academy Award for Best Picture,40,0.4,Nov/23/2012 23:11:59
766888,BEST.PIC:MOONRISE.KINGDOM,Moonrise Kingdom to win Academy Award for Best Picture,1,0.3,Nov/24/2012 05:00:42
766888,BEST.PIC:MOONRISE.KINGDOM,Moonrise Kingdom to win Academy Award for Best Picture,1,0.3,Nov/24/2012 17:42:40
766888,BEST.PIC:MOONRISE.KINGDOM,Moonrise Kingdom to win Academy Award for Best Picture,3,0.4,Nov/24/2012 18:58:04
766888,BEST.PIC:MOONRISE.KINGDOM,Moonrise Kingdom to win Academy Award for Best Picture,100,0.4,Nov/24/2012 18:58:04
766888,BEST.PIC:MOONRISE.KINGDOM,Moonrise Kingdom to win Academy Award for Best Picture,20,0.4,Nov/24/2012 18:58:04
766888,BEST.PIC:MOONRISE.KINGDOM,Moonrise Kingdom to win Academy Award for Best Picture,37,0.4,Nov/24/2012 18:58:04
766888,BEST.PIC:MOONRISE.KINGDOM,Moonrise Kingdom to win Academy Award for Best Picture,106,0.3,Nov/24/2012 22:08:10
766888,BEST.PIC:MOONRISE.KINGDOM,Moonrise Kingdom to win Academy Award for Best Picture,176,0.3,Nov/24/2012 22:08:10
766888,BEST.PIC:MOONRISE.KINGDOM,Moonrise Kingdom to win Academy Award for Best Picture,25,0.4,Nov/25/2012 03:10:53
766888,BEST.PIC:MOONRISE.KINGDOM,Moonrise Kingdom to win Academy Award for Best Picture,100,0.4,Nov/25/2012 06:20:44
766888,BEST.PIC:MOONRISE.KINGDOM,Moonrise Kingdom to win Academy Award for Best Picture,338,0.4,Nov/25/2012 06:22:11
766888,BEST.PIC:MOONRISE.KINGDOM,Moonrise Kingdom to win Academy Award for Best Picture,20,0.4,Nov/25/2012 06:22:11
766888,BEST.PIC:MOONRISE.KINGDOM,Moonrise Kingdom to win Academy Award for Best Picture,100,0.4,Nov/25/2012 06:22:11
766888,BEST.PIC:MOONRISE.KINGDOM,Moonrise Kingdom to win Academy Award for Best Picture,42,0.4,Nov/25/2012 06:22:11
766888,BEST.PIC:MOONRISE.KINGDOM,Moonrise Kingdom to win Academy Award for Best Picture,33,0.3,Nov/25/2012 11:41:30
766888,BEST.PIC:MOONRISE.KINGDOM,Moonrise Kingdom to win Academy Award for Best Picture,20,0.4,Nov/25/2012 21:19:46
766888,BEST.PIC:MOONRISE.KINGDOM,Moonrise Kingdom to win Academy Award for Best Picture,38,0.4,Nov/25/2012 23:55:35
766888,BEST.PIC:MOONRISE.KINGDOM,Moonrise Kingdom to win Academy Award for Best Picture,100,0.4,Nov/25/2012 23:55:35
766888,BEST.PIC:MOONRISE.KINGDOM,Moonrise Kingdom to win Academy Award for Best Picture,100,0.4,Nov/25/2012 23:55:35
766888,BEST.PIC:MOONRISE.KINGDOM,Moonrise Kingdom to win Academy Award for Best Picture,24,0.4,Nov/25/2012 23:55:35
766888,BEST.PIC:MOONRISE.KINGDOM,Moonrise Kingdom to win Academy Award for Best Picture,100,0.4,Nov/25/2012 23:55:35
766888,BEST.PIC:MOONRISE.KINGDOM,Moonrise Kingdom to win Academy Award for Best Picture,47,0.4,Nov/25/2012 23:55:35
766888,BEST.PIC:MOONRISE.KINGDOM,Moonrise Kingdom to win Academy Award for Best Picture,1,0.3,Nov/25/2012 23:55:41
766888,BEST.PIC:MOONRISE.KINGDOM,Moonrise Kingdom to win Academy Award for Best Picture,5,0.4,Nov/26/2012 16:41:03
766888,BEST.PIC:MOONRISE.KINGDOM,Moonrise Kingdom to win Academy Award for Best Picture,1,0.3,Nov/26/2012 21:36:24
766888,BEST.PIC:MOONRISE.KINGDOM,Moonrise Kingdom to win Academy Award for Best Picture,19,0.3,Nov/26/2012 21:44:23
766888,BEST.PIC:MOONRISE.KINGDOM,Moonrise Kingdom to win Academy Award for Best Picture,48,0.4,Nov/26/2012 22:03:39
766888,BEST.PIC:MOONRISE.KINGDOM,Moonrise Kingdom to win Academy Award for Best Picture,10,0.4,Nov/26/2012 22:03:39
766888,BEST.PIC:MOONRISE.KINGDOM,Moonrise Kingdom to win Academy Award for Best Picture,100,0.4,Nov/26/2012 22:03:39
766888,BEST.PIC:MOONRISE.KINGDOM,Moonrise Kingdom to win Academy Award for Best Picture,100,0.4,Nov/26/2012 22:03:39
766888,BEST.PIC:MOONRISE.KINGDOM,Moonrise Kingdom to win Academy Award for Best Picture,1100,0.4,Nov/26/2012 22:04:29
766888,BEST.PIC:MOONRISE.KINGDOM,Moonrise Kingdom to win Academy Award for Best Picture,43,0.4,Nov/26/2012 22:06:16
766888,BEST.PIC:MOONRISE.KINGDOM,Moonrise Kingdom to win Academy Award for Best Picture,10,0.4,Nov/26/2012 22:06:50
766888,BEST.PIC:MOONRISE.KINGDOM,Moonrise Kingdom to win Academy Award for Best Picture,7,0.4,Nov/26/2012 22:07:20
766888,BEST.PIC:MOONRISE.KINGDOM,Moonrise Kingdom to win Academy Award for Best Picture,3,0.4,Nov/26/2012 22:07:34
766888,BEST.PIC:MOONRISE.KINGDOM,Moonrise Kingdom to win Academy Award for Best Picture,6,0.4,Nov/26/2012 22:07:58
766888,BEST.PIC:MOONRISE.KINGDOM,Moonrise Kingdom to win Academy Award for Best Picture,19,0.4,Nov/26/2012 22:09:18
766888,BEST.PIC:MOONRISE.KINGDOM,Moonrise Kingdom to win Academy Award for Best Picture,20,0.4,Nov/26/2012 22:13:03
766888,BEST.PIC:MOONRISE.KINGDOM,Moonrise Kingdom to win Academy Award for Best Picture,9,0.4,Nov/26/2012 22:17:44
766888,BEST.PIC:MOONRISE.KINGDOM,Moonrise Kingdom to win Academy Award for Best Picture,5,0.4,Nov/26/2012 22:18:42
766888,BEST.PIC:MOONRISE.KINGDOM,Moonrise Kingdom to win Academy Award for Best Picture,1,0.4,Nov/26/2012 22:18:50
766888,BEST.PIC:MOONRISE.KINGDOM,Moonrise Kingdom to win Academy Award for Best Picture,19,0.4,Nov/26/2012 22:19:34
766888,BEST.PIC:MOONRISE.KINGDOM,Moonrise Kingdom to win Academy Award for Best Picture,3,0.4,Nov/26/2012 22:29:02
766888,BEST.PIC:MOONRISE.KINGDOM,Moonrise Kingdom to win Academy Award for Best Picture,1,0.4,Nov/26/2012 22:29:07
766888,BEST.PIC:MOONRISE.KINGDOM,Moonrise Kingdom to win Academy Award for Best Picture,1,0.4,Nov/26/2012 22:29:51
766888,BEST.PIC:MOONRISE.KINGDOM,Moonrise Kingdom to win Academy Award for Best Picture,5,0.4,Nov/26/2012 22:30:00
766888,BEST.PIC:MOONRISE.KINGDOM,Moonrise Kingdom to win Academy Award for Best Picture,1,0.4,Nov/26/2012 22:35:20
766888,BEST.PIC:MOONRISE.KINGDOM,Moonrise Kingdom to win Academy Award for Best Picture,270,0.3,Nov/26/2012 22:56:44
766888,BEST.PIC:MOONRISE.KINGDOM,Moonrise Kingdom to win Academy Award for Best Picture,114,0.3,Nov/26/2012 22:56:44
766888,BEST.PIC:MOONRISE.KINGDOM,Moonrise Kingdom to win Academy Award for Best Picture,49,0.4,Nov/26/2012 22:56:44
766888,BEST.PIC:MOONRISE.KINGDOM,Moonrise Kingdom to win Academy Award for Best Picture,10,0.5,Nov/26/2012 23:29:29
766888,BEST.PIC:MOONRISE.KINGDOM,Moonrise Kingdom to win Academy Award for Best Picture,50,0.5,Nov/26/2012 23:57:21
766888,BEST.PIC:MOONRISE.KINGDOM,Moonrise Kingdom to win Academy Award for Best Picture,10,0.5,Nov/26/2012 23:57:21
766888,BEST.PIC:MOONRISE.KINGDOM,Moonrise Kingdom to win Academy Award for Best Picture,2,0.3,Nov/27/2012 00:07:18
766888,BEST.PIC:MOONRISE.KINGDOM,Moonrise Kingdom to win Academy Award for Best Picture,1,0.5,Nov/27/2012 00:12:35
766888,BEST.PIC:MOONRISE.KINGDOM,Moonrise Kingdom to win Academy Award for Best Picture,1,0.3,Nov/27/2012 00:22:39
766888,BEST.PIC:MOONRISE.KINGDOM,Moonrise Kingdom to win Academy Award for Best Picture,1,0.3,Nov/27/2012 00:22:48
766888,BEST.PIC:MOONRISE.KINGDOM,Moonrise Kingdom to win Academy Award for Best Picture,132,0.3,Nov/27/2012 02:09:38
766888,BEST.PIC:MOONRISE.KINGDOM,Moonrise Kingdom to win Academy Award for Best Picture,1,0.3,Nov/27/2012 02:09:38
766888,BEST.PIC:MOONRISE.KINGDOM,Moonrise Kingdom to win Academy Award for Best Picture,2,0.3,Nov/27/2012 02:09:38
766888,BEST.PIC:MOONRISE.KINGDOM,Moonrise Kingdom to win Academy Award for Best Picture,23,0.3,Nov/27/2012 02:09:38
766888,BEST.PIC:MOONRISE.KINGDOM,Moonrise Kingdom to win Academy Award for Best Picture,50,0.3,Nov/27/2012 02:09:38
766888,BEST.PIC:MOONRISE.KINGDOM,Moonrise Kingdom to win Academy Award for Best Picture,1,0.4,Nov/27/2012 02:09:38
766888,BEST.PIC:MOONRISE.KINGDOM,Moonrise Kingdom to win Academy Award for Best Picture,90,0.3,Nov/27/2012 02:23:13
766888,BEST.PIC:MOONRISE.KINGDOM,Moonrise Kingdom to win Academy Award for Best Picture,50,0.3,Nov/27/2012 03:03:47
766888,BEST.PIC:MOONRISE.KINGDOM,Moonrise Kingdom to win Academy Award for Best Picture,200,0.3,Nov/27/2012 04:21:46
766888,BEST.PIC:MOONRISE.KINGDOM,Moonrise Kingdom to win Academy Award for Best Picture,2,0.3,Nov/27/2012 05:35:50
766888,BEST.PIC:MOONRISE.KINGDOM,Moonrise Kingdom to win Academy Award for Best Picture,72,0.4,Nov/27/2012 06:20:00
766888,BEST.PIC:MOONRISE.KINGDOM,Moonrise Kingdom to win Academy Award for Best Picture,2,0.4,Nov/27/2012 06:20:00
766888,BEST.PIC:MOONRISE.KINGDOM,Moonrise Kingdom to win Academy Award for Best Picture,10,0.5,Nov/27/2012 06:21:10
766888,BEST.PIC:MOONRISE.KINGDOM,Moonrise Kingdom to win Academy Award for Best Picture,1,0.5,Nov/27/2012 06:21:10
766888,BEST.PIC:MOONRISE.KINGDOM,Moonrise Kingdom to win Academy Award for Best Picture,100,0.5,Nov/27/2012 06:21:10
766888,BEST.PIC:MOONRISE.KINGDOM,Moonrise Kingdom to win Academy Award for Best Picture,1,0.5,Nov/27/2012 06:21:10
766888,BEST.PIC:MOONRISE.KINGDOM,Moonrise Kingdom to win Academy Award for Best Picture,38,0.6,Nov/27/2012 06:22:18
766888,BEST.PIC:MOONRISE.KINGDOM,Moonrise Kingdom to win Academy Award for Best Picture,15,0.3,Nov/27/2012 14:22:43
766888,BEST.PIC:MOONRISE.KINGDOM,Moonrise Kingdom to win Academy Award for Best Picture,33,0.3,Nov/27/2012 14:24:00
766888,BEST.PIC:MOONRISE.KINGDOM,Moonrise Kingdom to win Academy Award for Best Picture,1,0.5,Nov/27/2012 16:02:42
766888,BEST.PIC:MOONRISE.KINGDOM,Moonrise Kingdom to win Academy Award for Best Picture,5,0.4,Nov/27/2012 17:23:12
766888,BEST.PIC:MOONRISE.KINGDOM,Moonrise Kingdom to win Academy Award for Best Picture,11,0.3,Nov/27/2012 17:26:29
766888,BEST.PIC:MOONRISE.KINGDOM,Moonrise Kingdom to win Academy Award for Best Picture,2,0.3,Nov/27/2012 23:19:40
766888,BEST.PIC:MOONRISE.KINGDOM,Moonrise Kingdom to win Academy Award for Best Picture,24,0.3,Nov/27/2012 23:34:17
766888,BEST.PIC:MOONRISE.KINGDOM,Moonrise Kingdom to win Academy Award for Best Picture,8,0.3,Nov/28/2012 07:14:25
766888,BEST.PIC:MOONRISE.KINGDOM,Moonrise Kingdom to win Academy Award for Best Picture,2,0.3,Nov/28/2012 07:14:25
766888,BEST.PIC:MOONRISE.KINGDOM,Moonrise Kingdom to win Academy Award for Best Picture,1,0.2,Nov/28/2012 07:29:18
766888,BEST.PIC:MOONRISE.KINGDOM,Moonrise Kingdom to win Academy Award for Best Picture,3,0.3,Nov/28/2012 11:12:39
766888,BEST.PIC:MOONRISE.KINGDOM,Moonrise Kingdom to win Academy Award for Best Picture,1,0.4,Nov/28/2012 15:23:10
766888,BEST.PIC:MOONRISE.KINGDOM,Moonrise Kingdom to win Academy Award for Best Picture,1,0.4,Nov/28/2012 15:23:13
766888,BEST.PIC:MOONRISE.KINGDOM,Moonrise Kingdom to win Academy Award for Best Picture,1,0.4,Nov/28/2012 15:26:51
766888,BEST.PIC:MOONRISE.KINGDOM,Moonrise Kingdom to win Academy Award for Best Picture,1,0.4,Nov/28/2012 15:26:54
766888,BEST.PIC:MOONRISE.KINGDOM,Moonrise Kingdom to win Academy Award for Best Picture,1,0.4,Nov/28/2012 15:26:55
766888,BEST.PIC:MOONRISE.KINGDOM,Moonrise Kingdom to win Academy Award for Best Picture,1,0.4,Nov/28/2012 15:26:58
766888,BEST.PIC:MOONRISE.KINGDOM,Moonrise Kingdom to win Academy Award for Best Picture,1,0.4,Nov/28/2012 15:33:49
766888,BEST.PIC:MOONRISE.KINGDOM,Moonrise Kingdom to win Academy Award for Best Picture,1,0.4,Nov/28/2012 15:33:53
766888,BEST.PIC:MOONRISE.KINGDOM,Moonrise Kingdom to win Academy Award for Best Picture,1,0.4,Nov/28/2012 15:33:55
766888,BEST.PIC:MOONRISE.KINGDOM,Moonrise Kingdom to win Academy Award for Best Picture,1,0.4,Nov/28/2012 15:33:57
766888,BEST.PIC:MOONRISE.KINGDOM,Moonrise Kingdom to win Academy Award for Best Picture,1,0.5,Nov/28/2012 15:33:58
766888,BEST.PIC:MOONRISE.KINGDOM,Moonrise Kingdom to win Academy Award for Best Picture,1,0.5,Nov/28/2012 15:33:59
766888,BEST.PIC:MOONRISE.KINGDOM,Moonrise Kingdom to win Academy Award for Best Picture,1,0.5,Nov/28/2012 15:34:00
766888,BEST.PIC:MOONRISE.KINGDOM,Moonrise Kingdom to win Academy Award for Best Picture,1,0.5,Nov/28/2012 15:34:03
766888,BEST.PIC:MOONRISE.KINGDOM,Moonrise Kingdom to win Academy Award for Best Picture,1,0.5,Nov/28/2012 15:34:04
766888,BEST.PIC:MOONRISE.KINGDOM,Moonrise Kingdom to win Academy Award for Best Picture,1,0.5,Nov/28/2012 15:34:06
766888,BEST.PIC:MOONRISE.KINGDOM,Moonrise Kingdom to win Academy Award for Best Picture,1,0.5,Nov/28/2012 15:34:07
766888,BEST.PIC:MOONRISE.KINGDOM,Moonrise Kingdom to win Academy Award for Best Picture,1,0.5,Nov/28/2012 15:34:08
766888,BEST.PIC:MOONRISE.KINGDOM,Moonrise Kingdom to win Academy Award for Best Picture,1,0.5,Nov/28/2012 15:34:09
766888,BEST.PIC:MOONRISE.KINGDOM,Moonrise Kingdom to win Academy Award for Best Picture,1,0.5,Nov/28/2012 15:34:10
766888,BEST.PIC:MOONRISE.KINGDOM,Moonrise Kingdom to win Academy Award for Best Picture,1,0.5,Nov/28/2012 15:34:11
766888,BEST.PIC:MOONRISE.KINGDOM,Moonrise Kingdom to win Academy Award for Best Picture,1,0.5,Nov/28/2012 15:38:05
766888,BEST.PIC:MOONRISE.KINGDOM,Moonrise Kingdom to win Academy Award for Best Picture,1,0.5,Nov/28/2012 15:38:08
766888,BEST.PIC:MOONRISE.KINGDOM,Moonrise Kingdom to win Academy Award for Best Picture,1,0.5,Nov/28/2012 15:38:11
766888,BEST.PIC:MOONRISE.KINGDOM,Moonrise Kingdom to win Academy Award for Best Picture,1,0.5,Nov/28/2012 15:38:12
766888,BEST.PIC:MOONRISE.KINGDOM,Moonrise Kingdom to win Academy Award for Best Picture,1,0.5,Nov/28/2012 15:38:13
766888,BEST.PIC:MOONRISE.KINGDOM,Moonrise Kingdom to win Academy Award for Best Picture,1,0.5,Nov/28/2012 15:38:14
766888,BEST.PIC:MOONRISE.KINGDOM,Moonrise Kingdom to win Academy Award for Best Picture,1,0.5,Nov/28/2012 15:38:15
766888,BEST.PIC:MOONRISE.KINGDOM,Moonrise Kingdom to win Academy Award for Best Picture,1,0.3,Nov/28/2012 15:40:21
766888,BEST.PIC:MOONRISE.KINGDOM,Moonrise Kingdom to win Academy Award for Best Picture,1,0.4,Nov/28/2012 15:58:32
766888,BEST.PIC:MOONRISE.KINGDOM,Moonrise Kingdom to win Academy Award for Best Picture,1,0.4,Nov/28/2012 15:58:36
766888,BEST.PIC:MOONRISE.KINGDOM,Moonrise Kingdom to win Academy Award for Best Picture,1,0.4,Nov/28/2012 15:58:40
766888,BEST.PIC:MOONRISE.KINGDOM,Moonrise Kingdom to win Academy Award for Best Picture,1,0.4,Nov/28/2012 15:58:42
766888,BEST.PIC:MOONRISE.KINGDOM,Moonrise Kingdom to win Academy Award for Best Picture,1,0.4,Nov/28/2012 15:58:43
766888,BEST.PIC:MOONRISE.KINGDOM,Moonrise Kingdom to win Academy Award for Best Picture,1,0.4,Nov/28/2012 15:58:44
766888,BEST.PIC:MOONRISE.KINGDOM,Moonrise Kingdom to win Academy Award for Best Picture,1,0.4,Nov/28/2012 15:58:46
766888,BEST.PIC:MOONRISE.KINGDOM,Moonrise Kingdom to win Academy Award for Best Picture,1,0.4,Nov/28/2012 15:58:47
766888,BEST.PIC:MOONRISE.KINGDOM,Moonrise Kingdom to win Academy Award for Best Picture,1,0.4,Nov/28/2012 15:58:48
766888,BEST.PIC:MOONRISE.KINGDOM,Moonrise Kingdom to win Academy Award for Best Picture,1,0.4,Nov/28/2012 15:58:49
766888,BEST.PIC:MOONRISE.KINGDOM,Moonrise Kingdom to win Academy Award for Best Picture,1,0.4,Nov/28/2012 15:58:50
766888,BEST.PIC:MOONRISE.KINGDOM,Moonrise Kingdom to win Academy Award for Best Picture,1,0.4,Nov/28/2012 15:58:51
766888,BEST.PIC:MOONRISE.KINGDOM,Moonrise Kingdom to win Academy Award for Best Picture,1,0.4,Nov/28/2012 15:58:52
766888,BEST.PIC:MOONRISE.KINGDOM,Moonrise Kingdom to win Academy Award for Best Picture,1,0.4,Nov/28/2012 15:58:54
766888,BEST.PIC:MOONRISE.KINGDOM,Moonrise Kingdom to win Academy Award for Best Picture,1,0.4,Nov/28/2012 15:58:55
766888,BEST.PIC:MOONRISE.KINGDOM,Moonrise Kingdom to win Academy Award for Best Picture,1,0.4,Nov/28/2012 15:58:56
766888,BEST.PIC:MOONRISE.KINGDOM,Moonrise Kingdom to win Academy Award for Best Picture,1,0.4,Nov/28/2012 15:58:57
766888,BEST.PIC:MOONRISE.KINGDOM,Moonrise Kingdom to win Academy Award for Best Picture,1,0.4,Nov/28/2012 15:58:58
766888,BEST.PIC:MOONRISE.KINGDOM,Moonrise Kingdom to win Academy Award for Best Picture,1,0.4,Nov/28/2012 15:58:59
766888,BEST.PIC:MOONRISE.KINGDOM,Moonrise Kingdom to win Academy Award for Best Picture,1,0.4,Nov/28/2012 16:16:03
766888,BEST.PIC:MOONRISE.KINGDOM,Moonrise Kingdom to win Academy Award for Best Picture,1,0.4,Nov/28/2012 16:16:08
766888,BEST.PIC:MOONRISE.KINGDOM,Moonrise Kingdom to win Academy Award for Best Picture,1,0.4,Nov/28/2012 16:16:10
766888,BEST.PIC:MOONRISE.KINGDOM,Moonrise Kingdom to win Academy Award for Best Picture,1,0.4,Nov/28/2012 16:16:12
766888,BEST.PIC:MOONRISE.KINGDOM,Moonrise Kingdom to win Academy Award for Best Picture,1,0.4,Nov/28/2012 16:16:13
766888,BEST.PIC:MOONRISE.KINGDOM,Moonrise Kingdom to win Academy Award for Best Picture,1,0.4,Nov/28/2012 16:16:14
766888,BEST.PIC:MOONRISE.KINGDOM,Moonrise Kingdom to win Academy Award for Best Picture,1,0.4,Nov/28/2012 16:16:16
766888,BEST.PIC:MOONRISE.KINGDOM,Moonrise Kingdom to win Academy Award for Best Picture,1,0.4,Nov/28/2012 16:16:16
766888,BEST.PIC:MOONRISE.KINGDOM,Moonrise Kingdom to win Academy Award for Best Picture,1,0.4,Nov/28/2012 16:16:18
766888,BEST.PIC:MOONRISE.KINGDOM,Moonrise Kingdom to win Academy Award for Best Picture,1,0.4,Nov/28/2012 16:16:19
766888,BEST.PIC:MOONRISE.KINGDOM,Moonrise Kingdom to win Academy Award for Best Picture,1,0.4,Nov/28/2012 16:16:20
766888,BEST.PIC:MOONRISE.KINGDOM,Moonrise Kingdom to win Academy Award for Best Picture,1,0.4,Nov/28/2012 16:16:21
766888,BEST.PIC:MOONRISE.KINGDOM,Moonrise Kingdom to win Academy Award for Best Picture,1,0.4,Nov/28/2012 16:16:22
766888,BEST.PIC:MOONRISE.KINGDOM,Moonrise Kingdom to win Academy Award for Best Picture,1,0.4,Nov/28/2012 16:16:23
766888,BEST.PIC:MOONRISE.KINGDOM,Moonrise Kingdom to win Academy Award for Best Picture,1,0.4,Nov/28/2012 16:16:24
766888,BEST.PIC:MOONRISE.KINGDOM,Moonrise Kingdom to win Academy Award for Best Picture,1,0.4,Nov/28/2012 16:16:26
766888,BEST.PIC:MOONRISE.KINGDOM,Moonrise Kingdom to win Academy Award for Best Picture,1,0.4,Nov/28/2012 16:16:27
766888,BEST.PIC:MOONRISE.KINGDOM,Moonrise Kingdom to win Academy Award for Best Picture,1,0.4,Nov/28/2012 16:16:28
766888,BEST.PIC:MOONRISE.KINGDOM,Moonrise Kingdom to win Academy Award for Best Picture,1,0.4,Nov/28/2012 16:16:30
766888,BEST.PIC:MOONRISE.KINGDOM,Moonrise Kingdom to win Academy Award for Best Picture,1,0.4,Nov/28/2012 16:16:31
766888,BEST.PIC:MOONRISE.KINGDOM,Moonrise Kingdom to win Academy Award for Best Picture,1,0.4,Nov/28/2012 16:16:32
766888,BEST.PIC:MOONRISE.KINGDOM,Moonrise Kingdom to win Academy Award for Best Picture,1,0.4,Nov/28/2012 16:16:33
766888,BEST.PIC:MOONRISE.KINGDOM,Moonrise Kingdom to win Academy Award for Best Picture,1,0.4,Nov/28/2012 16:16:34
766888,BEST.PIC:MOONRISE.KINGDOM,Moonrise Kingdom to win Academy Award for Best Picture,1,0.4,Nov/28/2012 16:16:35
766888,BEST.PIC:MOONRISE.KINGDOM,Moonrise Kingdom to win Academy Award for Best Picture,1,0.4,Nov/28/2012 16:48:03
766888,BEST.PIC:MOONRISE.KINGDOM,Moonrise Kingdom to win Academy Award for Best Picture,1,0.4,Nov/28/2012 16:48:09
766888,BEST.PIC:MOONRISE.KINGDOM,Moonrise Kingdom to win Academy Award for Best Picture,1,0.4,Nov/28/2012 16:48:11
766888,BEST.PIC:MOONRISE.KINGDOM,Moonrise Kingdom to win Academy Award for Best Picture,1,0.4,Nov/28/2012 16:48:12
766888,BEST.PIC:MOONRISE.KINGDOM,Moonrise Kingdom to win Academy Award for Best Picture,1,0.4,Nov/28/2012 16:48:13
766888,BEST.PIC:MOONRISE.KINGDOM,Moonrise Kingdom to win Academy Award for Best Picture,1,0.4,Nov/28/2012 16:48:14
766888,BEST.PIC:MOONRISE.KINGDOM,Moonrise Kingdom to win Academy Award for Best Picture,1,0.4,Nov/28/2012 16:48:17
766888,BEST.PIC:MOONRISE.KINGDOM,Moonrise Kingdom to win Academy Award for Best Picture,2,0.5,Nov/28/2012 16:48:20
766888,BEST.PIC:MOONRISE.KINGDOM,Moonrise Kingdom to win Academy Award for Best Picture,25,0.5,Nov/28/2012 16:51:44
766888,BEST.PIC:MOONRISE.KINGDOM,Moonrise Kingdom to win Academy Award for Best Picture,50,0.5,Nov/28/2012 16:51:44
766888,BEST.PIC:MOONRISE.KINGDOM,Moonrise Kingdom to win Academy Award for Best Picture,1,0.6,Nov/28/2012 16:54:02
766888,BEST.PIC:MOONRISE.KINGDOM,Moonrise Kingdom to win Academy Award for Best Picture,1,0.6,Nov/28/2012 16:54:06
766888,BEST.PIC:MOONRISE.KINGDOM,Moonrise Kingdom to win Academy Award for Best Picture,1,0.6,Nov/28/2012 16:54:08
766888,BEST.PIC:MOONRISE.KINGDOM,Moonrise Kingdom to win Academy Award for Best Picture,1,0.6,Nov/28/2012 16:54:11
766888,BEST.PIC:MOONRISE.KINGDOM,Moonrise Kingdom to win Academy Award for Best Picture,1,0.6,Nov/28/2012 16:54:14
766888,BEST.PIC:MOONRISE.KINGDOM,Moonrise Kingdom to win Academy Award for Best Picture,1,0.6,Nov/28/2012 16:54:15
766888,BEST.PIC:MOONRISE.KINGDOM,Moonrise Kingdom to win Academy Award for Best Picture,1,0.6,Nov/28/2012 16:54:17
766888,BEST.PIC:MOONRISE.KINGDOM,Moonrise Kingdom to win Academy Award for Best Picture,1,0.6,Nov/28/2012 16:54:18
766888,BEST.PIC:MOONRISE.KINGDOM,Moonrise Kingdom to win Academy Award for Best Picture,1,0.6,Nov/28/2012 16:54:19
766888,BEST.PIC:MOONRISE.KINGDOM,Moonrise Kingdom to win Academy Award for Best Picture,1,0.6,Nov/28/2012 17:10:19
766888,BEST.PIC:MOONRISE.KINGDOM,Moonrise Kingdom to win Academy Award for Best Picture,1,0.6,Nov/28/2012 17:10:52
766888,BEST.PIC:MOONRISE.KINGDOM,Moonrise Kingdom to win Academy Award for Best Picture,1,0.6,Nov/28/2012 17:11:43
766888,BEST.PIC:MOONRISE.KINGDOM,Moonrise Kingdom to win Academy Award for Best Picture,1,0.6,Nov/28/2012 17:12:53
766888,BEST.PIC:MOONRISE.KINGDOM,Moonrise Kingdom to win Academy Award for Best Picture,1,0.6,Nov/28/2012 17:12:55
766888,BEST.PIC:MOONRISE.KINGDOM,Moonrise Kingdom to win Academy Award for Best Picture,1,0.6,Nov/28/2012 17:12:57
766888,BEST.PIC:MOONRISE.KINGDOM,Moonrise Kingdom to win Academy Award for Best Picture,1,0.6,Nov/28/2012 17:12:59
766888,BEST.PIC:MOONRISE.KINGDOM,Moonrise Kingdom to win Academy Award for Best Picture,1,0.6,Nov/28/2012 17:13:00
766888,BEST.PIC:MOONRISE.KINGDOM,Moonrise Kingdom to win Academy Award for Best Picture,1,0.6,Nov/28/2012 17:13:01
766888,BEST.PIC:MOONRISE.KINGDOM,Moonrise Kingdom to win Academy Award for Best Picture,1,0.6,Nov/28/2012 17:13:03
766888,BEST.PIC:MOONRISE.KINGDOM,Moonrise Kingdom to win Academy Award for Best Picture,1,0.6,Nov/28/2012 17:14:20
766888,BEST.PIC:MOONRISE.KINGDOM,Moonrise Kingdom to win Academy Award for Best Picture,1,0.6,Nov/28/2012 17:14:21
766888,BEST.PIC:MOONRISE.KINGDOM,Moonrise Kingdom to win Academy Award for Best Picture,1,0.6,Nov/28/2012 17:14:22
766888,BEST.PIC:MOONRISE.KINGDOM,Moonrise Kingdom to win Academy Award for Best Picture,1,0.6,Nov/28/2012 17:14:23
766888,BEST.PIC:MOONRISE.KINGDOM,Moonrise Kingdom to win Academy Award for Best Picture,1,0.6,Nov/28/2012 17:14:25
766888,BEST.PIC:MOONRISE.KINGDOM,Moonrise Kingdom to win Academy Award for Best Picture,1,0.6,Nov/28/2012 17:16:10
766888,BEST.PIC:MOONRISE.KINGDOM,Moonrise Kingdom to win Academy Award for Best Picture,1,0.6,Nov/28/2012 17:16:11
766888,BEST.PIC:MOONRISE.KINGDOM,Moonrise Kingdom to win Academy Award for Best Picture,1,0.6,Nov/28/2012 17:16:13
766888,BEST.PIC:MOONRISE.KINGDOM,Moonrise Kingdom to win Academy Award for Best Picture,1,0.6,Nov/28/2012 17:16:14
766888,BEST.PIC:MOONRISE.KINGDOM,Moonrise Kingdom to win Academy Award for Best Picture,1,0.6,Nov/28/2012 17:16:15
766888,BEST.PIC:MOONRISE.KINGDOM,Moonrise Kingdom to win Academy Award for Best Picture,1,0.6,Nov/28/2012 17:17:23
766888,BEST.PIC:MOONRISE.KINGDOM,Moonrise Kingdom to win Academy Award for Best Picture,1,0.6,Nov/28/2012 17:17:25
766888,BEST.PIC:MOONRISE.KINGDOM,Moonrise Kingdom to win Academy Award for Best Picture,1,0.6,Nov/28/2012 17:25:40
766888,BEST.PIC:MOONRISE.KINGDOM,Moonrise Kingdom to win Academy Award for Best Picture,1,0.6,Nov/28/2012 17:25:43
766888,BEST.PIC:MOONRISE.KINGDOM,Moonrise Kingdom to win Academy Award for Best Picture,1,0.6,Nov/28/2012 17:25:46
766888,BEST.PIC:MOONRISE.KINGDOM,Moonrise Kingdom to win Academy Award for Best Picture,1,0.6,Nov/28/2012 17:25:50
766888,BEST.PIC:MOONRISE.KINGDOM,Moonrise Kingdom to win Academy Award for Best Picture,1,0.6,Nov/28/2012 17:25:51
766888,BEST.PIC:MOONRISE.KINGDOM,Moonrise Kingdom to win Academy Award for Best Picture,1,0.6,Nov/28/2012 17:25:52
766888,BEST.PIC:MOONRISE.KINGDOM,Moonrise Kingdom to win Academy Award for Best Picture,1,0.6,Nov/28/2012 17:25:53
766888,BEST.PIC:MOONRISE.KINGDOM,Moonrise Kingdom to win Academy Award for Best Picture,1,0.6,Nov/28/2012 17:25:55
766888,BEST.PIC:MOONRISE.KINGDOM,Moonrise Kingdom to win Academy Award for Best Picture,1,0.6,Nov/28/2012 17:25:56
766888,BEST.PIC:MOONRISE.KINGDOM,Moonrise Kingdom to win Academy Award for Best Picture,2,0.6,Nov/28/2012 18:46:35
766888,BEST.PIC:MOONRISE.KINGDOM,Moonrise Kingdom to win Academy Award for Best Picture,2,0.6,Nov/28/2012 18:46:38
766888,BEST.PIC:MOONRISE.KINGDOM,Moonrise Kingdom to win Academy Award for Best Picture,2,0.6,Nov/28/2012 18:46:42
766888,BEST.PIC:MOONRISE.KINGDOM,Moonrise Kingdom to win Academy Award for Best Picture,1,0.6,Nov/28/2012 18:46:43
766888,BEST.PIC:MOONRISE.KINGDOM,Moonrise Kingdom to win Academy Award for Best Picture,1,0.6,Nov/28/2012 18:46:43
766888,BEST.PIC:MOONRISE.KINGDOM,Moonrise Kingdom to win Academy Award for Best Picture,1,0.6,Nov/28/2012 18:46:48
766888,BEST.PIC:MOONRISE.KINGDOM,Moonrise Kingdom to win Academy Award for Best Picture,1,0.6,Nov/28/2012 18:46:49
766888,BEST.PIC:MOONRISE.KINGDOM,Moonrise Kingdom to win Academy Award for Best Picture,1,0.6,Nov/28/2012 18:46:50
766888,BEST.PIC:MOONRISE.KINGDOM,Moonrise Kingdom to win Academy Award for Best Picture,1,0.6,Nov/28/2012 18:46:51
766888,BEST.PIC:MOONRISE.KINGDOM,Moonrise Kingdom to win Academy Award for Best Picture,1,0.6,Nov/28/2012 18:46:52
766888,BEST.PIC:MOONRISE.KINGDOM,Moonrise Kingdom to win Academy Award for Best Picture,1,0.6,Nov/28/2012 18:46:53
766888,BEST.PIC:MOONRISE.KINGDOM,Moonrise Kingdom to win Academy Award for Best Picture,1,0.6,Nov/28/2012 18:46:54
766888,BEST.PIC:MOONRISE.KINGDOM,Moonrise Kingdom to win Academy Award for Best Picture,1,0.6,Nov/28/2012 18:46:55
766888,BEST.PIC:MOONRISE.KINGDOM,Moonrise Kingdom to win Academy Award for Best Picture,1,0.6,Nov/28/2012 18:46:56
766888,BEST.PIC:MOONRISE.KINGDOM,Moonrise Kingdom to win Academy Award for Best Picture,1,0.6,Nov/28/2012 18:46:58
766888,BEST.PIC:MOONRISE.KINGDOM,Moonrise Kingdom to win Academy Award for Best Picture,1,0.6,Nov/28/2012 18:46:59
766888,BEST.PIC:MOONRISE.KINGDOM,Moonrise Kingdom to win Academy Award for Best Picture,1,0.6,Nov/28/2012 18:47:02
766888,BEST.PIC:MOONRISE.KINGDOM,Moonrise Kingdom to win Academy Award for Best Picture,1,0.6,Nov/28/2012 18:47:03
766888,BEST.PIC:MOONRISE.KINGDOM,Moonrise Kingdom to win Academy Award for Best Picture,1,0.6,Nov/28/2012 18:47:05
766888,BEST.PIC:MOONRISE.KINGDOM,Moonrise Kingdom to win Academy Award for Best Picture,1,0.6,Nov/28/2012 18:47:06
766888,BEST.PIC:MOONRISE.KINGDOM,Moonrise Kingdom to win Academy Award for Best Picture,1,0.6,Nov/28/2012 18:47:07
766888,BEST.PIC:MOONRISE.KINGDOM,Moonrise Kingdom to win Academy Award for Best Picture,1,0.6,Nov/28/2012 18:47:08
766888,BEST.PIC:MOONRISE.KINGDOM,Moonrise Kingdom to win Academy Award for Best Picture,1,0.6,Nov/28/2012 18:47:09
766888,BEST.PIC:MOONRISE.KINGDOM,Moonrise Kingdom to win Academy Award for Best Picture,1,0.6,Nov/28/2012 18:47:11
766888,BEST.PIC:MOONRISE.KINGDOM,Moonrise Kingdom to win Academy Award for Best Picture,1,0.6,Nov/28/2012 18:47:12
766888,BEST.PIC:MOONRISE.KINGDOM,Moonrise Kingdom to win Academy Award for Best Picture,1,0.6,Nov/28/2012 19:20:53
766888,BEST.PIC:MOONRISE.KINGDOM,Moonrise Kingdom to win Academy Award for Best Picture,1,0.6,Nov/28/2012 19:20:56
766888,BEST.PIC:MOONRISE.KINGDOM,Moonrise Kingdom to win Academy Award for Best Picture,1,0.6,Nov/28/2012 19:21:01
766888,BEST.PIC:MOONRISE.KINGDOM,Moonrise Kingdom to win Academy Award for Best Picture,1,0.6,Nov/28/2012 19:21:02
766888,BEST.PIC:MOONRISE.KINGDOM,Moonrise Kingdom to win Academy Award for Best Picture,1,0.5,Nov/28/2012 19:23:36
766888,BEST.PIC:MOONRISE.KINGDOM,Moonrise Kingdom to win Academy Award for Best Picture,1,0.5,Nov/28/2012 19:23:37
766888,BEST.PIC:MOONRISE.KINGDOM,Moonrise Kingdom to win Academy Award for Best Picture,1,0.5,Nov/28/2012 19:23:38
766888,BEST.PIC:MOONRISE.KINGDOM,Moonrise Kingdom to win Academy Award for Best Picture,1,0.5,Nov/28/2012 19:23:40
766888,BEST.PIC:MOONRISE.KINGDOM,Moonrise Kingdom to win Academy Award for Best Picture,1,0.5,Nov/28/2012 19:23:41
766888,BEST.PIC:MOONRISE.KINGDOM,Moonrise Kingdom to win Academy Award for Best Picture,1,0.5,Nov/28/2012 19:23:42
766888,BEST.PIC:MOONRISE.KINGDOM,Moonrise Kingdom to win Academy Award for Best Picture,1,0.5,Nov/28/2012 20:39:11
766888,BEST.PIC:MOONRISE.KINGDOM,Moonrise Kingdom to win Academy Award for Best Picture,1,0.5,Nov/28/2012 20:39:15
766888,BEST.PIC:MOONRISE.KINGDOM,Moonrise Kingdom to win Academy Award for Best Picture,1,0.5,Nov/28/2012 20:39:17
766888,BEST.PIC:MOONRISE.KINGDOM,Moonrise Kingdom to win Academy Award for Best Picture,1,0.5,Nov/28/2012 20:39:18
766888,BEST.PIC:MOONRISE.KINGDOM,Moonrise Kingdom to win Academy Award for Best Picture,1,0.5,Nov/28/2012 20:39:19
766888,BEST.PIC:MOONRISE.KINGDOM,Moonrise Kingdom to win Academy Award for Best Picture,1,0.5,Nov/28/2012 21:12:44
766888,BEST.PIC:MOONRISE.KINGDOM,Moonrise Kingdom to win Academy Award for Best Picture,1,0.5,Nov/28/2012 21:12:48
766888,BEST.PIC:MOONRISE.KINGDOM,Moonrise Kingdom to win Academy Award for Best Picture,1,0.5,Nov/28/2012 21:12:52
766888,BEST.PIC:MOONRISE.KINGDOM,Moonrise Kingdom to win Academy Award for Best Picture,1,0.5,Nov/28/2012 21:12:54
766888,BEST.PIC:MOONRISE.KINGDOM,Moonrise Kingdom to win Academy Award for Best Picture,1,0.5,Nov/28/2012 21:12:55
766888,BEST.PIC:MOONRISE.KINGDOM,Moonrise Kingdom to win Academy Award for Best Picture,1,0.5,Nov/28/2012 21:12:56
766888,BEST.PIC:MOONRISE.KINGDOM,Moonrise Kingdom to win Academy Award for Best Picture,1,0.5,Nov/28/2012 21:12:58
766888,BEST.PIC:MOONRISE.KINGDOM,Moonrise Kingdom to win Academy Award for Best Picture,1,0.5,Nov/28/2012 21:13:01
766888,BEST.PIC:MOONRISE.KINGDOM,Moonrise Kingdom to win Academy Award for Best Picture,1,0.5,Nov/28/2012 21:13:02
766888,BEST.PIC:MOONRISE.KINGDOM,Moonrise Kingdom to win Academy Award for Best Picture,1,0.5,Nov/28/2012 21:13:03
766888,BEST.PIC:MOONRISE.KINGDOM,Moonrise Kingdom to win Academy Award for Best Picture,20,0.5,Nov/28/2012 22:46:32
766888,BEST.PIC:MOONRISE.KINGDOM,Moonrise Kingdom to win Academy Award for Best Picture,1,0.5,Nov/29/2012 00:15:47
766888,BEST.PIC:MOONRISE.KINGDOM,Moonrise Kingdom to win Academy Award for Best Picture,1,0.5,Nov/29/2012 00:16:53
766888,BEST.PIC:MOONRISE.KINGDOM,Moonrise Kingdom to win Academy Award for Best Picture,1,0.5,Nov/29/2012 00:16:55
766888,BEST.PIC:MOONRISE.KINGDOM,Moonrise Kingdom to win Academy Award for Best Picture,1,0.5,Nov/29/2012 00:16:57
766888,BEST.PIC:MOONRISE.KINGDOM,Moonrise Kingdom to win Academy Award for Best Picture,1,0.5,Nov/29/2012 00:16:58
766888,BEST.PIC:MOONRISE.KINGDOM,Moonrise Kingdom to win Academy Award for Best Picture,1,0.5,Nov/29/2012 00:17:01
766888,BEST.PIC:MOONRISE.KINGDOM,Moonrise Kingdom to win Academy Award for Best Picture,1,0.5,Nov/29/2012 00:17:03
766888,BEST.PIC:MOONRISE.KINGDOM,Moonrise Kingdom to win Academy Award for Best Picture,1,0.5,Nov/29/2012 00:17:05
766888,BEST.PIC:MOONRISE.KINGDOM,Moonrise Kingdom to win Academy Award for Best Picture,1,0.5,Nov/29/2012 00:17:06
766888,BEST.PIC:MOONRISE.KINGDOM,Moonrise Kingdom to win Academy Award for Best Picture,1,0.5,Nov/29/2012 00:17:07
766888,BEST.PIC:MOONRISE.KINGDOM,Moonrise Kingdom to win Academy Award for Best Picture,1,0.5,Nov/29/2012 00:17:09
766888,BEST.PIC:MOONRISE.KINGDOM,Moonrise Kingdom to win Academy Award for Best Picture,1,0.5,Nov/29/2012 00:17:11
766888,BEST.PIC:MOONRISE.KINGDOM,Moonrise Kingdom to win Academy Award for Best Picture,1,0.5,Nov/29/2012 00:17:13
766888,BEST.PIC:MOONRISE.KINGDOM,Moonrise Kingdom to win Academy Award for Best Picture,1,0.5,Nov/29/2012 00:17:14
766888,BEST.PIC:MOONRISE.KINGDOM,Moonrise Kingdom to win Academy Award for Best Picture,1,0.5,Nov/29/2012 00:17:15
766888,BEST.PIC:MOONRISE.KINGDOM,Moonrise Kingdom to win Academy Award for Best Picture,1,0.5,Nov/29/2012 00:17:16
766888,BEST.PIC:MOONRISE.KINGDOM,Moonrise Kingdom to win Academy Award for Best Picture,1,0.5,Nov/29/2012 00:17:17
766888,BEST.PIC:MOONRISE.KINGDOM,Moonrise Kingdom to win Academy Award for Best Picture,1,0.5,Nov/29/2012 00:17:19
766888,BEST.PIC:MOONRISE.KINGDOM,Moonrise Kingdom to win Academy Award for Best Picture,1,0.5,Nov/29/2012 00:17:20
766888,BEST.PIC:MOONRISE.KINGDOM,Moonrise Kingdom to win Academy Award for Best Picture,1,0.5,Nov/29/2012 00:17:21
766888,BEST.PIC:MOONRISE.KINGDOM,Moonrise Kingdom to win Academy Award for Best Picture,1,0.5,Nov/29/2012 00:17:22
766888,BEST.PIC:MOONRISE.KINGDOM,Moonrise Kingdom to win Academy Award for Best Picture,1,0.5,Nov/29/2012 00:17:23
766888,BEST.PIC:MOONRISE.KINGDOM,Moonrise Kingdom to win Academy Award for Best Picture,1,0.5,Nov/29/2012 00:17:24
766888,BEST.PIC:MOONRISE.KINGDOM,Moonrise Kingdom to win Academy Award for Best Picture,1,0.5,Nov/29/2012 00:17:26
766888,BEST.PIC:MOONRISE.KINGDOM,Moonrise Kingdom to win Academy Award for Best Picture,1,0.5,Nov/29/2012 00:17:27
766888,BEST.PIC:MOONRISE.KINGDOM,Moonrise Kingdom to win Academy Award for Best Picture,1,0.5,Nov/29/2012 00:17:28
766888,BEST.PIC:MOONRISE.KINGDOM,Moonrise Kingdom to win Academy Award for Best Picture,1,0.5,Nov/29/2012 00:17:29
766888,BEST.PIC:MOONRISE.KINGDOM,Moonrise Kingdom to win Academy Award for Best Picture,1,0.5,Nov/29/2012 00:17:30
766888,BEST.PIC:MOONRISE.KINGDOM,Moonrise Kingdom to win Academy Award for Best Picture,1,0.5,Nov/29/2012 00:17:31
766888,BEST.PIC:MOONRISE.KINGDOM,Moonrise Kingdom to win Academy Award for Best Picture,1,0.5,Nov/29/2012 00:17:32
766888,BEST.PIC:MOONRISE.KINGDOM,Moonrise Kingdom to win Academy Award for Best Picture,1,0.5,Nov/29/2012 00:17:33
766888,BEST.PIC:MOONRISE.KINGDOM,Moonrise Kingdom to win Academy Award for Best Picture,2,0.5,Nov/29/2012 00:17:35
766888,BEST.PIC:MOONRISE.KINGDOM,Moonrise Kingdom to win Academy Award for Best Picture,1,0.5,Nov/29/2012 00:17:36
766888,BEST.PIC:MOONRISE.KINGDOM,Moonrise Kingdom to win Academy Award for Best Picture,1,0.5,Nov/29/2012 00:17:37
766888,BEST.PIC:MOONRISE.KINGDOM,Moonrise Kingdom to win Academy Award for Best Picture,1,0.5,Nov/29/2012 00:17:38
766888,BEST.PIC:MOONRISE.KINGDOM,Moonrise Kingdom to win Academy Award for Best Picture,1,0.5,Nov/29/2012 00:17:39
766888,BEST.PIC:MOONRISE.KINGDOM,Moonrise Kingdom to win Academy Award for Best Picture,1,0.5,Nov/29/2012 00:17:40
766888,BEST.PIC:MOONRISE.KINGDOM,Moonrise Kingdom to win Academy Award for Best Picture,1,0.5,Nov/29/2012 00:17:41
766888,BEST.PIC:MOONRISE.KINGDOM,Moonrise Kingdom to win Academy Award for Best Picture,1,0.5,Nov/29/2012 00:17:43
766888,BEST.PIC:MOONRISE.KINGDOM,Moonrise Kingdom to win Academy Award for Best Picture,1,0.5,Nov/29/2012 00:17:45
766888,BEST.PIC:MOONRISE.KINGDOM,Moonrise Kingdom to win Academy Award for Best Picture,1,0.5,Nov/29/2012 00:17:46
766888,BEST.PIC:MOONRISE.KINGDOM,Moonrise Kingdom to win Academy Award for Best Picture,2,0.5,Nov/29/2012 00:19:33
766888,BEST.PIC:MOONRISE.KINGDOM,Moonrise Kingdom to win Academy Award for Best Picture,1,0.5,Nov/29/2012 00:19:34
766888,BEST.PIC:MOONRISE.KINGDOM,Moonrise Kingdom to win Academy Award for Best Picture,1,0.5,Nov/29/2012 00:19:36
766888,BEST.PIC:MOONRISE.KINGDOM,Moonrise Kingdom to win Academy Award for Best Picture,1,0.5,Nov/29/2012 00:19:37
766888,BEST.PIC:MOONRISE.KINGDOM,Moonrise Kingdom to win Academy Award for Best Picture,1,0.5,Nov/29/2012 00:19:38
766888,BEST.PIC:MOONRISE.KINGDOM,Moonrise Kingdom to win Academy Award for Best Picture,1,0.5,Nov/29/2012 00:19:39
766888,BEST.PIC:MOONRISE.KINGDOM,Moonrise Kingdom to win Academy Award for Best Picture,1,0.5,Nov/29/2012 00:19:40
766888,BEST.PIC:MOONRISE.KINGDOM,Moonrise Kingdom to win Academy Award for Best Picture,1,0.5,Nov/29/2012 00:19:41
766888,BEST.PIC:MOONRISE.KINGDOM,Moonrise Kingdom to win Academy Award for Best Picture,1,0.5,Nov/29/2012 00:19:42
766888,BEST.PIC:MOONRISE.KINGDOM,Moonrise Kingdom to win Academy Award for Best Picture,1,0.5,Nov/29/2012 00:19:43
766888,BEST.PIC:MOONRISE.KINGDOM,Moonrise Kingdom to win Academy Award for Best Picture,1,0.5,Nov/29/2012 00:19:44
