market id,market symbol,market name,trade quantity,trade price,date/time [utc]
766884,BEST.PIC:LES.MISERABLES,Les Miserables?to win Academy Award for Best Picture,90,20.0,Oct/22/2012 17:22:49
766884,BEST.PIC:LES.MISERABLES,Les Miserables?to win Academy Award for Best Picture,10,20.0,Oct/22/2012 17:22:49
766884,BEST.PIC:LES.MISERABLES,Les Miserables?to win Academy Award for Best Picture,15,19.0,Oct/22/2012 17:22:49
766884,BEST.PIC:LES.MISERABLES,Les Miserables?to win Academy Award for Best Picture,10,19.0,Oct/22/2012 17:22:49
766884,BEST.PIC:LES.MISERABLES,Les Miserables?to win Academy Award for Best Picture,10,25.0,Oct/23/2012 02:12:42
766884,BEST.PIC:LES.MISERABLES,Les Miserables?to win Academy Award for Best Picture,4,25.0,Oct/23/2012 02:13:03
766884,BEST.PIC:LES.MISERABLES,Les Miserables?to win Academy Award for Best Picture,5,22.5,Oct/24/2012 02:45:00
766884,BEST.PIC:LES.MISERABLES,Les Miserables?to win Academy Award for Best Picture,1,20.0,Oct/24/2012 06:01:20
766884,BEST.PIC:LES.MISERABLES,Les Miserables?to win Academy Award for Best Picture,4,20.0,Oct/24/2012 06:01:20
766884,BEST.PIC:LES.MISERABLES,Les Miserables?to win Academy Award for Best Picture,10,20.0,Oct/26/2012 20:36:17
766884,BEST.PIC:LES.MISERABLES,Les Miserables?to win Academy Award for Best Picture,45,19.0,Oct/27/2012 01:26:45
766884,BEST.PIC:LES.MISERABLES,Les Miserables?to win Academy Award for Best Picture,1,19.0,Oct/27/2012 01:26:45
766884,BEST.PIC:LES.MISERABLES,Les Miserables?to win Academy Award for Best Picture,20,17.5,Oct/27/2012 17:26:43
766884,BEST.PIC:LES.MISERABLES,Les Miserables?to win Academy Award for Best Picture,5,17.5,Oct/27/2012 18:31:01
766884,BEST.PIC:LES.MISERABLES,Les Miserables?to win Academy Award for Best Picture,1,16.2,Oct/28/2012 00:07:03
766884,BEST.PIC:LES.MISERABLES,Les Miserables?to win Academy Award for Best Picture,10,15.0,Oct/28/2012 07:24:24
766884,BEST.PIC:LES.MISERABLES,Les Miserables?to win Academy Award for Best Picture,10,14.0,Oct/28/2012 07:24:24
766884,BEST.PIC:LES.MISERABLES,Les Miserables?to win Academy Award for Best Picture,9,16.0,Oct/28/2012 07:24:24
766884,BEST.PIC:LES.MISERABLES,Les Miserables?to win Academy Award for Best Picture,10,13.0,Oct/28/2012 07:24:24
766884,BEST.PIC:LES.MISERABLES,Les Miserables?to win Academy Award for Best Picture,1,12.9,Oct/28/2012 07:24:24
766884,BEST.PIC:LES.MISERABLES,Les Miserables?to win Academy Award for Best Picture,5,17.5,Oct/29/2012 03:10:59
766884,BEST.PIC:LES.MISERABLES,Les Miserables?to win Academy Award for Best Picture,1,17.0,Oct/30/2012 12:45:53
766884,BEST.PIC:LES.MISERABLES,Les Miserables?to win Academy Award for Best Picture,1,15.0,Oct/30/2012 15:04:43
766884,BEST.PIC:LES.MISERABLES,Les Miserables?to win Academy Award for Best Picture,5,11.5,Oct/30/2012 20:14:44
766884,BEST.PIC:LES.MISERABLES,Les Miserables?to win Academy Award for Best Picture,18,14.4,Oct/31/2012 03:16:15
766884,BEST.PIC:LES.MISERABLES,Les Miserables?to win Academy Award for Best Picture,10,14.4,Oct/31/2012 03:16:15
766884,BEST.PIC:LES.MISERABLES,Les Miserables?to win Academy Award for Best Picture,7,15.0,Nov/01/2012 05:00:36
766884,BEST.PIC:LES.MISERABLES,Les Miserables?to win Academy Award for Best Picture,60,11.5,Nov/01/2012 15:22:06
766884,BEST.PIC:LES.MISERABLES,Les Miserables?to win Academy Award for Best Picture,10,12.5,Nov/01/2012 15:24:34
766884,BEST.PIC:LES.MISERABLES,Les Miserables?to win Academy Award for Best Picture,3,15.0,Nov/01/2012 22:59:48
766884,BEST.PIC:LES.MISERABLES,Les Miserables?to win Academy Award for Best Picture,10,15.0,Nov/01/2012 22:59:48
766884,BEST.PIC:LES.MISERABLES,Les Miserables?to win Academy Award for Best Picture,10,15.0,Nov/03/2012 01:08:32
766884,BEST.PIC:LES.MISERABLES,Les Miserables?to win Academy Award for Best Picture,50,15.0,Nov/03/2012 01:08:32
766884,BEST.PIC:LES.MISERABLES,Les Miserables?to win Academy Award for Best Picture,1,15.0,Nov/06/2012 04:27:44
766884,BEST.PIC:LES.MISERABLES,Les Miserables?to win Academy Award for Best Picture,8,15.9,Nov/06/2012 18:11:40
766884,BEST.PIC:LES.MISERABLES,Les Miserables?to win Academy Award for Best Picture,9,15.0,Nov/06/2012 18:11:40
766884,BEST.PIC:LES.MISERABLES,Les Miserables?to win Academy Award for Best Picture,1,15.8,Nov/06/2012 18:11:40
766884,BEST.PIC:LES.MISERABLES,Les Miserables?to win Academy Award for Best Picture,1,15.4,Nov/06/2012 18:11:40
766884,BEST.PIC:LES.MISERABLES,Les Miserables?to win Academy Award for Best Picture,1,15.3,Nov/06/2012 18:11:40
766884,BEST.PIC:LES.MISERABLES,Les Miserables?to win Academy Award for Best Picture,1,15.2,Nov/06/2012 18:11:40
766884,BEST.PIC:LES.MISERABLES,Les Miserables?to win Academy Award for Best Picture,1,15.6,Nov/06/2012 18:11:40
766884,BEST.PIC:LES.MISERABLES,Les Miserables?to win Academy Award for Best Picture,4,15.5,Nov/06/2012 18:11:40
766884,BEST.PIC:LES.MISERABLES,Les Miserables?to win Academy Award for Best Picture,4,15.4,Nov/06/2012 18:11:40
766884,BEST.PIC:LES.MISERABLES,Les Miserables?to win Academy Award for Best Picture,9,15.0,Nov/07/2012 04:46:20
766884,BEST.PIC:LES.MISERABLES,Les Miserables?to win Academy Award for Best Picture,1,15.0,Nov/07/2012 09:44:47
766884,BEST.PIC:LES.MISERABLES,Les Miserables?to win Academy Award for Best Picture,9,15.0,Nov/07/2012 09:44:47
766884,BEST.PIC:LES.MISERABLES,Les Miserables?to win Academy Award for Best Picture,5,17.0,Nov/07/2012 12:40:00
766884,BEST.PIC:LES.MISERABLES,Les Miserables?to win Academy Award for Best Picture,10,17.0,Nov/07/2012 12:40:00
766884,BEST.PIC:LES.MISERABLES,Les Miserables?to win Academy Award for Best Picture,10,16.9,Nov/07/2012 12:40:00
766884,BEST.PIC:LES.MISERABLES,Les Miserables?to win Academy Award for Best Picture,10,16.0,Nov/07/2012 12:40:00
766884,BEST.PIC:LES.MISERABLES,Les Miserables?to win Academy Award for Best Picture,2,15.9,Nov/07/2012 12:40:00
766884,BEST.PIC:LES.MISERABLES,Les Miserables?to win Academy Award for Best Picture,10,16.9,Nov/07/2012 12:40:00
766884,BEST.PIC:LES.MISERABLES,Les Miserables?to win Academy Award for Best Picture,1,15.0,Nov/07/2012 12:40:00
766884,BEST.PIC:LES.MISERABLES,Les Miserables?to win Academy Award for Best Picture,10,17.5,Nov/07/2012 12:40:20
766884,BEST.PIC:LES.MISERABLES,Les Miserables?to win Academy Award for Best Picture,10,17.4,Nov/07/2012 12:40:20
766884,BEST.PIC:LES.MISERABLES,Les Miserables?to win Academy Award for Best Picture,10,17.5,Nov/07/2012 12:40:20
766884,BEST.PIC:LES.MISERABLES,Les Miserables?to win Academy Award for Best Picture,1,11.6,Nov/07/2012 14:52:11
766884,BEST.PIC:LES.MISERABLES,Les Miserables?to win Academy Award for Best Picture,3,19.0,Nov/07/2012 14:53:54
766884,BEST.PIC:LES.MISERABLES,Les Miserables?to win Academy Award for Best Picture,4,19.0,Nov/07/2012 16:00:17
766884,BEST.PIC:LES.MISERABLES,Les Miserables?to win Academy Award for Best Picture,3,19.0,Nov/07/2012 16:52:30
766884,BEST.PIC:LES.MISERABLES,Les Miserables?to win Academy Award for Best Picture,10,19.0,Nov/07/2012 16:52:30
766884,BEST.PIC:LES.MISERABLES,Les Miserables?to win Academy Award for Best Picture,10,19.8,Nov/07/2012 16:52:39
766884,BEST.PIC:LES.MISERABLES,Les Miserables?to win Academy Award for Best Picture,1,19.9,Nov/07/2012 16:52:46
766884,BEST.PIC:LES.MISERABLES,Les Miserables?to win Academy Award for Best Picture,10,20.0,Nov/07/2012 16:52:58
766884,BEST.PIC:LES.MISERABLES,Les Miserables?to win Academy Award for Best Picture,20,20.0,Nov/07/2012 16:52:58
766884,BEST.PIC:LES.MISERABLES,Les Miserables?to win Academy Award for Best Picture,10,22.0,Nov/07/2012 16:53:18
766884,BEST.PIC:LES.MISERABLES,Les Miserables?to win Academy Award for Best Picture,10,22.5,Nov/07/2012 16:53:27
766884,BEST.PIC:LES.MISERABLES,Les Miserables?to win Academy Award for Best Picture,6,25.0,Nov/07/2012 16:54:44
766884,BEST.PIC:LES.MISERABLES,Les Miserables?to win Academy Award for Best Picture,10,27.5,Nov/07/2012 17:06:50
766884,BEST.PIC:LES.MISERABLES,Les Miserables?to win Academy Award for Best Picture,10,20.0,Nov/07/2012 17:33:07
766884,BEST.PIC:LES.MISERABLES,Les Miserables?to win Academy Award for Best Picture,10,20.0,Nov/07/2012 18:09:20
766884,BEST.PIC:LES.MISERABLES,Les Miserables?to win Academy Award for Best Picture,25,16.5,Nov/07/2012 18:13:59
766884,BEST.PIC:LES.MISERABLES,Les Miserables?to win Academy Award for Best Picture,10,15.0,Nov/07/2012 18:36:56
766884,BEST.PIC:LES.MISERABLES,Les Miserables?to win Academy Award for Best Picture,20,16.0,Nov/07/2012 18:36:56
766884,BEST.PIC:LES.MISERABLES,Les Miserables?to win Academy Award for Best Picture,20,16.5,Nov/07/2012 18:36:56
766884,BEST.PIC:LES.MISERABLES,Les Miserables?to win Academy Award for Best Picture,1,15.0,Nov/07/2012 18:49:54
766884,BEST.PIC:LES.MISERABLES,Les Miserables?to win Academy Award for Best Picture,30,18.1,Nov/07/2012 19:04:32
766884,BEST.PIC:LES.MISERABLES,Les Miserables?to win Academy Award for Best Picture,10,18.1,Nov/07/2012 19:04:32
766884,BEST.PIC:LES.MISERABLES,Les Miserables?to win Academy Award for Best Picture,1,18.1,Nov/07/2012 19:04:32
766884,BEST.PIC:LES.MISERABLES,Les Miserables?to win Academy Award for Best Picture,20,17.5,Nov/07/2012 19:04:32
766884,BEST.PIC:LES.MISERABLES,Les Miserables?to win Academy Award for Best Picture,5,17.5,Nov/07/2012 19:04:32
766884,BEST.PIC:LES.MISERABLES,Les Miserables?to win Academy Award for Best Picture,10,17.5,Nov/07/2012 19:08:29
766884,BEST.PIC:LES.MISERABLES,Les Miserables?to win Academy Award for Best Picture,2,18.1,Nov/07/2012 19:08:40
766884,BEST.PIC:LES.MISERABLES,Les Miserables?to win Academy Award for Best Picture,20,17.5,Nov/07/2012 19:27:08
766884,BEST.PIC:LES.MISERABLES,Les Miserables?to win Academy Award for Best Picture,80,17.5,Nov/07/2012 19:27:27
766884,BEST.PIC:LES.MISERABLES,Les Miserables?to win Academy Award for Best Picture,5,17.5,Nov/07/2012 20:02:19
766884,BEST.PIC:LES.MISERABLES,Les Miserables?to win Academy Award for Best Picture,5,17.4,Nov/07/2012 20:44:32
766884,BEST.PIC:LES.MISERABLES,Les Miserables?to win Academy Award for Best Picture,10,17.4,Nov/07/2012 20:44:32
766884,BEST.PIC:LES.MISERABLES,Les Miserables?to win Academy Award for Best Picture,5,17.5,Nov/07/2012 20:47:31
766884,BEST.PIC:LES.MISERABLES,Les Miserables?to win Academy Award for Best Picture,5,17.5,Nov/07/2012 20:47:31
766884,BEST.PIC:LES.MISERABLES,Les Miserables?to win Academy Award for Best Picture,2,11.6,Nov/07/2012 21:38:57
766884,BEST.PIC:LES.MISERABLES,Les Miserables?to win Academy Award for Best Picture,9,17.5,Nov/07/2012 21:39:06
766884,BEST.PIC:LES.MISERABLES,Les Miserables?to win Academy Award for Best Picture,18,17.5,Nov/07/2012 21:39:06
766884,BEST.PIC:LES.MISERABLES,Les Miserables?to win Academy Award for Best Picture,10,17.5,Nov/07/2012 21:39:06
766884,BEST.PIC:LES.MISERABLES,Les Miserables?to win Academy Award for Best Picture,22,17.5,Nov/07/2012 21:51:26
766884,BEST.PIC:LES.MISERABLES,Les Miserables?to win Academy Award for Best Picture,5,16.3,Nov/07/2012 23:12:16
766884,BEST.PIC:LES.MISERABLES,Les Miserables?to win Academy Award for Best Picture,10,12.5,Nov/08/2012 03:25:29
766884,BEST.PIC:LES.MISERABLES,Les Miserables?to win Academy Award for Best Picture,10,13.0,Nov/08/2012 03:25:29
766884,BEST.PIC:LES.MISERABLES,Les Miserables?to win Academy Award for Best Picture,10,13.0,Nov/08/2012 03:35:16
766884,BEST.PIC:LES.MISERABLES,Les Miserables?to win Academy Award for Best Picture,100,12.3,Nov/08/2012 03:44:37
766884,BEST.PIC:LES.MISERABLES,Les Miserables?to win Academy Award for Best Picture,22,12.3,Nov/08/2012 03:59:02
766884,BEST.PIC:LES.MISERABLES,Les Miserables?to win Academy Award for Best Picture,5,12.1,Nov/08/2012 05:00:22
766884,BEST.PIC:LES.MISERABLES,Les Miserables?to win Academy Award for Best Picture,5,12.2,Nov/08/2012 05:00:22
766884,BEST.PIC:LES.MISERABLES,Les Miserables?to win Academy Award for Best Picture,16,12.0,Nov/08/2012 05:26:32
766884,BEST.PIC:LES.MISERABLES,Les Miserables?to win Academy Award for Best Picture,10,12.1,Nov/08/2012 05:26:32
766884,BEST.PIC:LES.MISERABLES,Les Miserables?to win Academy Award for Best Picture,10,13.9,Nov/08/2012 05:36:08
766884,BEST.PIC:LES.MISERABLES,Les Miserables?to win Academy Award for Best Picture,10,14.0,Nov/08/2012 05:51:18
766884,BEST.PIC:LES.MISERABLES,Les Miserables?to win Academy Award for Best Picture,10,14.0,Nov/08/2012 06:06:15
766884,BEST.PIC:LES.MISERABLES,Les Miserables?to win Academy Award for Best Picture,11,19.9,Nov/08/2012 06:26:18
766884,BEST.PIC:LES.MISERABLES,Les Miserables?to win Academy Award for Best Picture,15,17.5,Nov/08/2012 06:26:18
766884,BEST.PIC:LES.MISERABLES,Les Miserables?to win Academy Award for Best Picture,23,17.5,Nov/08/2012 06:26:18
766884,BEST.PIC:LES.MISERABLES,Les Miserables?to win Academy Award for Best Picture,10,16.5,Nov/08/2012 06:26:18
766884,BEST.PIC:LES.MISERABLES,Les Miserables?to win Academy Award for Best Picture,10,16.4,Nov/08/2012 06:26:18
766884,BEST.PIC:LES.MISERABLES,Les Miserables?to win Academy Award for Best Picture,10,15.0,Nov/08/2012 06:26:18
766884,BEST.PIC:LES.MISERABLES,Les Miserables?to win Academy Award for Best Picture,10,16.0,Nov/08/2012 06:26:18
766884,BEST.PIC:LES.MISERABLES,Les Miserables?to win Academy Award for Best Picture,1,17.0,Nov/08/2012 06:26:18
766884,BEST.PIC:LES.MISERABLES,Les Miserables?to win Academy Award for Best Picture,10,19.8,Nov/08/2012 06:26:18
766884,BEST.PIC:LES.MISERABLES,Les Miserables?to win Academy Award for Best Picture,10,20.0,Nov/08/2012 06:47:07
766884,BEST.PIC:LES.MISERABLES,Les Miserables?to win Academy Award for Best Picture,14,19.9,Nov/08/2012 06:47:07
766884,BEST.PIC:LES.MISERABLES,Les Miserables?to win Academy Award for Best Picture,25,19.5,Nov/08/2012 06:47:07
766884,BEST.PIC:LES.MISERABLES,Les Miserables?to win Academy Award for Best Picture,40,19.0,Nov/08/2012 06:47:07
766884,BEST.PIC:LES.MISERABLES,Les Miserables?to win Academy Award for Best Picture,5,18.9,Nov/08/2012 06:47:07
766884,BEST.PIC:LES.MISERABLES,Les Miserables?to win Academy Award for Best Picture,3,20.0,Nov/08/2012 07:15:03
766884,BEST.PIC:LES.MISERABLES,Les Miserables?to win Academy Award for Best Picture,3,20.0,Nov/08/2012 07:17:21
766884,BEST.PIC:LES.MISERABLES,Les Miserables?to win Academy Award for Best Picture,1,16.0,Nov/08/2012 11:23:04
766884,BEST.PIC:LES.MISERABLES,Les Miserables?to win Academy Award for Best Picture,2,16.0,Nov/08/2012 11:56:45
766884,BEST.PIC:LES.MISERABLES,Les Miserables?to win Academy Award for Best Picture,10,16.0,Nov/08/2012 12:02:45
766884,BEST.PIC:LES.MISERABLES,Les Miserables?to win Academy Award for Best Picture,8,16.0,Nov/08/2012 12:10:19
766884,BEST.PIC:LES.MISERABLES,Les Miserables?to win Academy Award for Best Picture,2,16.0,Nov/08/2012 12:10:45
766884,BEST.PIC:LES.MISERABLES,Les Miserables?to win Academy Award for Best Picture,2,16.0,Nov/08/2012 12:12:51
766884,BEST.PIC:LES.MISERABLES,Les Miserables?to win Academy Award for Best Picture,8,16.0,Nov/08/2012 12:12:51
766884,BEST.PIC:LES.MISERABLES,Les Miserables?to win Academy Award for Best Picture,5,16.0,Nov/08/2012 12:19:53
766884,BEST.PIC:LES.MISERABLES,Les Miserables?to win Academy Award for Best Picture,2,16.5,Nov/08/2012 12:20:46
766884,BEST.PIC:LES.MISERABLES,Les Miserables?to win Academy Award for Best Picture,8,16.5,Nov/08/2012 12:31:24
766884,BEST.PIC:LES.MISERABLES,Les Miserables?to win Academy Award for Best Picture,8,16.0,Nov/08/2012 15:05:59
766884,BEST.PIC:LES.MISERABLES,Les Miserables?to win Academy Award for Best Picture,10,16.1,Nov/08/2012 15:05:59
766884,BEST.PIC:LES.MISERABLES,Les Miserables?to win Academy Award for Best Picture,10,16.5,Nov/08/2012 15:05:59
766884,BEST.PIC:LES.MISERABLES,Les Miserables?to win Academy Award for Best Picture,10,15.0,Nov/08/2012 15:10:36
766884,BEST.PIC:LES.MISERABLES,Les Miserables?to win Academy Award for Best Picture,10,15.5,Nov/08/2012 15:10:36
766884,BEST.PIC:LES.MISERABLES,Les Miserables?to win Academy Award for Best Picture,10,15.0,Nov/08/2012 15:52:55
766884,BEST.PIC:LES.MISERABLES,Les Miserables?to win Academy Award for Best Picture,10,16.0,Nov/08/2012 16:15:06
766884,BEST.PIC:LES.MISERABLES,Les Miserables?to win Academy Award for Best Picture,20,19.5,Nov/08/2012 16:21:43
766884,BEST.PIC:LES.MISERABLES,Les Miserables?to win Academy Award for Best Picture,1,19.4,Nov/08/2012 16:21:43
766884,BEST.PIC:LES.MISERABLES,Les Miserables?to win Academy Award for Best Picture,10,17.5,Nov/08/2012 17:51:54
766884,BEST.PIC:LES.MISERABLES,Les Miserables?to win Academy Award for Best Picture,5,16.5,Nov/08/2012 18:59:38
766884,BEST.PIC:LES.MISERABLES,Les Miserables?to win Academy Award for Best Picture,5,16.5,Nov/08/2012 19:07:03
766884,BEST.PIC:LES.MISERABLES,Les Miserables?to win Academy Award for Best Picture,2,17.5,Nov/08/2012 19:11:02
766884,BEST.PIC:LES.MISERABLES,Les Miserables?to win Academy Award for Best Picture,10,16.5,Nov/08/2012 19:51:51
766884,BEST.PIC:LES.MISERABLES,Les Miserables?to win Academy Award for Best Picture,1,14.3,Nov/08/2012 20:04:57
766884,BEST.PIC:LES.MISERABLES,Les Miserables?to win Academy Award for Best Picture,13,14.4,Nov/08/2012 20:04:57
766884,BEST.PIC:LES.MISERABLES,Les Miserables?to win Academy Award for Best Picture,10,14.3,Nov/08/2012 20:10:53
766884,BEST.PIC:LES.MISERABLES,Les Miserables?to win Academy Award for Best Picture,20,14.5,Nov/08/2012 20:45:06
766884,BEST.PIC:LES.MISERABLES,Les Miserables?to win Academy Award for Best Picture,10,14.2,Nov/08/2012 20:45:22
766884,BEST.PIC:LES.MISERABLES,Les Miserables?to win Academy Award for Best Picture,10,14.2,Nov/08/2012 21:14:14
766884,BEST.PIC:LES.MISERABLES,Les Miserables?to win Academy Award for Best Picture,40,14.5,Nov/08/2012 21:16:35
766884,BEST.PIC:LES.MISERABLES,Les Miserables?to win Academy Award for Best Picture,10,14.0,Nov/08/2012 21:24:03
766884,BEST.PIC:LES.MISERABLES,Les Miserables?to win Academy Award for Best Picture,5,14.0,Nov/08/2012 21:30:34
766884,BEST.PIC:LES.MISERABLES,Les Miserables?to win Academy Award for Best Picture,9,14.0,Nov/08/2012 21:59:24
766884,BEST.PIC:LES.MISERABLES,Les Miserables?to win Academy Award for Best Picture,10,15.0,Nov/08/2012 23:29:05
766884,BEST.PIC:LES.MISERABLES,Les Miserables?to win Academy Award for Best Picture,10,15.9,Nov/08/2012 23:29:13
766884,BEST.PIC:LES.MISERABLES,Les Miserables?to win Academy Award for Best Picture,10,12.5,Nov/08/2012 23:31:49
766884,BEST.PIC:LES.MISERABLES,Les Miserables?to win Academy Award for Best Picture,15,12.5,Nov/08/2012 23:32:09
766884,BEST.PIC:LES.MISERABLES,Les Miserables?to win Academy Award for Best Picture,15,13.5,Nov/09/2012 00:01:53
766884,BEST.PIC:LES.MISERABLES,Les Miserables?to win Academy Award for Best Picture,5,13.5,Nov/09/2012 00:12:49
766884,BEST.PIC:LES.MISERABLES,Les Miserables?to win Academy Award for Best Picture,10,13.2,Nov/09/2012 00:59:01
766884,BEST.PIC:LES.MISERABLES,Les Miserables?to win Academy Award for Best Picture,20,14.0,Nov/09/2012 01:12:34
766884,BEST.PIC:LES.MISERABLES,Les Miserables?to win Academy Award for Best Picture,4,14.0,Nov/09/2012 02:34:47
766884,BEST.PIC:LES.MISERABLES,Les Miserables?to win Academy Award for Best Picture,20,13.0,Nov/09/2012 02:35:56
766884,BEST.PIC:LES.MISERABLES,Les Miserables?to win Academy Award for Best Picture,10,13.2,Nov/09/2012 02:35:56
766884,BEST.PIC:LES.MISERABLES,Les Miserables?to win Academy Award for Best Picture,25,13.4,Nov/09/2012 02:35:56
766884,BEST.PIC:LES.MISERABLES,Les Miserables?to win Academy Award for Best Picture,1,13.5,Nov/09/2012 02:35:56
766884,BEST.PIC:LES.MISERABLES,Les Miserables?to win Academy Award for Best Picture,6,14.0,Nov/09/2012 02:35:56
766884,BEST.PIC:LES.MISERABLES,Les Miserables?to win Academy Award for Best Picture,1,13.0,Nov/09/2012 03:14:45
766884,BEST.PIC:LES.MISERABLES,Les Miserables?to win Academy Award for Best Picture,8,13.0,Nov/09/2012 03:14:57
766884,BEST.PIC:LES.MISERABLES,Les Miserables?to win Academy Award for Best Picture,1,12.6,Nov/09/2012 03:15:54
766884,BEST.PIC:LES.MISERABLES,Les Miserables?to win Academy Award for Best Picture,1,12.8,Nov/09/2012 03:31:26
766884,BEST.PIC:LES.MISERABLES,Les Miserables?to win Academy Award for Best Picture,19,12.8,Nov/09/2012 03:35:32
766884,BEST.PIC:LES.MISERABLES,Les Miserables?to win Academy Award for Best Picture,5,13.0,Nov/09/2012 03:40:22
766884,BEST.PIC:LES.MISERABLES,Les Miserables?to win Academy Award for Best Picture,10,15.0,Nov/09/2012 03:41:50
766884,BEST.PIC:LES.MISERABLES,Les Miserables?to win Academy Award for Best Picture,5,15.0,Nov/09/2012 04:01:41
766884,BEST.PIC:LES.MISERABLES,Les Miserables?to win Academy Award for Best Picture,20,14.0,Nov/09/2012 04:02:50
766884,BEST.PIC:LES.MISERABLES,Les Miserables?to win Academy Award for Best Picture,20,13.5,Nov/09/2012 04:02:50
766884,BEST.PIC:LES.MISERABLES,Les Miserables?to win Academy Award for Best Picture,20,14.5,Nov/09/2012 04:02:50
766884,BEST.PIC:LES.MISERABLES,Les Miserables?to win Academy Award for Best Picture,5,13.5,Nov/09/2012 04:05:59
766884,BEST.PIC:LES.MISERABLES,Les Miserables?to win Academy Award for Best Picture,5,13.5,Nov/09/2012 04:08:41
766884,BEST.PIC:LES.MISERABLES,Les Miserables?to win Academy Award for Best Picture,20,14.0,Nov/09/2012 04:13:53
766884,BEST.PIC:LES.MISERABLES,Les Miserables?to win Academy Award for Best Picture,5,14.0,Nov/09/2012 04:14:09
766884,BEST.PIC:LES.MISERABLES,Les Miserables?to win Academy Award for Best Picture,5,14.0,Nov/09/2012 04:15:48
766884,BEST.PIC:LES.MISERABLES,Les Miserables?to win Academy Award for Best Picture,20,14.0,Nov/09/2012 05:06:18
766884,BEST.PIC:LES.MISERABLES,Les Miserables?to win Academy Award for Best Picture,20,13.5,Nov/09/2012 05:06:24
766884,BEST.PIC:LES.MISERABLES,Les Miserables?to win Academy Award for Best Picture,20,13.0,Nov/09/2012 05:06:46
766884,BEST.PIC:LES.MISERABLES,Les Miserables?to win Academy Award for Best Picture,10,13.5,Nov/09/2012 05:39:23
766884,BEST.PIC:LES.MISERABLES,Les Miserables?to win Academy Award for Best Picture,1,13.5,Nov/09/2012 06:29:41
766884,BEST.PIC:LES.MISERABLES,Les Miserables?to win Academy Award for Best Picture,1,13.8,Nov/09/2012 06:35:33
766884,BEST.PIC:LES.MISERABLES,Les Miserables?to win Academy Award for Best Picture,1,13.5,Nov/09/2012 06:41:45
766884,BEST.PIC:LES.MISERABLES,Les Miserables?to win Academy Award for Best Picture,8,13.5,Nov/09/2012 06:46:46
766884,BEST.PIC:LES.MISERABLES,Les Miserables?to win Academy Award for Best Picture,10,14.0,Nov/09/2012 06:55:16
766884,BEST.PIC:LES.MISERABLES,Les Miserables?to win Academy Award for Best Picture,10,14.0,Nov/09/2012 06:55:28
766884,BEST.PIC:LES.MISERABLES,Les Miserables?to win Academy Award for Best Picture,4,14.0,Nov/09/2012 07:03:56
766884,BEST.PIC:LES.MISERABLES,Les Miserables?to win Academy Award for Best Picture,10,14.5,Nov/09/2012 07:34:49
766884,BEST.PIC:LES.MISERABLES,Les Miserables?to win Academy Award for Best Picture,1,14.1,Nov/09/2012 10:03:03
766884,BEST.PIC:LES.MISERABLES,Les Miserables?to win Academy Award for Best Picture,5,14.1,Nov/09/2012 10:44:18
766884,BEST.PIC:LES.MISERABLES,Les Miserables?to win Academy Award for Best Picture,4,14.1,Nov/09/2012 10:44:53
766884,BEST.PIC:LES.MISERABLES,Les Miserables?to win Academy Award for Best Picture,1,13.5,Nov/09/2012 13:44:01
766884,BEST.PIC:LES.MISERABLES,Les Miserables?to win Academy Award for Best Picture,1,14.8,Nov/09/2012 14:28:50
766884,BEST.PIC:LES.MISERABLES,Les Miserables?to win Academy Award for Best Picture,9,14.8,Nov/09/2012 14:28:50
766884,BEST.PIC:LES.MISERABLES,Les Miserables?to win Academy Award for Best Picture,1,14.8,Nov/09/2012 14:28:59
766884,BEST.PIC:LES.MISERABLES,Les Miserables?to win Academy Award for Best Picture,10,14.9,Nov/09/2012 14:37:37
766884,BEST.PIC:LES.MISERABLES,Les Miserables?to win Academy Award for Best Picture,5,15.0,Nov/09/2012 14:37:46
766884,BEST.PIC:LES.MISERABLES,Les Miserables?to win Academy Award for Best Picture,5,15.0,Nov/09/2012 14:37:46
766884,BEST.PIC:LES.MISERABLES,Les Miserables?to win Academy Award for Best Picture,32,13.5,Nov/09/2012 15:12:15
766884,BEST.PIC:LES.MISERABLES,Les Miserables?to win Academy Award for Best Picture,10,13.5,Nov/09/2012 15:23:38
766884,BEST.PIC:LES.MISERABLES,Les Miserables?to win Academy Award for Best Picture,10,13.6,Nov/09/2012 16:14:10
766884,BEST.PIC:LES.MISERABLES,Les Miserables?to win Academy Award for Best Picture,20,13.0,Nov/09/2012 16:48:06
766884,BEST.PIC:LES.MISERABLES,Les Miserables?to win Academy Award for Best Picture,20,13.6,Nov/09/2012 16:48:06
766884,BEST.PIC:LES.MISERABLES,Les Miserables?to win Academy Award for Best Picture,11,12.5,Nov/09/2012 17:03:08
766884,BEST.PIC:LES.MISERABLES,Les Miserables?to win Academy Award for Best Picture,5,15.0,Nov/09/2012 17:10:26
766884,BEST.PIC:LES.MISERABLES,Les Miserables?to win Academy Award for Best Picture,5,14.9,Nov/09/2012 18:16:40
766884,BEST.PIC:LES.MISERABLES,Les Miserables?to win Academy Award for Best Picture,10,14.9,Nov/09/2012 18:16:40
766884,BEST.PIC:LES.MISERABLES,Les Miserables?to win Academy Award for Best Picture,20,15.0,Nov/09/2012 18:16:58
766884,BEST.PIC:LES.MISERABLES,Les Miserables?to win Academy Award for Best Picture,10,13.1,Nov/09/2012 18:47:14
766884,BEST.PIC:LES.MISERABLES,Les Miserables?to win Academy Award for Best Picture,1,15.0,Nov/09/2012 18:50:33
766884,BEST.PIC:LES.MISERABLES,Les Miserables?to win Academy Award for Best Picture,10,13.0,Nov/09/2012 19:14:35
766884,BEST.PIC:LES.MISERABLES,Les Miserables?to win Academy Award for Best Picture,30,13.0,Nov/09/2012 20:41:06
766884,BEST.PIC:LES.MISERABLES,Les Miserables?to win Academy Award for Best Picture,10,13.0,Nov/09/2012 21:02:09
766884,BEST.PIC:LES.MISERABLES,Les Miserables?to win Academy Award for Best Picture,15,13.5,Nov/09/2012 21:05:52
766884,BEST.PIC:LES.MISERABLES,Les Miserables?to win Academy Award for Best Picture,10,14.5,Nov/09/2012 21:06:21
766884,BEST.PIC:LES.MISERABLES,Les Miserables?to win Academy Award for Best Picture,20,14.5,Nov/09/2012 21:06:21
766884,BEST.PIC:LES.MISERABLES,Les Miserables?to win Academy Award for Best Picture,5,14.5,Nov/09/2012 21:08:42
766884,BEST.PIC:LES.MISERABLES,Les Miserables?to win Academy Award for Best Picture,5,14.5,Nov/09/2012 21:10:31
766884,BEST.PIC:LES.MISERABLES,Les Miserables?to win Academy Award for Best Picture,100,13.0,Nov/09/2012 21:13:58
766884,BEST.PIC:LES.MISERABLES,Les Miserables?to win Academy Award for Best Picture,10,13.5,Nov/09/2012 21:14:56
766884,BEST.PIC:LES.MISERABLES,Les Miserables?to win Academy Award for Best Picture,10,14.0,Nov/09/2012 21:32:14
766884,BEST.PIC:LES.MISERABLES,Les Miserables?to win Academy Award for Best Picture,5,14.0,Nov/09/2012 21:35:26
766884,BEST.PIC:LES.MISERABLES,Les Miserables?to win Academy Award for Best Picture,10,14.1,Nov/09/2012 21:37:15
766884,BEST.PIC:LES.MISERABLES,Les Miserables?to win Academy Award for Best Picture,10,14.0,Nov/09/2012 21:41:08
766884,BEST.PIC:LES.MISERABLES,Les Miserables?to win Academy Award for Best Picture,10,14.0,Nov/09/2012 21:45:26
766884,BEST.PIC:LES.MISERABLES,Les Miserables?to win Academy Award for Best Picture,10,13.5,Nov/09/2012 21:51:14
766884,BEST.PIC:LES.MISERABLES,Les Miserables?to win Academy Award for Best Picture,20,14.0,Nov/09/2012 21:51:14
766884,BEST.PIC:LES.MISERABLES,Les Miserables?to win Academy Award for Best Picture,5,12.7,Nov/09/2012 21:52:04
766884,BEST.PIC:LES.MISERABLES,Les Miserables?to win Academy Award for Best Picture,5,12.5,Nov/09/2012 21:54:40
766884,BEST.PIC:LES.MISERABLES,Les Miserables?to win Academy Award for Best Picture,15,12.6,Nov/09/2012 21:54:40
766884,BEST.PIC:LES.MISERABLES,Les Miserables?to win Academy Award for Best Picture,20,13.5,Nov/09/2012 21:58:02
766884,BEST.PIC:LES.MISERABLES,Les Miserables?to win Academy Award for Best Picture,5,13.5,Nov/09/2012 21:59:09
766884,BEST.PIC:LES.MISERABLES,Les Miserables?to win Academy Award for Best Picture,35,13.5,Nov/09/2012 22:09:38
766884,BEST.PIC:LES.MISERABLES,Les Miserables?to win Academy Award for Best Picture,20,13.6,Nov/09/2012 22:09:38
766884,BEST.PIC:LES.MISERABLES,Les Miserables?to win Academy Award for Best Picture,10,13.5,Nov/09/2012 22:10:25
766884,BEST.PIC:LES.MISERABLES,Les Miserables?to win Academy Award for Best Picture,40,13.5,Nov/09/2012 22:13:10
766884,BEST.PIC:LES.MISERABLES,Les Miserables?to win Academy Award for Best Picture,10,13.5,Nov/09/2012 22:18:02
766884,BEST.PIC:LES.MISERABLES,Les Miserables?to win Academy Award for Best Picture,20,13.5,Nov/09/2012 22:20:44
766884,BEST.PIC:LES.MISERABLES,Les Miserables?to win Academy Award for Best Picture,20,13.5,Nov/09/2012 22:30:07
766884,BEST.PIC:LES.MISERABLES,Les Miserables?to win Academy Award for Best Picture,10,13.5,Nov/09/2012 22:51:31
766884,BEST.PIC:LES.MISERABLES,Les Miserables?to win Academy Award for Best Picture,30,13.5,Nov/09/2012 23:25:17
766884,BEST.PIC:LES.MISERABLES,Les Miserables?to win Academy Award for Best Picture,60,13.5,Nov/09/2012 23:28:10
766884,BEST.PIC:LES.MISERABLES,Les Miserables?to win Academy Award for Best Picture,40,13.5,Nov/09/2012 23:29:29
766884,BEST.PIC:LES.MISERABLES,Les Miserables?to win Academy Award for Best Picture,105,13.6,Nov/09/2012 23:59:40
766884,BEST.PIC:LES.MISERABLES,Les Miserables?to win Academy Award for Best Picture,20,13.0,Nov/10/2012 00:00:03
766884,BEST.PIC:LES.MISERABLES,Les Miserables?to win Academy Award for Best Picture,25,13.0,Nov/10/2012 00:00:03
766884,BEST.PIC:LES.MISERABLES,Les Miserables?to win Academy Award for Best Picture,50,13.5,Nov/10/2012 00:00:03
766884,BEST.PIC:LES.MISERABLES,Les Miserables?to win Academy Award for Best Picture,195,13.6,Nov/10/2012 00:00:03
766884,BEST.PIC:LES.MISERABLES,Les Miserables?to win Academy Award for Best Picture,10,13.0,Nov/10/2012 00:02:30
766884,BEST.PIC:LES.MISERABLES,Les Miserables?to win Academy Award for Best Picture,30,13.5,Nov/10/2012 00:07:16
766884,BEST.PIC:LES.MISERABLES,Les Miserables?to win Academy Award for Best Picture,10,13.5,Nov/10/2012 00:10:05
766884,BEST.PIC:LES.MISERABLES,Les Miserables?to win Academy Award for Best Picture,10,13.5,Nov/10/2012 00:10:45
766884,BEST.PIC:LES.MISERABLES,Les Miserables?to win Academy Award for Best Picture,20,13.5,Nov/10/2012 00:20:51
766884,BEST.PIC:LES.MISERABLES,Les Miserables?to win Academy Award for Best Picture,10,13.5,Nov/10/2012 00:36:18
766884,BEST.PIC:LES.MISERABLES,Les Miserables?to win Academy Award for Best Picture,50,13.5,Nov/10/2012 00:36:31
766884,BEST.PIC:LES.MISERABLES,Les Miserables?to win Academy Award for Best Picture,42,12.5,Nov/10/2012 00:39:54
766884,BEST.PIC:LES.MISERABLES,Les Miserables?to win Academy Award for Best Picture,7,12.5,Nov/10/2012 00:40:17
766884,BEST.PIC:LES.MISERABLES,Les Miserables?to win Academy Award for Best Picture,30,13.5,Nov/10/2012 00:40:58
766884,BEST.PIC:LES.MISERABLES,Les Miserables?to win Academy Award for Best Picture,83,13.0,Nov/10/2012 00:41:23
766884,BEST.PIC:LES.MISERABLES,Les Miserables?to win Academy Award for Best Picture,17,13.0,Nov/10/2012 00:44:36
766884,BEST.PIC:LES.MISERABLES,Les Miserables?to win Academy Award for Best Picture,40,13.5,Nov/10/2012 01:09:39
766884,BEST.PIC:LES.MISERABLES,Les Miserables?to win Academy Award for Best Picture,10,13.5,Nov/10/2012 01:10:09
766884,BEST.PIC:LES.MISERABLES,Les Miserables?to win Academy Award for Best Picture,10,13.5,Nov/10/2012 01:11:04
766884,BEST.PIC:LES.MISERABLES,Les Miserables?to win Academy Award for Best Picture,10,13.5,Nov/10/2012 01:13:33
766884,BEST.PIC:LES.MISERABLES,Les Miserables?to win Academy Award for Best Picture,1,13.5,Nov/10/2012 01:31:07
766884,BEST.PIC:LES.MISERABLES,Les Miserables?to win Academy Award for Best Picture,10,13.8,Nov/10/2012 01:41:10
766884,BEST.PIC:LES.MISERABLES,Les Miserables?to win Academy Award for Best Picture,20,13.9,Nov/10/2012 01:41:22
766884,BEST.PIC:LES.MISERABLES,Les Miserables?to win Academy Award for Best Picture,20,13.9,Nov/10/2012 01:41:22
766884,BEST.PIC:LES.MISERABLES,Les Miserables?to win Academy Award for Best Picture,10,14.0,Nov/10/2012 01:41:38
766884,BEST.PIC:LES.MISERABLES,Les Miserables?to win Academy Award for Best Picture,8,14.0,Nov/10/2012 01:51:50
766884,BEST.PIC:LES.MISERABLES,Les Miserables?to win Academy Award for Best Picture,2,14.0,Nov/10/2012 01:58:46
766884,BEST.PIC:LES.MISERABLES,Les Miserables?to win Academy Award for Best Picture,20,14.3,Nov/10/2012 01:59:05
766884,BEST.PIC:LES.MISERABLES,Les Miserables?to win Academy Award for Best Picture,1,13.5,Nov/10/2012 02:53:25
766884,BEST.PIC:LES.MISERABLES,Les Miserables?to win Academy Award for Best Picture,9,13.5,Nov/10/2012 03:22:08
766884,BEST.PIC:LES.MISERABLES,Les Miserables?to win Academy Award for Best Picture,1,13.6,Nov/10/2012 03:22:08
766884,BEST.PIC:LES.MISERABLES,Les Miserables?to win Academy Award for Best Picture,1,13.5,Nov/10/2012 03:34:57
766884,BEST.PIC:LES.MISERABLES,Les Miserables?to win Academy Award for Best Picture,9,13.5,Nov/10/2012 03:36:42
766884,BEST.PIC:LES.MISERABLES,Les Miserables?to win Academy Award for Best Picture,3,13.5,Nov/10/2012 03:41:31
766884,BEST.PIC:LES.MISERABLES,Les Miserables?to win Academy Award for Best Picture,4,13.5,Nov/10/2012 03:45:07
766884,BEST.PIC:LES.MISERABLES,Les Miserables?to win Academy Award for Best Picture,2,13.5,Nov/10/2012 03:51:52
766884,BEST.PIC:LES.MISERABLES,Les Miserables?to win Academy Award for Best Picture,1,12.9,Nov/10/2012 04:33:47
766884,BEST.PIC:LES.MISERABLES,Les Miserables?to win Academy Award for Best Picture,30,14.0,Nov/10/2012 05:37:51
766884,BEST.PIC:LES.MISERABLES,Les Miserables?to win Academy Award for Best Picture,1,12.8,Nov/10/2012 06:38:49
766884,BEST.PIC:LES.MISERABLES,Les Miserables?to win Academy Award for Best Picture,10,12.9,Nov/10/2012 06:38:49
766884,BEST.PIC:LES.MISERABLES,Les Miserables?to win Academy Award for Best Picture,21,12.5,Nov/10/2012 07:43:20
766884,BEST.PIC:LES.MISERABLES,Les Miserables?to win Academy Award for Best Picture,1,12.7,Nov/10/2012 07:43:20
766884,BEST.PIC:LES.MISERABLES,Les Miserables?to win Academy Award for Best Picture,10,12.6,Nov/10/2012 07:43:20
766884,BEST.PIC:LES.MISERABLES,Les Miserables?to win Academy Award for Best Picture,3,12.6,Nov/10/2012 07:43:20
766884,BEST.PIC:LES.MISERABLES,Les Miserables?to win Academy Award for Best Picture,15,12.7,Nov/10/2012 07:43:20
766884,BEST.PIC:LES.MISERABLES,Les Miserables?to win Academy Award for Best Picture,1,13.0,Nov/10/2012 10:29:25
766884,BEST.PIC:LES.MISERABLES,Les Miserables?to win Academy Award for Best Picture,9,12.5,Nov/10/2012 11:54:26
766884,BEST.PIC:LES.MISERABLES,Les Miserables?to win Academy Award for Best Picture,1,12.5,Nov/10/2012 12:46:40
766884,BEST.PIC:LES.MISERABLES,Les Miserables?to win Academy Award for Best Picture,4,12.5,Nov/10/2012 13:07:13
766884,BEST.PIC:LES.MISERABLES,Les Miserables?to win Academy Award for Best Picture,1,12.4,Nov/10/2012 13:08:12
766884,BEST.PIC:LES.MISERABLES,Les Miserables?to win Academy Award for Best Picture,3,12.1,Nov/10/2012 13:08:12
766884,BEST.PIC:LES.MISERABLES,Les Miserables?to win Academy Award for Best Picture,1,12.2,Nov/10/2012 13:08:12
766884,BEST.PIC:LES.MISERABLES,Les Miserables?to win Academy Award for Best Picture,1,12.3,Nov/10/2012 13:08:12
766884,BEST.PIC:LES.MISERABLES,Les Miserables?to win Academy Award for Best Picture,45,12.0,Nov/10/2012 13:30:09
766884,BEST.PIC:LES.MISERABLES,Les Miserables?to win Academy Award for Best Picture,35,12.0,Nov/10/2012 13:30:49
766884,BEST.PIC:LES.MISERABLES,Les Miserables?to win Academy Award for Best Picture,10,12.0,Nov/10/2012 14:06:42
766884,BEST.PIC:LES.MISERABLES,Les Miserables?to win Academy Award for Best Picture,5,13.0,Nov/10/2012 14:12:27
766884,BEST.PIC:LES.MISERABLES,Les Miserables?to win Academy Award for Best Picture,4,13.0,Nov/10/2012 14:13:38
766884,BEST.PIC:LES.MISERABLES,Les Miserables?to win Academy Award for Best Picture,40,13.0,Nov/10/2012 16:14:15
766884,BEST.PIC:LES.MISERABLES,Les Miserables?to win Academy Award for Best Picture,1,13.0,Nov/10/2012 16:15:57
766884,BEST.PIC:LES.MISERABLES,Les Miserables?to win Academy Award for Best Picture,29,13.0,Nov/10/2012 16:44:43
766884,BEST.PIC:LES.MISERABLES,Les Miserables?to win Academy Award for Best Picture,40,13.0,Nov/10/2012 17:38:40
766884,BEST.PIC:LES.MISERABLES,Les Miserables?to win Academy Award for Best Picture,30,13.0,Nov/10/2012 18:03:25
766884,BEST.PIC:LES.MISERABLES,Les Miserables?to win Academy Award for Best Picture,5,13.0,Nov/10/2012 18:03:34
766884,BEST.PIC:LES.MISERABLES,Les Miserables?to win Academy Award for Best Picture,45,13.0,Nov/10/2012 18:11:41
766884,BEST.PIC:LES.MISERABLES,Les Miserables?to win Academy Award for Best Picture,45,13.0,Nov/10/2012 18:17:16
766884,BEST.PIC:LES.MISERABLES,Les Miserables?to win Academy Award for Best Picture,10,13.5,Nov/10/2012 18:45:23
766884,BEST.PIC:LES.MISERABLES,Les Miserables?to win Academy Award for Best Picture,10,13.5,Nov/10/2012 18:45:23
766884,BEST.PIC:LES.MISERABLES,Les Miserables?to win Academy Award for Best Picture,20,13.9,Nov/10/2012 18:45:40
766884,BEST.PIC:LES.MISERABLES,Les Miserables?to win Academy Award for Best Picture,1,12.1,Nov/10/2012 18:50:36
766884,BEST.PIC:LES.MISERABLES,Les Miserables?to win Academy Award for Best Picture,2,13.5,Nov/10/2012 18:54:29
766884,BEST.PIC:LES.MISERABLES,Les Miserables?to win Academy Award for Best Picture,30,14.0,Nov/10/2012 18:58:17
766884,BEST.PIC:LES.MISERABLES,Les Miserables?to win Academy Award for Best Picture,1,14.0,Nov/10/2012 18:58:27
766884,BEST.PIC:LES.MISERABLES,Les Miserables?to win Academy Award for Best Picture,40,14.0,Nov/10/2012 19:10:43
766884,BEST.PIC:LES.MISERABLES,Les Miserables?to win Academy Award for Best Picture,60,14.0,Nov/10/2012 19:11:04
766884,BEST.PIC:LES.MISERABLES,Les Miserables?to win Academy Award for Best Picture,40,14.0,Nov/10/2012 19:11:38
766884,BEST.PIC:LES.MISERABLES,Les Miserables?to win Academy Award for Best Picture,60,14.0,Nov/10/2012 19:11:50
766884,BEST.PIC:LES.MISERABLES,Les Miserables?to win Academy Award for Best Picture,40,14.0,Nov/10/2012 19:12:18
766884,BEST.PIC:LES.MISERABLES,Les Miserables?to win Academy Award for Best Picture,60,14.0,Nov/10/2012 19:12:29
766884,BEST.PIC:LES.MISERABLES,Les Miserables?to win Academy Award for Best Picture,40,14.0,Nov/10/2012 19:12:53
766884,BEST.PIC:LES.MISERABLES,Les Miserables?to win Academy Award for Best Picture,60,14.0,Nov/10/2012 19:13:07
766884,BEST.PIC:LES.MISERABLES,Les Miserables?to win Academy Award for Best Picture,40,14.0,Nov/10/2012 19:13:22
766884,BEST.PIC:LES.MISERABLES,Les Miserables?to win Academy Award for Best Picture,60,14.0,Nov/10/2012 19:13:35
766884,BEST.PIC:LES.MISERABLES,Les Miserables?to win Academy Award for Best Picture,40,14.0,Nov/10/2012 19:13:51
766884,BEST.PIC:LES.MISERABLES,Les Miserables?to win Academy Award for Best Picture,60,14.0,Nov/10/2012 19:14:11
766884,BEST.PIC:LES.MISERABLES,Les Miserables?to win Academy Award for Best Picture,50,14.0,Nov/10/2012 19:14:42
766884,BEST.PIC:LES.MISERABLES,Les Miserables?to win Academy Award for Best Picture,50,14.0,Nov/10/2012 19:15:20
766884,BEST.PIC:LES.MISERABLES,Les Miserables?to win Academy Award for Best Picture,10,14.0,Nov/10/2012 19:15:57
766884,BEST.PIC:LES.MISERABLES,Les Miserables?to win Academy Award for Best Picture,1,14.3,Nov/10/2012 19:26:03
766884,BEST.PIC:LES.MISERABLES,Les Miserables?to win Academy Award for Best Picture,10,14.4,Nov/10/2012 19:26:17
766884,BEST.PIC:LES.MISERABLES,Les Miserables?to win Academy Award for Best Picture,10,14.5,Nov/10/2012 19:26:46
766884,BEST.PIC:LES.MISERABLES,Les Miserables?to win Academy Award for Best Picture,20,14.5,Nov/10/2012 19:26:46
766884,BEST.PIC:LES.MISERABLES,Les Miserables?to win Academy Award for Best Picture,1,14.6,Nov/10/2012 19:27:38
766884,BEST.PIC:LES.MISERABLES,Les Miserables?to win Academy Award for Best Picture,1,14.7,Nov/10/2012 19:27:47
766884,BEST.PIC:LES.MISERABLES,Les Miserables?to win Academy Award for Best Picture,10,14.9,Nov/10/2012 19:27:58
766884,BEST.PIC:LES.MISERABLES,Les Miserables?to win Academy Award for Best Picture,19,15.0,Nov/10/2012 19:28:11
766884,BEST.PIC:LES.MISERABLES,Les Miserables?to win Academy Award for Best Picture,20,15.0,Nov/10/2012 19:28:11
766884,BEST.PIC:LES.MISERABLES,Les Miserables?to win Academy Award for Best Picture,1,15.5,Nov/10/2012 20:04:08
766884,BEST.PIC:LES.MISERABLES,Les Miserables?to win Academy Award for Best Picture,1,15.8,Nov/10/2012 20:04:14
766884,BEST.PIC:LES.MISERABLES,Les Miserables?to win Academy Award for Best Picture,190,15.9,Nov/10/2012 20:04:29
766884,BEST.PIC:LES.MISERABLES,Les Miserables?to win Academy Award for Best Picture,10,14.0,Nov/10/2012 20:05:17
766884,BEST.PIC:LES.MISERABLES,Les Miserables?to win Academy Award for Best Picture,1,14.2,Nov/10/2012 20:06:11
766884,BEST.PIC:LES.MISERABLES,Les Miserables?to win Academy Award for Best Picture,20,15.0,Nov/10/2012 20:13:41
766884,BEST.PIC:LES.MISERABLES,Les Miserables?to win Academy Award for Best Picture,20,15.0,Nov/10/2012 20:24:39
766884,BEST.PIC:LES.MISERABLES,Les Miserables?to win Academy Award for Best Picture,20,15.0,Nov/10/2012 20:32:54
766884,BEST.PIC:LES.MISERABLES,Les Miserables?to win Academy Award for Best Picture,1,14.6,Nov/10/2012 20:55:09
766884,BEST.PIC:LES.MISERABLES,Les Miserables?to win Academy Award for Best Picture,1,14.6,Nov/10/2012 20:55:26
766884,BEST.PIC:LES.MISERABLES,Les Miserables?to win Academy Award for Best Picture,1,15.0,Nov/10/2012 21:38:00
766884,BEST.PIC:LES.MISERABLES,Les Miserables?to win Academy Award for Best Picture,1,15.0,Nov/10/2012 21:47:19
766884,BEST.PIC:LES.MISERABLES,Les Miserables?to win Academy Award for Best Picture,2,15.4,Nov/10/2012 21:50:49
766884,BEST.PIC:LES.MISERABLES,Les Miserables?to win Academy Award for Best Picture,20,15.5,Nov/10/2012 21:51:01
766884,BEST.PIC:LES.MISERABLES,Les Miserables?to win Academy Award for Best Picture,7,15.0,Nov/10/2012 22:07:25
766884,BEST.PIC:LES.MISERABLES,Les Miserables?to win Academy Award for Best Picture,16,15.0,Nov/10/2012 22:09:57
766884,BEST.PIC:LES.MISERABLES,Les Miserables?to win Academy Award for Best Picture,4,15.0,Nov/10/2012 22:12:43
766884,BEST.PIC:LES.MISERABLES,Les Miserables?to win Academy Award for Best Picture,20,15.0,Nov/10/2012 23:32:23
766884,BEST.PIC:LES.MISERABLES,Les Miserables?to win Academy Award for Best Picture,1,14.6,Nov/11/2012 00:51:10
766884,BEST.PIC:LES.MISERABLES,Les Miserables?to win Academy Award for Best Picture,18,14.5,Nov/11/2012 01:00:07
766884,BEST.PIC:LES.MISERABLES,Les Miserables?to win Academy Award for Best Picture,7,14.6,Nov/11/2012 01:00:07
766884,BEST.PIC:LES.MISERABLES,Les Miserables?to win Academy Award for Best Picture,5,14.5,Nov/11/2012 01:18:39
766884,BEST.PIC:LES.MISERABLES,Les Miserables?to win Academy Award for Best Picture,32,14.5,Nov/11/2012 01:20:25
766884,BEST.PIC:LES.MISERABLES,Les Miserables?to win Academy Award for Best Picture,45,14.5,Nov/11/2012 01:27:37
766884,BEST.PIC:LES.MISERABLES,Les Miserables?to win Academy Award for Best Picture,10,14.1,Nov/11/2012 06:28:43
766884,BEST.PIC:LES.MISERABLES,Les Miserables?to win Academy Award for Best Picture,4,14.1,Nov/11/2012 07:18:34
766884,BEST.PIC:LES.MISERABLES,Les Miserables?to win Academy Award for Best Picture,5,14.1,Nov/11/2012 07:18:34
766884,BEST.PIC:LES.MISERABLES,Les Miserables?to win Academy Award for Best Picture,11,14.5,Nov/11/2012 07:20:00
766884,BEST.PIC:LES.MISERABLES,Les Miserables?to win Academy Award for Best Picture,30,14.5,Nov/11/2012 07:40:29
766884,BEST.PIC:LES.MISERABLES,Les Miserables?to win Academy Award for Best Picture,24,14.5,Nov/11/2012 07:47:43
766884,BEST.PIC:LES.MISERABLES,Les Miserables?to win Academy Award for Best Picture,8,14.9,Nov/11/2012 07:51:16
766884,BEST.PIC:LES.MISERABLES,Les Miserables?to win Academy Award for Best Picture,100,14.9,Nov/11/2012 07:51:16
766884,BEST.PIC:LES.MISERABLES,Les Miserables?to win Academy Award for Best Picture,20,14.9,Nov/11/2012 07:51:16
766884,BEST.PIC:LES.MISERABLES,Les Miserables?to win Academy Award for Best Picture,20,15.0,Nov/11/2012 08:33:51
766884,BEST.PIC:LES.MISERABLES,Les Miserables?to win Academy Award for Best Picture,6,15.0,Nov/11/2012 08:36:53
766884,BEST.PIC:LES.MISERABLES,Les Miserables?to win Academy Award for Best Picture,5,17.5,Nov/11/2012 10:36:42
766884,BEST.PIC:LES.MISERABLES,Les Miserables?to win Academy Award for Best Picture,5,15.0,Nov/11/2012 10:36:42
766884,BEST.PIC:LES.MISERABLES,Les Miserables?to win Academy Award for Best Picture,1,15.0,Nov/11/2012 12:26:29
766884,BEST.PIC:LES.MISERABLES,Les Miserables?to win Academy Award for Best Picture,1,15.0,Nov/11/2012 12:26:33
766884,BEST.PIC:LES.MISERABLES,Les Miserables?to win Academy Award for Best Picture,1,15.0,Nov/11/2012 12:26:35
766884,BEST.PIC:LES.MISERABLES,Les Miserables?to win Academy Award for Best Picture,1,15.0,Nov/11/2012 12:26:37
766884,BEST.PIC:LES.MISERABLES,Les Miserables?to win Academy Award for Best Picture,1,15.0,Nov/11/2012 12:26:39
766884,BEST.PIC:LES.MISERABLES,Les Miserables?to win Academy Award for Best Picture,1,15.0,Nov/11/2012 12:33:39
766884,BEST.PIC:LES.MISERABLES,Les Miserables?to win Academy Award for Best Picture,1,15.0,Nov/11/2012 12:33:43
766884,BEST.PIC:LES.MISERABLES,Les Miserables?to win Academy Award for Best Picture,1,15.0,Nov/11/2012 12:33:45
766884,BEST.PIC:LES.MISERABLES,Les Miserables?to win Academy Award for Best Picture,1,15.0,Nov/11/2012 12:33:47
766884,BEST.PIC:LES.MISERABLES,Les Miserables?to win Academy Award for Best Picture,1,15.0,Nov/11/2012 12:33:48
766884,BEST.PIC:LES.MISERABLES,Les Miserables?to win Academy Award for Best Picture,1,15.0,Nov/11/2012 12:33:49
766884,BEST.PIC:LES.MISERABLES,Les Miserables?to win Academy Award for Best Picture,1,15.0,Nov/11/2012 13:34:48
766884,BEST.PIC:LES.MISERABLES,Les Miserables?to win Academy Award for Best Picture,1,15.0,Nov/11/2012 14:34:33
766884,BEST.PIC:LES.MISERABLES,Les Miserables?to win Academy Award for Best Picture,1,15.0,Nov/11/2012 14:34:36
766884,BEST.PIC:LES.MISERABLES,Les Miserables?to win Academy Award for Best Picture,1,15.0,Nov/11/2012 14:34:38
766884,BEST.PIC:LES.MISERABLES,Les Miserables?to win Academy Award for Best Picture,1,15.0,Nov/11/2012 14:34:40
766884,BEST.PIC:LES.MISERABLES,Les Miserables?to win Academy Award for Best Picture,1,15.0,Nov/11/2012 14:34:42
766884,BEST.PIC:LES.MISERABLES,Les Miserables?to win Academy Award for Best Picture,1,15.0,Nov/11/2012 14:34:43
766884,BEST.PIC:LES.MISERABLES,Les Miserables?to win Academy Award for Best Picture,1,15.0,Nov/11/2012 14:34:44
766884,BEST.PIC:LES.MISERABLES,Les Miserables?to win Academy Award for Best Picture,10,15.0,Nov/11/2012 20:16:22
766884,BEST.PIC:LES.MISERABLES,Les Miserables?to win Academy Award for Best Picture,14,15.4,Nov/11/2012 20:19:38
766884,BEST.PIC:LES.MISERABLES,Les Miserables?to win Academy Award for Best Picture,5,15.3,Nov/11/2012 20:19:38
766884,BEST.PIC:LES.MISERABLES,Les Miserables?to win Academy Award for Best Picture,10,15.0,Nov/11/2012 20:36:28
766884,BEST.PIC:LES.MISERABLES,Les Miserables?to win Academy Award for Best Picture,1,15.4,Nov/11/2012 20:49:04
766884,BEST.PIC:LES.MISERABLES,Les Miserables?to win Academy Award for Best Picture,10,14.0,Nov/11/2012 21:25:15
766884,BEST.PIC:LES.MISERABLES,Les Miserables?to win Academy Award for Best Picture,10,14.1,Nov/11/2012 21:25:15
766884,BEST.PIC:LES.MISERABLES,Les Miserables?to win Academy Award for Best Picture,5,14.0,Nov/11/2012 22:13:00
766884,BEST.PIC:LES.MISERABLES,Les Miserables?to win Academy Award for Best Picture,3,14.5,Nov/12/2012 02:22:55
766884,BEST.PIC:LES.MISERABLES,Les Miserables?to win Academy Award for Best Picture,2,14.5,Nov/12/2012 02:23:30
766884,BEST.PIC:LES.MISERABLES,Les Miserables?to win Academy Award for Best Picture,1,14.1,Nov/12/2012 04:06:30
766884,BEST.PIC:LES.MISERABLES,Les Miserables?to win Academy Award for Best Picture,58,14.0,Nov/12/2012 04:07:46
766884,BEST.PIC:LES.MISERABLES,Les Miserables?to win Academy Award for Best Picture,7,14.1,Nov/12/2012 04:07:46
766884,BEST.PIC:LES.MISERABLES,Les Miserables?to win Academy Award for Best Picture,15,14.5,Nov/12/2012 04:17:30
766884,BEST.PIC:LES.MISERABLES,Les Miserables?to win Academy Award for Best Picture,35,14.5,Nov/12/2012 04:32:35
766884,BEST.PIC:LES.MISERABLES,Les Miserables?to win Academy Award for Best Picture,25,14.5,Nov/12/2012 04:41:42
766884,BEST.PIC:LES.MISERABLES,Les Miserables?to win Academy Award for Best Picture,10,14.5,Nov/12/2012 04:49:59
766884,BEST.PIC:LES.MISERABLES,Les Miserables?to win Academy Award for Best Picture,10,14.8,Nov/12/2012 04:51:32
766884,BEST.PIC:LES.MISERABLES,Les Miserables?to win Academy Award for Best Picture,20,15.0,Nov/12/2012 04:51:45
766884,BEST.PIC:LES.MISERABLES,Les Miserables?to win Academy Award for Best Picture,10,15.0,Nov/12/2012 04:51:45
766884,BEST.PIC:LES.MISERABLES,Les Miserables?to win Academy Award for Best Picture,45,15.0,Nov/12/2012 04:51:45
766884,BEST.PIC:LES.MISERABLES,Les Miserables?to win Academy Award for Best Picture,11,14.5,Nov/12/2012 04:51:46
766884,BEST.PIC:LES.MISERABLES,Les Miserables?to win Academy Award for Best Picture,25,15.0,Nov/12/2012 15:05:33
766884,BEST.PIC:LES.MISERABLES,Les Miserables?to win Academy Award for Best Picture,35,15.0,Nov/12/2012 15:17:03
766884,BEST.PIC:LES.MISERABLES,Les Miserables?to win Academy Award for Best Picture,10,15.5,Nov/12/2012 15:24:22
766884,BEST.PIC:LES.MISERABLES,Les Miserables?to win Academy Award for Best Picture,3,14.7,Nov/12/2012 15:33:31
766884,BEST.PIC:LES.MISERABLES,Les Miserables?to win Academy Award for Best Picture,10,14.8,Nov/12/2012 16:05:28
766884,BEST.PIC:LES.MISERABLES,Les Miserables?to win Academy Award for Best Picture,10,14.8,Nov/12/2012 16:42:13
766884,BEST.PIC:LES.MISERABLES,Les Miserables?to win Academy Award for Best Picture,11,14.8,Nov/12/2012 16:44:39
766884,BEST.PIC:LES.MISERABLES,Les Miserables?to win Academy Award for Best Picture,5,15.5,Nov/12/2012 16:53:04
766884,BEST.PIC:LES.MISERABLES,Les Miserables?to win Academy Award for Best Picture,25,15.5,Nov/12/2012 17:04:06
766884,BEST.PIC:LES.MISERABLES,Les Miserables?to win Academy Award for Best Picture,10,15.6,Nov/12/2012 17:17:17
766884,BEST.PIC:LES.MISERABLES,Les Miserables?to win Academy Award for Best Picture,10,15.7,Nov/12/2012 17:17:24
766884,BEST.PIC:LES.MISERABLES,Les Miserables?to win Academy Award for Best Picture,10,15.8,Nov/12/2012 17:17:31
766884,BEST.PIC:LES.MISERABLES,Les Miserables?to win Academy Award for Best Picture,20,16.0,Nov/12/2012 17:17:45
766884,BEST.PIC:LES.MISERABLES,Les Miserables?to win Academy Award for Best Picture,10,16.4,Nov/12/2012 17:17:55
766884,BEST.PIC:LES.MISERABLES,Les Miserables?to win Academy Award for Best Picture,190,16.8,Nov/12/2012 17:18:04
766884,BEST.PIC:LES.MISERABLES,Les Miserables?to win Academy Award for Best Picture,1,16.2,Nov/12/2012 19:59:42
766884,BEST.PIC:LES.MISERABLES,Les Miserables?to win Academy Award for Best Picture,1,15.6,Nov/12/2012 20:07:26
766884,BEST.PIC:LES.MISERABLES,Les Miserables?to win Academy Award for Best Picture,1,15.2,Nov/12/2012 20:07:33
766884,BEST.PIC:LES.MISERABLES,Les Miserables?to win Academy Award for Best Picture,1,15.2,Nov/12/2012 20:07:37
766884,BEST.PIC:LES.MISERABLES,Les Miserables?to win Academy Award for Best Picture,1,15.1,Nov/12/2012 20:07:46
766884,BEST.PIC:LES.MISERABLES,Les Miserables?to win Academy Award for Best Picture,1,15.3,Nov/12/2012 21:35:36
766884,BEST.PIC:LES.MISERABLES,Les Miserables?to win Academy Award for Best Picture,1,15.3,Nov/12/2012 21:41:30
766884,BEST.PIC:LES.MISERABLES,Les Miserables?to win Academy Award for Best Picture,1,15.3,Nov/12/2012 22:22:32
766884,BEST.PIC:LES.MISERABLES,Les Miserables?to win Academy Award for Best Picture,1,15.3,Nov/12/2012 22:57:29
766884,BEST.PIC:LES.MISERABLES,Les Miserables?to win Academy Award for Best Picture,19,15.3,Nov/12/2012 22:57:29
766884,BEST.PIC:LES.MISERABLES,Les Miserables?to win Academy Award for Best Picture,1,15.3,Nov/12/2012 23:23:45
766884,BEST.PIC:LES.MISERABLES,Les Miserables?to win Academy Award for Best Picture,8,15.4,Nov/12/2012 23:42:46
766884,BEST.PIC:LES.MISERABLES,Les Miserables?to win Academy Award for Best Picture,2,15.4,Nov/12/2012 23:42:46
766884,BEST.PIC:LES.MISERABLES,Les Miserables?to win Academy Award for Best Picture,10,16.6,Nov/13/2012 00:38:11
766884,BEST.PIC:LES.MISERABLES,Les Miserables?to win Academy Award for Best Picture,2,15.5,Nov/13/2012 00:44:06
766884,BEST.PIC:LES.MISERABLES,Les Miserables?to win Academy Award for Best Picture,5,16.7,Nov/13/2012 00:55:45
766884,BEST.PIC:LES.MISERABLES,Les Miserables?to win Academy Award for Best Picture,8,16.7,Nov/13/2012 00:55:45
766884,BEST.PIC:LES.MISERABLES,Les Miserables?to win Academy Award for Best Picture,2,16.7,Nov/13/2012 00:55:45
766884,BEST.PIC:LES.MISERABLES,Les Miserables?to win Academy Award for Best Picture,2,16.7,Nov/13/2012 00:55:45
766884,BEST.PIC:LES.MISERABLES,Les Miserables?to win Academy Award for Best Picture,10,16.5,Nov/13/2012 00:56:11
766884,BEST.PIC:LES.MISERABLES,Les Miserables?to win Academy Award for Best Picture,8,15.7,Nov/13/2012 01:29:18
766884,BEST.PIC:LES.MISERABLES,Les Miserables?to win Academy Award for Best Picture,3,15.6,Nov/13/2012 01:49:09
766884,BEST.PIC:LES.MISERABLES,Les Miserables?to win Academy Award for Best Picture,2,15.7,Nov/13/2012 01:49:09
766884,BEST.PIC:LES.MISERABLES,Les Miserables?to win Academy Award for Best Picture,7,15.6,Nov/13/2012 01:53:52
766884,BEST.PIC:LES.MISERABLES,Les Miserables?to win Academy Award for Best Picture,3,15.6,Nov/13/2012 01:53:52
766884,BEST.PIC:LES.MISERABLES,Les Miserables?to win Academy Award for Best Picture,10,15.5,Nov/13/2012 01:54:45
766884,BEST.PIC:LES.MISERABLES,Les Miserables?to win Academy Award for Best Picture,38,15.5,Nov/13/2012 01:54:50
766884,BEST.PIC:LES.MISERABLES,Les Miserables?to win Academy Award for Best Picture,1,15.2,Nov/13/2012 02:31:39
766884,BEST.PIC:LES.MISERABLES,Les Miserables?to win Academy Award for Best Picture,7,15.1,Nov/13/2012 02:32:50
766884,BEST.PIC:LES.MISERABLES,Les Miserables?to win Academy Award for Best Picture,42,15.5,Nov/13/2012 03:14:29
766884,BEST.PIC:LES.MISERABLES,Les Miserables?to win Academy Award for Best Picture,8,15.5,Nov/13/2012 03:14:29
766884,BEST.PIC:LES.MISERABLES,Les Miserables?to win Academy Award for Best Picture,14,15.5,Nov/13/2012 03:29:56
766884,BEST.PIC:LES.MISERABLES,Les Miserables?to win Academy Award for Best Picture,7,15.5,Nov/13/2012 03:29:56
766884,BEST.PIC:LES.MISERABLES,Les Miserables?to win Academy Award for Best Picture,5,15.5,Nov/13/2012 03:30:24
766884,BEST.PIC:LES.MISERABLES,Les Miserables?to win Academy Award for Best Picture,25,15.5,Nov/13/2012 03:38:56
766884,BEST.PIC:LES.MISERABLES,Les Miserables?to win Academy Award for Best Picture,15,15.5,Nov/13/2012 04:55:07
766884,BEST.PIC:LES.MISERABLES,Les Miserables?to win Academy Award for Best Picture,5,15.9,Nov/13/2012 04:55:34
766884,BEST.PIC:LES.MISERABLES,Les Miserables?to win Academy Award for Best Picture,10,15.9,Nov/13/2012 04:55:34
766884,BEST.PIC:LES.MISERABLES,Les Miserables?to win Academy Award for Best Picture,5,15.9,Nov/13/2012 06:24:14
766884,BEST.PIC:LES.MISERABLES,Les Miserables?to win Academy Award for Best Picture,10,15.9,Nov/13/2012 06:24:14
766884,BEST.PIC:LES.MISERABLES,Les Miserables?to win Academy Award for Best Picture,10,16.0,Nov/13/2012 06:24:25
766884,BEST.PIC:LES.MISERABLES,Les Miserables?to win Academy Award for Best Picture,10,16.3,Nov/13/2012 06:30:42
766884,BEST.PIC:LES.MISERABLES,Les Miserables?to win Academy Award for Best Picture,10,16.4,Nov/13/2012 06:30:52
766884,BEST.PIC:LES.MISERABLES,Les Miserables?to win Academy Award for Best Picture,10,16.4,Nov/13/2012 06:30:52
766884,BEST.PIC:LES.MISERABLES,Les Miserables?to win Academy Award for Best Picture,10,16.5,Nov/13/2012 06:31:08
766884,BEST.PIC:LES.MISERABLES,Les Miserables?to win Academy Award for Best Picture,10,16.7,Nov/13/2012 06:31:51
766884,BEST.PIC:LES.MISERABLES,Les Miserables?to win Academy Award for Best Picture,1,16.8,Nov/13/2012 06:32:10
766884,BEST.PIC:LES.MISERABLES,Les Miserables?to win Academy Award for Best Picture,5,16.8,Nov/13/2012 06:32:10
766884,BEST.PIC:LES.MISERABLES,Les Miserables?to win Academy Award for Best Picture,10,16.8,Nov/13/2012 06:32:10
766884,BEST.PIC:LES.MISERABLES,Les Miserables?to win Academy Award for Best Picture,10,16.9,Nov/13/2012 10:39:56
766884,BEST.PIC:LES.MISERABLES,Les Miserables?to win Academy Award for Best Picture,20,17.0,Nov/13/2012 10:40:28
766884,BEST.PIC:LES.MISERABLES,Les Miserables?to win Academy Award for Best Picture,8,17.5,Nov/13/2012 10:40:47
766884,BEST.PIC:LES.MISERABLES,Les Miserables?to win Academy Award for Best Picture,10,17.5,Nov/13/2012 10:40:47
766884,BEST.PIC:LES.MISERABLES,Les Miserables?to win Academy Award for Best Picture,20,17.5,Nov/13/2012 10:40:47
766884,BEST.PIC:LES.MISERABLES,Les Miserables?to win Academy Award for Best Picture,10,17.5,Nov/13/2012 10:40:47
766884,BEST.PIC:LES.MISERABLES,Les Miserables?to win Academy Award for Best Picture,1,16.8,Nov/13/2012 10:49:32
766884,BEST.PIC:LES.MISERABLES,Les Miserables?to win Academy Award for Best Picture,3,16.8,Nov/13/2012 10:54:13
766884,BEST.PIC:LES.MISERABLES,Les Miserables?to win Academy Award for Best Picture,1,16.8,Nov/13/2012 10:59:11
766884,BEST.PIC:LES.MISERABLES,Les Miserables?to win Academy Award for Best Picture,5,16.8,Nov/13/2012 11:12:29
766884,BEST.PIC:LES.MISERABLES,Les Miserables?to win Academy Award for Best Picture,5,16.8,Nov/13/2012 11:42:13
766884,BEST.PIC:LES.MISERABLES,Les Miserables?to win Academy Award for Best Picture,1,18.6,Nov/13/2012 11:58:47
766884,BEST.PIC:LES.MISERABLES,Les Miserables?to win Academy Award for Best Picture,3,18.6,Nov/13/2012 11:58:47
766884,BEST.PIC:LES.MISERABLES,Les Miserables?to win Academy Award for Best Picture,1,17.0,Nov/13/2012 12:00:42
766884,BEST.PIC:LES.MISERABLES,Les Miserables?to win Academy Award for Best Picture,1,16.8,Nov/13/2012 12:01:02
766884,BEST.PIC:LES.MISERABLES,Les Miserables?to win Academy Award for Best Picture,1,16.7,Nov/13/2012 12:21:41
766884,BEST.PIC:LES.MISERABLES,Les Miserables?to win Academy Award for Best Picture,10,16.4,Nov/13/2012 15:13:26
766884,BEST.PIC:LES.MISERABLES,Les Miserables?to win Academy Award for Best Picture,10,16.5,Nov/13/2012 15:13:26
766884,BEST.PIC:LES.MISERABLES,Les Miserables?to win Academy Award for Best Picture,5,16.6,Nov/13/2012 15:13:26
766884,BEST.PIC:LES.MISERABLES,Les Miserables?to win Academy Award for Best Picture,3,16.8,Nov/13/2012 15:13:26
766884,BEST.PIC:LES.MISERABLES,Les Miserables?to win Academy Award for Best Picture,3,16.1,Nov/13/2012 15:31:29
766884,BEST.PIC:LES.MISERABLES,Les Miserables?to win Academy Award for Best Picture,1,17.4,Nov/13/2012 16:25:36
766884,BEST.PIC:LES.MISERABLES,Les Miserables?to win Academy Award for Best Picture,19,17.5,Nov/13/2012 16:25:51
766884,BEST.PIC:LES.MISERABLES,Les Miserables?to win Academy Award for Best Picture,24,15.3,Nov/13/2012 16:34:10
766884,BEST.PIC:LES.MISERABLES,Les Miserables?to win Academy Award for Best Picture,5,15.4,Nov/13/2012 16:34:10
766884,BEST.PIC:LES.MISERABLES,Les Miserables?to win Academy Award for Best Picture,10,16.0,Nov/13/2012 16:34:10
766884,BEST.PIC:LES.MISERABLES,Les Miserables?to win Academy Award for Best Picture,10,15.5,Nov/13/2012 16:34:10
766884,BEST.PIC:LES.MISERABLES,Les Miserables?to win Academy Award for Best Picture,10,15.6,Nov/13/2012 16:34:10
766884,BEST.PIC:LES.MISERABLES,Les Miserables?to win Academy Award for Best Picture,2,16.1,Nov/13/2012 16:34:10
766884,BEST.PIC:LES.MISERABLES,Les Miserables?to win Academy Award for Best Picture,30,16.0,Nov/13/2012 16:34:10
766884,BEST.PIC:LES.MISERABLES,Les Miserables?to win Academy Award for Best Picture,8,16.2,Nov/13/2012 16:34:10
766884,BEST.PIC:LES.MISERABLES,Les Miserables?to win Academy Award for Best Picture,1,16.3,Nov/13/2012 16:34:10
766884,BEST.PIC:LES.MISERABLES,Les Miserables?to win Academy Award for Best Picture,1,15.3,Nov/13/2012 16:35:37
766884,BEST.PIC:LES.MISERABLES,Les Miserables?to win Academy Award for Best Picture,1,15.3,Nov/13/2012 16:36:17
766884,BEST.PIC:LES.MISERABLES,Les Miserables?to win Academy Award for Best Picture,9,15.5,Nov/13/2012 17:33:17
766884,BEST.PIC:LES.MISERABLES,Les Miserables?to win Academy Award for Best Picture,1,15.5,Nov/13/2012 17:44:38
766884,BEST.PIC:LES.MISERABLES,Les Miserables?to win Academy Award for Best Picture,29,15.5,Nov/13/2012 17:44:38
766884,BEST.PIC:LES.MISERABLES,Les Miserables?to win Academy Award for Best Picture,20,16.0,Nov/13/2012 19:11:37
766884,BEST.PIC:LES.MISERABLES,Les Miserables?to win Academy Award for Best Picture,20,16.0,Nov/13/2012 19:15:35
766884,BEST.PIC:LES.MISERABLES,Les Miserables?to win Academy Award for Best Picture,20,16.0,Nov/13/2012 19:56:20
766884,BEST.PIC:LES.MISERABLES,Les Miserables?to win Academy Award for Best Picture,10,16.0,Nov/13/2012 20:18:48
766884,BEST.PIC:LES.MISERABLES,Les Miserables?to win Academy Award for Best Picture,1,17.3,Nov/13/2012 20:20:30
766884,BEST.PIC:LES.MISERABLES,Les Miserables?to win Academy Award for Best Picture,4,17.4,Nov/13/2012 20:20:41
766884,BEST.PIC:LES.MISERABLES,Les Miserables?to win Academy Award for Best Picture,1,17.4,Nov/13/2012 20:20:54
766884,BEST.PIC:LES.MISERABLES,Les Miserables?to win Academy Award for Best Picture,2,17.4,Nov/13/2012 20:21:15
766884,BEST.PIC:LES.MISERABLES,Les Miserables?to win Academy Award for Best Picture,10,16.0,Nov/13/2012 20:26:36
766884,BEST.PIC:LES.MISERABLES,Les Miserables?to win Academy Award for Best Picture,20,16.0,Nov/13/2012 20:27:10
766884,BEST.PIC:LES.MISERABLES,Les Miserables?to win Academy Award for Best Picture,8,16.1,Nov/13/2012 20:27:21
766884,BEST.PIC:LES.MISERABLES,Les Miserables?to win Academy Award for Best Picture,5,16.0,Nov/13/2012 21:25:32
766884,BEST.PIC:LES.MISERABLES,Les Miserables?to win Academy Award for Best Picture,1,16.0,Nov/13/2012 21:37:00
766884,BEST.PIC:LES.MISERABLES,Les Miserables?to win Academy Award for Best Picture,10,16.1,Nov/13/2012 22:13:24
766884,BEST.PIC:LES.MISERABLES,Les Miserables?to win Academy Award for Best Picture,1,16.9,Nov/14/2012 00:00:03
766884,BEST.PIC:LES.MISERABLES,Les Miserables?to win Academy Award for Best Picture,26,16.9,Nov/14/2012 00:00:31
766884,BEST.PIC:LES.MISERABLES,Les Miserables?to win Academy Award for Best Picture,8,17.1,Nov/14/2012 00:01:35
766884,BEST.PIC:LES.MISERABLES,Les Miserables?to win Academy Award for Best Picture,30,17.3,Nov/14/2012 00:02:11
766884,BEST.PIC:LES.MISERABLES,Les Miserables?to win Academy Award for Best Picture,3,17.4,Nov/14/2012 00:03:06
766884,BEST.PIC:LES.MISERABLES,Les Miserables?to win Academy Award for Best Picture,10,17.4,Nov/14/2012 00:03:06
766884,BEST.PIC:LES.MISERABLES,Les Miserables?to win Academy Award for Best Picture,1,17.5,Nov/14/2012 00:03:28
766884,BEST.PIC:LES.MISERABLES,Les Miserables?to win Academy Award for Best Picture,10,17.5,Nov/14/2012 00:03:28
766884,BEST.PIC:LES.MISERABLES,Les Miserables?to win Academy Award for Best Picture,10,17.5,Nov/14/2012 00:03:55
766884,BEST.PIC:LES.MISERABLES,Les Miserables?to win Academy Award for Best Picture,10,18.0,Nov/14/2012 00:04:25
766884,BEST.PIC:LES.MISERABLES,Les Miserables?to win Academy Award for Best Picture,1,18.3,Nov/14/2012 00:04:47
766884,BEST.PIC:LES.MISERABLES,Les Miserables?to win Academy Award for Best Picture,3,18.3,Nov/14/2012 00:05:36
766884,BEST.PIC:LES.MISERABLES,Les Miserables?to win Academy Award for Best Picture,20,17.5,Nov/14/2012 02:11:04
766884,BEST.PIC:LES.MISERABLES,Les Miserables?to win Academy Award for Best Picture,1,17.1,Nov/14/2012 03:47:08
766884,BEST.PIC:LES.MISERABLES,Les Miserables?to win Academy Award for Best Picture,10,17.1,Nov/14/2012 04:11:40
766884,BEST.PIC:LES.MISERABLES,Les Miserables?to win Academy Award for Best Picture,20,17.5,Nov/14/2012 04:11:46
766884,BEST.PIC:LES.MISERABLES,Les Miserables?to win Academy Award for Best Picture,10,17.0,Nov/14/2012 04:32:34
766884,BEST.PIC:LES.MISERABLES,Les Miserables?to win Academy Award for Best Picture,3,17.0,Nov/14/2012 04:34:46
766884,BEST.PIC:LES.MISERABLES,Les Miserables?to win Academy Award for Best Picture,2,17.0,Nov/14/2012 04:34:56
766884,BEST.PIC:LES.MISERABLES,Les Miserables?to win Academy Award for Best Picture,3,17.0,Nov/14/2012 04:36:47
766884,BEST.PIC:LES.MISERABLES,Les Miserables?to win Academy Award for Best Picture,2,17.0,Nov/14/2012 04:37:40
766884,BEST.PIC:LES.MISERABLES,Les Miserables?to win Academy Award for Best Picture,5,17.1,Nov/14/2012 05:00:46
766884,BEST.PIC:LES.MISERABLES,Les Miserables?to win Academy Award for Best Picture,5,17.1,Nov/14/2012 05:15:55
766884,BEST.PIC:LES.MISERABLES,Les Miserables?to win Academy Award for Best Picture,4,17.1,Nov/14/2012 05:19:45
766884,BEST.PIC:LES.MISERABLES,Les Miserables?to win Academy Award for Best Picture,6,17.1,Nov/14/2012 05:21:17
766884,BEST.PIC:LES.MISERABLES,Les Miserables?to win Academy Award for Best Picture,25,17.5,Nov/14/2012 05:48:16
766884,BEST.PIC:LES.MISERABLES,Les Miserables?to win Academy Award for Best Picture,5,17.0,Nov/14/2012 11:41:07
766884,BEST.PIC:LES.MISERABLES,Les Miserables?to win Academy Award for Best Picture,5,17.0,Nov/14/2012 14:22:24
766884,BEST.PIC:LES.MISERABLES,Les Miserables?to win Academy Award for Best Picture,1,17.0,Nov/14/2012 14:53:47
766884,BEST.PIC:LES.MISERABLES,Les Miserables?to win Academy Award for Best Picture,1,17.0,Nov/14/2012 15:28:54
766884,BEST.PIC:LES.MISERABLES,Les Miserables?to win Academy Award for Best Picture,10,17.0,Nov/14/2012 16:20:53
766884,BEST.PIC:LES.MISERABLES,Les Miserables?to win Academy Award for Best Picture,10,17.5,Nov/14/2012 16:37:54
766884,BEST.PIC:LES.MISERABLES,Les Miserables?to win Academy Award for Best Picture,10,17.5,Nov/14/2012 16:37:54
766884,BEST.PIC:LES.MISERABLES,Les Miserables?to win Academy Award for Best Picture,1,17.0,Nov/14/2012 16:38:41
766884,BEST.PIC:LES.MISERABLES,Les Miserables?to win Academy Award for Best Picture,7,17.0,Nov/14/2012 16:44:23
766884,BEST.PIC:LES.MISERABLES,Les Miserables?to win Academy Award for Best Picture,18,17.0,Nov/14/2012 16:44:23
766884,BEST.PIC:LES.MISERABLES,Les Miserables?to win Academy Award for Best Picture,2,16.9,Nov/14/2012 17:16:28
766884,BEST.PIC:LES.MISERABLES,Les Miserables?to win Academy Award for Best Picture,4,17.0,Nov/14/2012 17:16:28
766884,BEST.PIC:LES.MISERABLES,Les Miserables?to win Academy Award for Best Picture,5,17.0,Nov/14/2012 17:16:28
766884,BEST.PIC:LES.MISERABLES,Les Miserables?to win Academy Award for Best Picture,8,16.9,Nov/14/2012 17:31:25
766884,BEST.PIC:LES.MISERABLES,Les Miserables?to win Academy Award for Best Picture,1,17.0,Nov/14/2012 17:31:25
766884,BEST.PIC:LES.MISERABLES,Les Miserables?to win Academy Award for Best Picture,6,17.0,Nov/14/2012 17:54:56
766884,BEST.PIC:LES.MISERABLES,Les Miserables?to win Academy Award for Best Picture,10,17.0,Nov/14/2012 17:59:41
766884,BEST.PIC:LES.MISERABLES,Les Miserables?to win Academy Award for Best Picture,10,17.3,Nov/14/2012 17:59:53
766884,BEST.PIC:LES.MISERABLES,Les Miserables?to win Academy Award for Best Picture,1,17.4,Nov/14/2012 18:00:02
766884,BEST.PIC:LES.MISERABLES,Les Miserables?to win Academy Award for Best Picture,9,17.4,Nov/14/2012 18:00:02
766884,BEST.PIC:LES.MISERABLES,Les Miserables?to win Academy Award for Best Picture,10,17.4,Nov/14/2012 18:00:02
766884,BEST.PIC:LES.MISERABLES,Les Miserables?to win Academy Award for Best Picture,5,17.0,Nov/14/2012 18:01:05
766884,BEST.PIC:LES.MISERABLES,Les Miserables?to win Academy Award for Best Picture,4,16.9,Nov/14/2012 18:05:14
766884,BEST.PIC:LES.MISERABLES,Les Miserables?to win Academy Award for Best Picture,1,17.0,Nov/14/2012 18:52:59
766884,BEST.PIC:LES.MISERABLES,Les Miserables?to win Academy Award for Best Picture,25,16.9,Nov/14/2012 19:11:05
766884,BEST.PIC:LES.MISERABLES,Les Miserables?to win Academy Award for Best Picture,9,17.0,Nov/14/2012 19:33:30
766884,BEST.PIC:LES.MISERABLES,Les Miserables?to win Academy Award for Best Picture,1,17.3,Nov/14/2012 21:21:50
766884,BEST.PIC:LES.MISERABLES,Les Miserables?to win Academy Award for Best Picture,10,17.3,Nov/14/2012 22:01:40
766884,BEST.PIC:LES.MISERABLES,Les Miserables?to win Academy Award for Best Picture,10,17.4,Nov/14/2012 22:01:59
766884,BEST.PIC:LES.MISERABLES,Les Miserables?to win Academy Award for Best Picture,25,17.5,Nov/14/2012 22:02:09
766884,BEST.PIC:LES.MISERABLES,Les Miserables?to win Academy Award for Best Picture,4,17.8,Nov/14/2012 22:07:42
766884,BEST.PIC:LES.MISERABLES,Les Miserables?to win Academy Award for Best Picture,4,17.5,Nov/14/2012 22:50:46
766884,BEST.PIC:LES.MISERABLES,Les Miserables?to win Academy Award for Best Picture,1,17.5,Nov/14/2012 22:53:23
766884,BEST.PIC:LES.MISERABLES,Les Miserables?to win Academy Award for Best Picture,5,17.5,Nov/14/2012 22:57:24
766884,BEST.PIC:LES.MISERABLES,Les Miserables?to win Academy Award for Best Picture,5,18.0,Nov/14/2012 23:08:34
766884,BEST.PIC:LES.MISERABLES,Les Miserables?to win Academy Award for Best Picture,1,17.9,Nov/14/2012 23:08:34
766884,BEST.PIC:LES.MISERABLES,Les Miserables?to win Academy Award for Best Picture,10,17.9,Nov/14/2012 23:08:34
766884,BEST.PIC:LES.MISERABLES,Les Miserables?to win Academy Award for Best Picture,10,17.9,Nov/14/2012 23:08:34
766884,BEST.PIC:LES.MISERABLES,Les Miserables?to win Academy Award for Best Picture,18,17.8,Nov/14/2012 23:08:34
766884,BEST.PIC:LES.MISERABLES,Les Miserables?to win Academy Award for Best Picture,10,18.0,Nov/14/2012 23:08:34
766884,BEST.PIC:LES.MISERABLES,Les Miserables?to win Academy Award for Best Picture,10,18.1,Nov/14/2012 23:08:46
766884,BEST.PIC:LES.MISERABLES,Les Miserables?to win Academy Award for Best Picture,5,18.2,Nov/14/2012 23:08:53
766884,BEST.PIC:LES.MISERABLES,Les Miserables?to win Academy Award for Best Picture,5,18.0,Nov/14/2012 23:26:22
766884,BEST.PIC:LES.MISERABLES,Les Miserables?to win Academy Award for Best Picture,10,17.5,Nov/15/2012 00:11:41
766884,BEST.PIC:LES.MISERABLES,Les Miserables?to win Academy Award for Best Picture,4,17.5,Nov/15/2012 00:16:45
766884,BEST.PIC:LES.MISERABLES,Les Miserables?to win Academy Award for Best Picture,10,17.7,Nov/15/2012 00:45:51
766884,BEST.PIC:LES.MISERABLES,Les Miserables?to win Academy Award for Best Picture,60,17.7,Nov/15/2012 00:59:10
766884,BEST.PIC:LES.MISERABLES,Les Miserables?to win Academy Award for Best Picture,10,17.7,Nov/15/2012 00:59:10
766884,BEST.PIC:LES.MISERABLES,Les Miserables?to win Academy Award for Best Picture,30,17.6,Nov/15/2012 01:00:17
766884,BEST.PIC:LES.MISERABLES,Les Miserables?to win Academy Award for Best Picture,26,17.5,Nov/15/2012 01:01:14
766884,BEST.PIC:LES.MISERABLES,Les Miserables?to win Academy Award for Best Picture,100,17.5,Nov/15/2012 01:01:14
766884,BEST.PIC:LES.MISERABLES,Les Miserables?to win Academy Award for Best Picture,80,17.4,Nov/15/2012 01:01:25
766884,BEST.PIC:LES.MISERABLES,Les Miserables?to win Academy Award for Best Picture,50,17.3,Nov/15/2012 01:01:35
766884,BEST.PIC:LES.MISERABLES,Les Miserables?to win Academy Award for Best Picture,20,17.4,Nov/15/2012 01:01:45
766884,BEST.PIC:LES.MISERABLES,Les Miserables?to win Academy Award for Best Picture,2,17.2,Nov/15/2012 01:01:55
766884,BEST.PIC:LES.MISERABLES,Les Miserables?to win Academy Award for Best Picture,20,17.2,Nov/15/2012 01:01:55
766884,BEST.PIC:LES.MISERABLES,Les Miserables?to win Academy Award for Best Picture,1,17.2,Nov/15/2012 01:02:02
766884,BEST.PIC:LES.MISERABLES,Les Miserables?to win Academy Award for Best Picture,19,17.2,Nov/15/2012 01:02:11
766884,BEST.PIC:LES.MISERABLES,Les Miserables?to win Academy Award for Best Picture,4,18.0,Nov/15/2012 01:05:26
766884,BEST.PIC:LES.MISERABLES,Les Miserables?to win Academy Award for Best Picture,2,17.4,Nov/15/2012 01:19:54
766884,BEST.PIC:LES.MISERABLES,Les Miserables?to win Academy Award for Best Picture,2,17.5,Nov/15/2012 01:20:05
766884,BEST.PIC:LES.MISERABLES,Les Miserables?to win Academy Award for Best Picture,17,17.5,Nov/15/2012 02:02:49
766884,BEST.PIC:LES.MISERABLES,Les Miserables?to win Academy Award for Best Picture,1,18.0,Nov/15/2012 02:05:56
766884,BEST.PIC:LES.MISERABLES,Les Miserables?to win Academy Award for Best Picture,1,17.5,Nov/15/2012 02:06:18
766884,BEST.PIC:LES.MISERABLES,Les Miserables?to win Academy Award for Best Picture,39,17.5,Nov/15/2012 02:06:18
766884,BEST.PIC:LES.MISERABLES,Les Miserables?to win Academy Award for Best Picture,1,18.0,Nov/15/2012 02:07:18
766884,BEST.PIC:LES.MISERABLES,Les Miserables?to win Academy Award for Best Picture,1,17.5,Nov/15/2012 02:15:24
766884,BEST.PIC:LES.MISERABLES,Les Miserables?to win Academy Award for Best Picture,1,17.5,Nov/15/2012 02:35:44
766884,BEST.PIC:LES.MISERABLES,Les Miserables?to win Academy Award for Best Picture,50,17.9,Nov/15/2012 02:41:13
766884,BEST.PIC:LES.MISERABLES,Les Miserables?to win Academy Award for Best Picture,1,17.9,Nov/15/2012 02:41:21
766884,BEST.PIC:LES.MISERABLES,Les Miserables?to win Academy Award for Best Picture,4,18.0,Nov/15/2012 02:54:02
766884,BEST.PIC:LES.MISERABLES,Les Miserables?to win Academy Award for Best Picture,20,18.0,Nov/15/2012 02:54:02
766884,BEST.PIC:LES.MISERABLES,Les Miserables?to win Academy Award for Best Picture,4,17.9,Nov/15/2012 02:57:21
766884,BEST.PIC:LES.MISERABLES,Les Miserables?to win Academy Award for Best Picture,1,17.9,Nov/15/2012 02:58:43
766884,BEST.PIC:LES.MISERABLES,Les Miserables?to win Academy Award for Best Picture,2,17.9,Nov/15/2012 03:00:38
766884,BEST.PIC:LES.MISERABLES,Les Miserables?to win Academy Award for Best Picture,25,17.9,Nov/15/2012 03:02:35
766884,BEST.PIC:LES.MISERABLES,Les Miserables?to win Academy Award for Best Picture,63,17.9,Nov/15/2012 03:04:21
766884,BEST.PIC:LES.MISERABLES,Les Miserables?to win Academy Award for Best Picture,4,17.5,Nov/15/2012 04:17:19
766884,BEST.PIC:LES.MISERABLES,Les Miserables?to win Academy Award for Best Picture,2,17.5,Nov/15/2012 04:17:19
766884,BEST.PIC:LES.MISERABLES,Les Miserables?to win Academy Award for Best Picture,1,17.5,Nov/15/2012 05:27:14
766884,BEST.PIC:LES.MISERABLES,Les Miserables?to win Academy Award for Best Picture,2,17.5,Nov/15/2012 05:30:55
766884,BEST.PIC:LES.MISERABLES,Les Miserables?to win Academy Award for Best Picture,6,17.5,Nov/15/2012 05:30:55
766884,BEST.PIC:LES.MISERABLES,Les Miserables?to win Academy Award for Best Picture,10,17.9,Nov/15/2012 05:42:47
766884,BEST.PIC:LES.MISERABLES,Les Miserables?to win Academy Award for Best Picture,10,17.9,Nov/15/2012 05:42:47
766884,BEST.PIC:LES.MISERABLES,Les Miserables?to win Academy Award for Best Picture,1,17.5,Nov/15/2012 05:56:41
766884,BEST.PIC:LES.MISERABLES,Les Miserables?to win Academy Award for Best Picture,4,17.5,Nov/15/2012 05:56:41
766884,BEST.PIC:LES.MISERABLES,Les Miserables?to win Academy Award for Best Picture,5,17.6,Nov/15/2012 05:57:48
766884,BEST.PIC:LES.MISERABLES,Les Miserables?to win Academy Award for Best Picture,4,17.6,Nov/15/2012 06:25:29
766884,BEST.PIC:LES.MISERABLES,Les Miserables?to win Academy Award for Best Picture,1,17.6,Nov/15/2012 07:34:13
766884,BEST.PIC:LES.MISERABLES,Les Miserables?to win Academy Award for Best Picture,7,17.6,Nov/15/2012 07:34:13
766884,BEST.PIC:LES.MISERABLES,Les Miserables?to win Academy Award for Best Picture,1,17.6,Nov/15/2012 09:59:34
766884,BEST.PIC:LES.MISERABLES,Les Miserables?to win Academy Award for Best Picture,1,17.7,Nov/15/2012 09:59:56
766884,BEST.PIC:LES.MISERABLES,Les Miserables?to win Academy Award for Best Picture,1,17.6,Nov/15/2012 10:01:26
766884,BEST.PIC:LES.MISERABLES,Les Miserables?to win Academy Award for Best Picture,1,17.6,Nov/15/2012 10:55:23
766884,BEST.PIC:LES.MISERABLES,Les Miserables?to win Academy Award for Best Picture,9,17.6,Nov/15/2012 10:57:47
766884,BEST.PIC:LES.MISERABLES,Les Miserables?to win Academy Award for Best Picture,1,17.8,Nov/15/2012 11:12:38
766884,BEST.PIC:LES.MISERABLES,Les Miserables?to win Academy Award for Best Picture,81,17.6,Nov/15/2012 11:23:10
766884,BEST.PIC:LES.MISERABLES,Les Miserables?to win Academy Award for Best Picture,16,17.5,Nov/15/2012 11:23:34
766884,BEST.PIC:LES.MISERABLES,Les Miserables?to win Academy Award for Best Picture,12,17.4,Nov/15/2012 11:29:19
766884,BEST.PIC:LES.MISERABLES,Les Miserables?to win Academy Award for Best Picture,32,17.4,Nov/15/2012 11:32:30
766884,BEST.PIC:LES.MISERABLES,Les Miserables?to win Academy Award for Best Picture,1,17.4,Nov/15/2012 11:38:14
766884,BEST.PIC:LES.MISERABLES,Les Miserables?to win Academy Award for Best Picture,1,17.5,Nov/15/2012 12:14:56
766884,BEST.PIC:LES.MISERABLES,Les Miserables?to win Academy Award for Best Picture,3,17.6,Nov/15/2012 12:15:34
766884,BEST.PIC:LES.MISERABLES,Les Miserables?to win Academy Award for Best Picture,10,17.6,Nov/15/2012 14:21:38
766884,BEST.PIC:LES.MISERABLES,Les Miserables?to win Academy Award for Best Picture,10,17.6,Nov/15/2012 14:23:38
766884,BEST.PIC:LES.MISERABLES,Les Miserables?to win Academy Award for Best Picture,1,17.6,Nov/15/2012 14:35:27
766884,BEST.PIC:LES.MISERABLES,Les Miserables?to win Academy Award for Best Picture,9,17.6,Nov/15/2012 14:41:36
766884,BEST.PIC:LES.MISERABLES,Les Miserables?to win Academy Award for Best Picture,14,17.6,Nov/15/2012 14:42:00
766884,BEST.PIC:LES.MISERABLES,Les Miserables?to win Academy Award for Best Picture,3,17.6,Nov/15/2012 14:43:42
766884,BEST.PIC:LES.MISERABLES,Les Miserables?to win Academy Award for Best Picture,1,17.5,Nov/15/2012 14:43:42
766884,BEST.PIC:LES.MISERABLES,Les Miserables?to win Academy Award for Best Picture,5,17.5,Nov/15/2012 14:52:31
766884,BEST.PIC:LES.MISERABLES,Les Miserables?to win Academy Award for Best Picture,8,17.5,Nov/15/2012 15:01:32
766884,BEST.PIC:LES.MISERABLES,Les Miserables?to win Academy Award for Best Picture,30,17.7,Nov/15/2012 15:09:47
766884,BEST.PIC:LES.MISERABLES,Les Miserables?to win Academy Award for Best Picture,70,17.7,Nov/15/2012 15:10:03
766884,BEST.PIC:LES.MISERABLES,Les Miserables?to win Academy Award for Best Picture,18,17.7,Nov/15/2012 15:10:19
766884,BEST.PIC:LES.MISERABLES,Les Miserables?to win Academy Award for Best Picture,1,17.7,Nov/15/2012 15:10:43
766884,BEST.PIC:LES.MISERABLES,Les Miserables?to win Academy Award for Best Picture,2,17.7,Nov/15/2012 15:15:52
766884,BEST.PIC:LES.MISERABLES,Les Miserables?to win Academy Award for Best Picture,58,17.5,Nov/15/2012 15:18:18
766884,BEST.PIC:LES.MISERABLES,Les Miserables?to win Academy Award for Best Picture,3,17.7,Nov/15/2012 15:18:18
766884,BEST.PIC:LES.MISERABLES,Les Miserables?to win Academy Award for Best Picture,20,17.5,Nov/15/2012 15:18:25
766884,BEST.PIC:LES.MISERABLES,Les Miserables?to win Academy Award for Best Picture,19,17.5,Nov/15/2012 15:20:30
766884,BEST.PIC:LES.MISERABLES,Les Miserables?to win Academy Award for Best Picture,31,17.5,Nov/15/2012 15:47:06
766884,BEST.PIC:LES.MISERABLES,Les Miserables?to win Academy Award for Best Picture,10,17.5,Nov/15/2012 16:06:06
766884,BEST.PIC:LES.MISERABLES,Les Miserables?to win Academy Award for Best Picture,20,17.5,Nov/15/2012 16:18:48
766884,BEST.PIC:LES.MISERABLES,Les Miserables?to win Academy Award for Best Picture,10,17.5,Nov/15/2012 16:35:00
766884,BEST.PIC:LES.MISERABLES,Les Miserables?to win Academy Award for Best Picture,21,17.4,Nov/15/2012 16:35:35
766884,BEST.PIC:LES.MISERABLES,Les Miserables?to win Academy Award for Best Picture,5,17.9,Nov/15/2012 16:53:12
766884,BEST.PIC:LES.MISERABLES,Les Miserables?to win Academy Award for Best Picture,5,17.9,Nov/15/2012 16:53:12
766884,BEST.PIC:LES.MISERABLES,Les Miserables?to win Academy Award for Best Picture,1,17.8,Nov/15/2012 16:53:12
766884,BEST.PIC:LES.MISERABLES,Les Miserables?to win Academy Award for Best Picture,10,17.8,Nov/15/2012 16:53:12
766884,BEST.PIC:LES.MISERABLES,Les Miserables?to win Academy Award for Best Picture,10,17.6,Nov/15/2012 16:53:12
766884,BEST.PIC:LES.MISERABLES,Les Miserables?to win Academy Award for Best Picture,10,17.5,Nov/15/2012 17:08:12
766884,BEST.PIC:LES.MISERABLES,Les Miserables?to win Academy Award for Best Picture,31,17.5,Nov/15/2012 17:09:26
766884,BEST.PIC:LES.MISERABLES,Les Miserables?to win Academy Award for Best Picture,10,17.5,Nov/15/2012 17:18:42
766884,BEST.PIC:LES.MISERABLES,Les Miserables?to win Academy Award for Best Picture,71,17.4,Nov/15/2012 17:33:04
766884,BEST.PIC:LES.MISERABLES,Les Miserables?to win Academy Award for Best Picture,20,17.1,Nov/15/2012 17:42:43
766884,BEST.PIC:LES.MISERABLES,Les Miserables?to win Academy Award for Best Picture,10,17.8,Nov/15/2012 18:29:00
766884,BEST.PIC:LES.MISERABLES,Les Miserables?to win Academy Award for Best Picture,10,17.6,Nov/15/2012 18:29:00
766884,BEST.PIC:LES.MISERABLES,Les Miserables?to win Academy Award for Best Picture,20,17.7,Nov/15/2012 18:29:00
766884,BEST.PIC:LES.MISERABLES,Les Miserables?to win Academy Award for Best Picture,10,17.6,Nov/15/2012 18:29:00
766884,BEST.PIC:LES.MISERABLES,Les Miserables?to win Academy Award for Best Picture,78,17.5,Nov/15/2012 21:22:10
766884,BEST.PIC:LES.MISERABLES,Les Miserables?to win Academy Award for Best Picture,13,16.0,Nov/15/2012 21:27:18
766884,BEST.PIC:LES.MISERABLES,Les Miserables?to win Academy Award for Best Picture,20,16.5,Nov/15/2012 21:27:18
766884,BEST.PIC:LES.MISERABLES,Les Miserables?to win Academy Award for Best Picture,1,17.0,Nov/15/2012 21:27:18
766884,BEST.PIC:LES.MISERABLES,Les Miserables?to win Academy Award for Best Picture,9,17.0,Nov/15/2012 21:27:18
766884,BEST.PIC:LES.MISERABLES,Les Miserables?to win Academy Award for Best Picture,1,17.0,Nov/15/2012 21:27:18
766884,BEST.PIC:LES.MISERABLES,Les Miserables?to win Academy Award for Best Picture,1,16.8,Nov/15/2012 21:27:18
766884,BEST.PIC:LES.MISERABLES,Les Miserables?to win Academy Award for Best Picture,1,16.8,Nov/15/2012 21:27:18
766884,BEST.PIC:LES.MISERABLES,Les Miserables?to win Academy Award for Best Picture,22,17.1,Nov/15/2012 21:27:18
766884,BEST.PIC:LES.MISERABLES,Les Miserables?to win Academy Award for Best Picture,5,17.1,Nov/15/2012 21:27:18
766884,BEST.PIC:LES.MISERABLES,Les Miserables?to win Academy Award for Best Picture,10,16.6,Nov/15/2012 21:27:18
766884,BEST.PIC:LES.MISERABLES,Les Miserables?to win Academy Award for Best Picture,15,16.1,Nov/15/2012 21:27:18
766884,BEST.PIC:LES.MISERABLES,Les Miserables?to win Academy Award for Best Picture,25,17.3,Nov/15/2012 21:27:18
766884,BEST.PIC:LES.MISERABLES,Les Miserables?to win Academy Award for Best Picture,10,17.4,Nov/15/2012 21:27:18
766884,BEST.PIC:LES.MISERABLES,Les Miserables?to win Academy Award for Best Picture,22,17.5,Nov/15/2012 21:27:18
766884,BEST.PIC:LES.MISERABLES,Les Miserables?to win Academy Award for Best Picture,45,16.7,Nov/15/2012 21:27:18
766884,BEST.PIC:LES.MISERABLES,Les Miserables?to win Academy Award for Best Picture,10,16.1,Nov/15/2012 21:59:57
766884,BEST.PIC:LES.MISERABLES,Les Miserables?to win Academy Award for Best Picture,24,16.1,Nov/15/2012 22:00:23
766884,BEST.PIC:LES.MISERABLES,Les Miserables?to win Academy Award for Best Picture,7,16.1,Nov/15/2012 22:00:47
766884,BEST.PIC:LES.MISERABLES,Les Miserables?to win Academy Award for Best Picture,59,16.1,Nov/15/2012 22:03:43
766884,BEST.PIC:LES.MISERABLES,Les Miserables?to win Academy Award for Best Picture,10,16.0,Nov/15/2012 22:04:18
766884,BEST.PIC:LES.MISERABLES,Les Miserables?to win Academy Award for Best Picture,21,16.1,Nov/15/2012 22:04:49
766884,BEST.PIC:LES.MISERABLES,Les Miserables?to win Academy Award for Best Picture,1,16.1,Nov/15/2012 22:11:23
766884,BEST.PIC:LES.MISERABLES,Les Miserables?to win Academy Award for Best Picture,19,16.1,Nov/15/2012 22:11:45
766884,BEST.PIC:LES.MISERABLES,Les Miserables?to win Academy Award for Best Picture,1,16.0,Nov/15/2012 22:11:57
766884,BEST.PIC:LES.MISERABLES,Les Miserables?to win Academy Award for Best Picture,16,16.0,Nov/15/2012 22:12:20
766884,BEST.PIC:LES.MISERABLES,Les Miserables?to win Academy Award for Best Picture,10,15.5,Nov/15/2012 22:24:14
766884,BEST.PIC:LES.MISERABLES,Les Miserables?to win Academy Award for Best Picture,1,15.6,Nov/15/2012 22:24:14
766884,BEST.PIC:LES.MISERABLES,Les Miserables?to win Academy Award for Best Picture,5,15.6,Nov/15/2012 22:24:14
766884,BEST.PIC:LES.MISERABLES,Les Miserables?to win Academy Award for Best Picture,6,15.3,Nov/15/2012 22:24:14
766884,BEST.PIC:LES.MISERABLES,Les Miserables?to win Academy Award for Best Picture,1,15.3,Nov/15/2012 22:25:16
766884,BEST.PIC:LES.MISERABLES,Les Miserables?to win Academy Award for Best Picture,4,15.5,Nov/15/2012 22:34:57
766884,BEST.PIC:LES.MISERABLES,Les Miserables?to win Academy Award for Best Picture,6,15.5,Nov/15/2012 22:35:22
766884,BEST.PIC:LES.MISERABLES,Les Miserables?to win Academy Award for Best Picture,20,15.6,Nov/15/2012 22:43:10
766884,BEST.PIC:LES.MISERABLES,Les Miserables?to win Academy Award for Best Picture,10,15.9,Nov/15/2012 22:48:10
766884,BEST.PIC:LES.MISERABLES,Les Miserables?to win Academy Award for Best Picture,54,16.0,Nov/15/2012 22:48:34
766884,BEST.PIC:LES.MISERABLES,Les Miserables?to win Academy Award for Best Picture,10,15.9,Nov/15/2012 22:48:34
766884,BEST.PIC:LES.MISERABLES,Les Miserables?to win Academy Award for Best Picture,10,16.0,Nov/15/2012 22:49:30
766884,BEST.PIC:LES.MISERABLES,Les Miserables?to win Academy Award for Best Picture,10,16.0,Nov/15/2012 22:49:30
766884,BEST.PIC:LES.MISERABLES,Les Miserables?to win Academy Award for Best Picture,6,15.6,Nov/15/2012 22:54:56
766884,BEST.PIC:LES.MISERABLES,Les Miserables?to win Academy Award for Best Picture,5,15.6,Nov/15/2012 23:02:42
766884,BEST.PIC:LES.MISERABLES,Les Miserables?to win Academy Award for Best Picture,10,15.6,Nov/15/2012 23:11:41
766884,BEST.PIC:LES.MISERABLES,Les Miserables?to win Academy Award for Best Picture,20,15.6,Nov/15/2012 23:21:23
766884,BEST.PIC:LES.MISERABLES,Les Miserables?to win Academy Award for Best Picture,40,15.5,Nov/15/2012 23:48:48
766884,BEST.PIC:LES.MISERABLES,Les Miserables?to win Academy Award for Best Picture,2,15.4,Nov/15/2012 23:55:58
766884,BEST.PIC:LES.MISERABLES,Les Miserables?to win Academy Award for Best Picture,3,15.4,Nov/16/2012 00:00:48
766884,BEST.PIC:LES.MISERABLES,Les Miserables?to win Academy Award for Best Picture,2,16.0,Nov/16/2012 00:18:10
766884,BEST.PIC:LES.MISERABLES,Les Miserables?to win Academy Award for Best Picture,1,16.0,Nov/16/2012 00:34:48
766884,BEST.PIC:LES.MISERABLES,Les Miserables?to win Academy Award for Best Picture,10,15.6,Nov/16/2012 00:49:00
766884,BEST.PIC:LES.MISERABLES,Les Miserables?to win Academy Award for Best Picture,10,15.5,Nov/16/2012 00:50:47
766884,BEST.PIC:LES.MISERABLES,Les Miserables?to win Academy Award for Best Picture,7,15.4,Nov/16/2012 00:51:43
766884,BEST.PIC:LES.MISERABLES,Les Miserables?to win Academy Award for Best Picture,4,15.4,Nov/16/2012 00:52:23
766884,BEST.PIC:LES.MISERABLES,Les Miserables?to win Academy Award for Best Picture,25,15.3,Nov/16/2012 00:52:39
766884,BEST.PIC:LES.MISERABLES,Les Miserables?to win Academy Award for Best Picture,10,15.7,Nov/16/2012 01:29:14
766884,BEST.PIC:LES.MISERABLES,Les Miserables?to win Academy Award for Best Picture,10,15.9,Nov/16/2012 01:29:32
766884,BEST.PIC:LES.MISERABLES,Les Miserables?to win Academy Award for Best Picture,10,16.0,Nov/16/2012 01:29:43
766884,BEST.PIC:LES.MISERABLES,Les Miserables?to win Academy Award for Best Picture,7,16.0,Nov/16/2012 01:29:54
766884,BEST.PIC:LES.MISERABLES,Les Miserables?to win Academy Award for Best Picture,10,16.4,Nov/16/2012 01:30:06
766884,BEST.PIC:LES.MISERABLES,Les Miserables?to win Academy Award for Best Picture,53,16.5,Nov/16/2012 01:30:42
766884,BEST.PIC:LES.MISERABLES,Les Miserables?to win Academy Award for Best Picture,10,15.4,Nov/16/2012 02:46:02
766884,BEST.PIC:LES.MISERABLES,Les Miserables?to win Academy Award for Best Picture,4,15.3,Nov/16/2012 02:50:43
766884,BEST.PIC:LES.MISERABLES,Les Miserables?to win Academy Award for Best Picture,50,15.5,Nov/16/2012 04:06:10
766884,BEST.PIC:LES.MISERABLES,Les Miserables?to win Academy Award for Best Picture,50,15.8,Nov/16/2012 04:06:21
766884,BEST.PIC:LES.MISERABLES,Les Miserables?to win Academy Award for Best Picture,50,16.0,Nov/16/2012 04:06:34
766884,BEST.PIC:LES.MISERABLES,Les Miserables?to win Academy Award for Best Picture,1,16.0,Nov/16/2012 04:22:06
766884,BEST.PIC:LES.MISERABLES,Les Miserables?to win Academy Award for Best Picture,50,16.1,Nov/16/2012 04:22:06
766884,BEST.PIC:LES.MISERABLES,Les Miserables?to win Academy Award for Best Picture,50,15.5,Nov/16/2012 06:19:50
766884,BEST.PIC:LES.MISERABLES,Les Miserables?to win Academy Award for Best Picture,50,15.8,Nov/16/2012 06:20:07
766884,BEST.PIC:LES.MISERABLES,Les Miserables?to win Academy Award for Best Picture,10,15.8,Nov/16/2012 07:10:46
766884,BEST.PIC:LES.MISERABLES,Les Miserables?to win Academy Award for Best Picture,30,15.9,Nov/16/2012 07:10:57
766884,BEST.PIC:LES.MISERABLES,Les Miserables?to win Academy Award for Best Picture,93,16.0,Nov/16/2012 07:11:32
766884,BEST.PIC:LES.MISERABLES,Les Miserables?to win Academy Award for Best Picture,50,16.3,Nov/16/2012 07:11:42
766884,BEST.PIC:LES.MISERABLES,Les Miserables?to win Academy Award for Best Picture,25,16.5,Nov/16/2012 07:11:57
766884,BEST.PIC:LES.MISERABLES,Les Miserables?to win Academy Award for Best Picture,10,16.8,Nov/16/2012 07:12:26
766884,BEST.PIC:LES.MISERABLES,Les Miserables?to win Academy Award for Best Picture,1,16.7,Nov/16/2012 13:03:55
766884,BEST.PIC:LES.MISERABLES,Les Miserables?to win Academy Award for Best Picture,1,15.7,Nov/16/2012 13:51:47
766884,BEST.PIC:LES.MISERABLES,Les Miserables?to win Academy Award for Best Picture,20,15.6,Nov/16/2012 13:51:57
766884,BEST.PIC:LES.MISERABLES,Les Miserables?to win Academy Award for Best Picture,29,15.6,Nov/16/2012 13:52:40
766884,BEST.PIC:LES.MISERABLES,Les Miserables?to win Academy Award for Best Picture,1,16.7,Nov/16/2012 14:48:05
766884,BEST.PIC:LES.MISERABLES,Les Miserables?to win Academy Award for Best Picture,1,16.0,Nov/16/2012 15:04:19
766884,BEST.PIC:LES.MISERABLES,Les Miserables?to win Academy Award for Best Picture,24,16.0,Nov/16/2012 15:28:34
766884,BEST.PIC:LES.MISERABLES,Les Miserables?to win Academy Award for Best Picture,19,15.9,Nov/16/2012 15:52:38
766884,BEST.PIC:LES.MISERABLES,Les Miserables?to win Academy Award for Best Picture,1,15.9,Nov/16/2012 15:58:48
766884,BEST.PIC:LES.MISERABLES,Les Miserables?to win Academy Award for Best Picture,6,15.9,Nov/16/2012 16:11:14
766884,BEST.PIC:LES.MISERABLES,Les Miserables?to win Academy Award for Best Picture,10,15.9,Nov/16/2012 16:35:56
766884,BEST.PIC:LES.MISERABLES,Les Miserables?to win Academy Award for Best Picture,16,15.9,Nov/16/2012 17:16:59
766884,BEST.PIC:LES.MISERABLES,Les Miserables?to win Academy Award for Best Picture,65,15.8,Nov/16/2012 17:18:04
766884,BEST.PIC:LES.MISERABLES,Les Miserables?to win Academy Award for Best Picture,35,15.8,Nov/16/2012 17:21:10
766884,BEST.PIC:LES.MISERABLES,Les Miserables?to win Academy Award for Best Picture,100,15.7,Nov/16/2012 19:59:14
766884,BEST.PIC:LES.MISERABLES,Les Miserables?to win Academy Award for Best Picture,17,15.9,Nov/16/2012 20:47:31
766884,BEST.PIC:LES.MISERABLES,Les Miserables?to win Academy Award for Best Picture,11,15.5,Nov/16/2012 21:10:21
766884,BEST.PIC:LES.MISERABLES,Les Miserables?to win Academy Award for Best Picture,100,15.7,Nov/16/2012 21:10:21
766884,BEST.PIC:LES.MISERABLES,Les Miserables?to win Academy Award for Best Picture,20,15.8,Nov/16/2012 21:10:21
766884,BEST.PIC:LES.MISERABLES,Les Miserables?to win Academy Award for Best Picture,1,15.5,Nov/16/2012 23:44:46
766884,BEST.PIC:LES.MISERABLES,Les Miserables?to win Academy Award for Best Picture,15,15.4,Nov/17/2012 00:09:08
766884,BEST.PIC:LES.MISERABLES,Les Miserables?to win Academy Award for Best Picture,20,15.5,Nov/17/2012 00:26:40
766884,BEST.PIC:LES.MISERABLES,Les Miserables?to win Academy Award for Best Picture,48,15.5,Nov/17/2012 00:44:28
766884,BEST.PIC:LES.MISERABLES,Les Miserables?to win Academy Award for Best Picture,152,15.5,Nov/17/2012 01:00:23
766884,BEST.PIC:LES.MISERABLES,Les Miserables?to win Academy Award for Best Picture,25,16.0,Nov/17/2012 01:03:36
766884,BEST.PIC:LES.MISERABLES,Les Miserables?to win Academy Award for Best Picture,22,16.0,Nov/17/2012 01:03:36
766884,BEST.PIC:LES.MISERABLES,Les Miserables?to win Academy Award for Best Picture,53,15.5,Nov/17/2012 01:03:36
766884,BEST.PIC:LES.MISERABLES,Les Miserables?to win Academy Award for Best Picture,3,16.0,Nov/17/2012 01:18:45
766884,BEST.PIC:LES.MISERABLES,Les Miserables?to win Academy Award for Best Picture,50,16.0,Nov/17/2012 01:18:45
766884,BEST.PIC:LES.MISERABLES,Les Miserables?to win Academy Award for Best Picture,5,15.5,Nov/17/2012 02:13:30
766884,BEST.PIC:LES.MISERABLES,Les Miserables?to win Academy Award for Best Picture,50,16.0,Nov/17/2012 05:34:48
766884,BEST.PIC:LES.MISERABLES,Les Miserables?to win Academy Award for Best Picture,3,15.7,Nov/17/2012 09:05:13
766884,BEST.PIC:LES.MISERABLES,Les Miserables?to win Academy Award for Best Picture,3,16.4,Nov/17/2012 09:39:26
766884,BEST.PIC:LES.MISERABLES,Les Miserables?to win Academy Award for Best Picture,50,16.4,Nov/17/2012 09:48:38
766884,BEST.PIC:LES.MISERABLES,Les Miserables?to win Academy Award for Best Picture,1,16.4,Nov/17/2012 15:29:35
766884,BEST.PIC:LES.MISERABLES,Les Miserables?to win Academy Award for Best Picture,19,16.5,Nov/17/2012 15:29:35
766884,BEST.PIC:LES.MISERABLES,Les Miserables?to win Academy Award for Best Picture,5,15.8,Nov/17/2012 15:38:14
766884,BEST.PIC:LES.MISERABLES,Les Miserables?to win Academy Award for Best Picture,5,15.7,Nov/17/2012 15:40:45
766884,BEST.PIC:LES.MISERABLES,Les Miserables?to win Academy Award for Best Picture,5,15.8,Nov/17/2012 15:40:45
766884,BEST.PIC:LES.MISERABLES,Les Miserables?to win Academy Award for Best Picture,5,15.7,Nov/17/2012 15:41:13
766884,BEST.PIC:LES.MISERABLES,Les Miserables?to win Academy Award for Best Picture,10,15.7,Nov/17/2012 15:41:31
766884,BEST.PIC:LES.MISERABLES,Les Miserables?to win Academy Award for Best Picture,5,15.7,Nov/17/2012 15:42:15
766884,BEST.PIC:LES.MISERABLES,Les Miserables?to win Academy Award for Best Picture,6,15.7,Nov/17/2012 15:42:56
766884,BEST.PIC:LES.MISERABLES,Les Miserables?to win Academy Award for Best Picture,6,15.6,Nov/17/2012 16:11:44
766884,BEST.PIC:LES.MISERABLES,Les Miserables?to win Academy Award for Best Picture,31,15.7,Nov/17/2012 16:11:44
766884,BEST.PIC:LES.MISERABLES,Les Miserables?to win Academy Award for Best Picture,1,15.8,Nov/17/2012 16:11:44
766884,BEST.PIC:LES.MISERABLES,Les Miserables?to win Academy Award for Best Picture,1,15.6,Nov/17/2012 16:34:53
766884,BEST.PIC:LES.MISERABLES,Les Miserables?to win Academy Award for Best Picture,22,15.6,Nov/17/2012 16:38:59
766884,BEST.PIC:LES.MISERABLES,Les Miserables?to win Academy Award for Best Picture,6,15.6,Nov/17/2012 16:48:40
766884,BEST.PIC:LES.MISERABLES,Les Miserables?to win Academy Award for Best Picture,1,16.4,Nov/17/2012 17:06:06
766884,BEST.PIC:LES.MISERABLES,Les Miserables?to win Academy Award for Best Picture,1,16.5,Nov/17/2012 17:06:22
766884,BEST.PIC:LES.MISERABLES,Les Miserables?to win Academy Award for Best Picture,5,15.6,Nov/17/2012 17:36:31
766884,BEST.PIC:LES.MISERABLES,Les Miserables?to win Academy Award for Best Picture,3,15.6,Nov/17/2012 17:36:31
766884,BEST.PIC:LES.MISERABLES,Les Miserables?to win Academy Award for Best Picture,20,15.6,Nov/17/2012 17:36:31
766884,BEST.PIC:LES.MISERABLES,Les Miserables?to win Academy Award for Best Picture,1,15.7,Nov/17/2012 17:36:31
766884,BEST.PIC:LES.MISERABLES,Les Miserables?to win Academy Award for Best Picture,21,15.5,Nov/17/2012 18:34:21
766884,BEST.PIC:LES.MISERABLES,Les Miserables?to win Academy Award for Best Picture,1,15.4,Nov/17/2012 19:51:47
766884,BEST.PIC:LES.MISERABLES,Les Miserables?to win Academy Award for Best Picture,4,15.4,Nov/17/2012 19:53:35
766884,BEST.PIC:LES.MISERABLES,Les Miserables?to win Academy Award for Best Picture,5,15.4,Nov/17/2012 19:53:35
766884,BEST.PIC:LES.MISERABLES,Les Miserables?to win Academy Award for Best Picture,21,15.3,Nov/17/2012 19:57:09
766884,BEST.PIC:LES.MISERABLES,Les Miserables?to win Academy Award for Best Picture,14,15.2,Nov/17/2012 19:57:09
766884,BEST.PIC:LES.MISERABLES,Les Miserables?to win Academy Award for Best Picture,15,15.4,Nov/17/2012 19:57:09
766884,BEST.PIC:LES.MISERABLES,Les Miserables?to win Academy Award for Best Picture,50,15.5,Nov/17/2012 19:58:49
766884,BEST.PIC:LES.MISERABLES,Les Miserables?to win Academy Award for Best Picture,1,15.3,Nov/17/2012 20:03:53
766884,BEST.PIC:LES.MISERABLES,Les Miserables?to win Academy Award for Best Picture,1,15.2,Nov/17/2012 20:09:14
766884,BEST.PIC:LES.MISERABLES,Les Miserables?to win Academy Award for Best Picture,49,15.3,Nov/17/2012 20:09:14
766884,BEST.PIC:LES.MISERABLES,Les Miserables?to win Academy Award for Best Picture,50,15.5,Nov/17/2012 20:45:45
766884,BEST.PIC:LES.MISERABLES,Les Miserables?to win Academy Award for Best Picture,50,15.5,Nov/18/2012 03:02:08
766884,BEST.PIC:LES.MISERABLES,Les Miserables?to win Academy Award for Best Picture,49,16.0,Nov/18/2012 03:50:13
766884,BEST.PIC:LES.MISERABLES,Les Miserables?to win Academy Award for Best Picture,1,15.9,Nov/18/2012 03:50:13
766884,BEST.PIC:LES.MISERABLES,Les Miserables?to win Academy Award for Best Picture,2,15.4,Nov/18/2012 06:43:10
766884,BEST.PIC:LES.MISERABLES,Les Miserables?to win Academy Award for Best Picture,50,15.5,Nov/18/2012 07:02:40
766884,BEST.PIC:LES.MISERABLES,Les Miserables?to win Academy Award for Best Picture,25,15.5,Nov/18/2012 07:04:58
766884,BEST.PIC:LES.MISERABLES,Les Miserables?to win Academy Award for Best Picture,25,15.5,Nov/18/2012 07:24:18
766884,BEST.PIC:LES.MISERABLES,Les Miserables?to win Academy Award for Best Picture,25,15.8,Nov/18/2012 12:11:37
766884,BEST.PIC:LES.MISERABLES,Les Miserables?to win Academy Award for Best Picture,25,15.9,Nov/18/2012 12:11:43
766884,BEST.PIC:LES.MISERABLES,Les Miserables?to win Academy Award for Best Picture,1,16.0,Nov/18/2012 12:11:53
766884,BEST.PIC:LES.MISERABLES,Les Miserables?to win Academy Award for Best Picture,49,16.0,Nov/18/2012 12:11:53
766884,BEST.PIC:LES.MISERABLES,Les Miserables?to win Academy Award for Best Picture,31,15.6,Nov/18/2012 20:28:48
766884,BEST.PIC:LES.MISERABLES,Les Miserables?to win Academy Award for Best Picture,6,15.2,Nov/18/2012 23:07:21
766884,BEST.PIC:LES.MISERABLES,Les Miserables?to win Academy Award for Best Picture,10,15.3,Nov/18/2012 23:07:21
766884,BEST.PIC:LES.MISERABLES,Les Miserables?to win Academy Award for Best Picture,98,15.4,Nov/18/2012 23:07:21
766884,BEST.PIC:LES.MISERABLES,Les Miserables?to win Academy Award for Best Picture,1,15.5,Nov/18/2012 23:07:21
766884,BEST.PIC:LES.MISERABLES,Les Miserables?to win Academy Award for Best Picture,100,15.5,Nov/18/2012 23:07:21
766884,BEST.PIC:LES.MISERABLES,Les Miserables?to win Academy Award for Best Picture,10,15.5,Nov/18/2012 23:07:21
766884,BEST.PIC:LES.MISERABLES,Les Miserables?to win Academy Award for Best Picture,25,15.6,Nov/18/2012 23:07:21
766884,BEST.PIC:LES.MISERABLES,Les Miserables?to win Academy Award for Best Picture,25,15.7,Nov/19/2012 00:44:55
766884,BEST.PIC:LES.MISERABLES,Les Miserables?to win Academy Award for Best Picture,5,15.6,Nov/19/2012 00:44:55
766884,BEST.PIC:LES.MISERABLES,Les Miserables?to win Academy Award for Best Picture,20,15.7,Nov/19/2012 01:19:43
766884,BEST.PIC:LES.MISERABLES,Les Miserables?to win Academy Award for Best Picture,2,15.2,Nov/19/2012 03:48:34
766884,BEST.PIC:LES.MISERABLES,Les Miserables?to win Academy Award for Best Picture,1,15.6,Nov/19/2012 04:29:03
766884,BEST.PIC:LES.MISERABLES,Les Miserables?to win Academy Award for Best Picture,29,15.6,Nov/19/2012 04:29:11
766884,BEST.PIC:LES.MISERABLES,Les Miserables?to win Academy Award for Best Picture,25,15.6,Nov/19/2012 05:25:48
