market id,market symbol,market name,trade quantity,trade price,date/time [utc]
766883,BEST.PIC:HOBBIT,The Hobbit?to win Academy Award for Best Picture,10,0.2,Oct/26/2012 17:34:58
766883,BEST.PIC:HOBBIT,The Hobbit?to win Academy Award for Best Picture,10,0.2,Oct/27/2012 16:11:30
766883,BEST.PIC:HOBBIT,The Hobbit?to win Academy Award for Best Picture,1,0.2,Oct/28/2012 06:30:15
766883,BEST.PIC:HOBBIT,The Hobbit?to win Academy Award for Best Picture,5,0.3,Oct/28/2012 08:07:30
766883,BEST.PIC:HOBBIT,The Hobbit?to win Academy Award for Best Picture,5,0.3,Oct/30/2012 13:00:04
766883,BEST.PIC:HOBBIT,The Hobbit?to win Academy Award for Best Picture,10,0.3,Oct/30/2012 13:00:04
766883,BEST.PIC:HOBBIT,The Hobbit?to win Academy Award for Best Picture,50,0.3,Oct/30/2012 22:40:53
766883,BEST.PIC:HOBBIT,The Hobbit?to win Academy Award for Best Picture,58,0.3,Oct/31/2012 05:39:58
766883,BEST.PIC:HOBBIT,The Hobbit?to win Academy Award for Best Picture,10,0.4,Nov/01/2012 13:16:15
766883,BEST.PIC:HOBBIT,The Hobbit?to win Academy Award for Best Picture,10,0.4,Nov/01/2012 13:16:15
766883,BEST.PIC:HOBBIT,The Hobbit?to win Academy Award for Best Picture,20,0.4,Nov/01/2012 13:16:15
766883,BEST.PIC:HOBBIT,The Hobbit?to win Academy Award for Best Picture,9,0.4,Nov/01/2012 14:19:57
766883,BEST.PIC:HOBBIT,The Hobbit?to win Academy Award for Best Picture,10,0.4,Nov/01/2012 16:41:23
766883,BEST.PIC:HOBBIT,The Hobbit?to win Academy Award for Best Picture,10,0.5,Nov/01/2012 16:41:37
766883,BEST.PIC:HOBBIT,The Hobbit?to win Academy Award for Best Picture,20,0.6,Nov/01/2012 16:41:51
766883,BEST.PIC:HOBBIT,The Hobbit?to win Academy Award for Best Picture,20,0.8,Nov/01/2012 16:55:17
766883,BEST.PIC:HOBBIT,The Hobbit?to win Academy Award for Best Picture,10,0.9,Nov/01/2012 16:55:33
766883,BEST.PIC:HOBBIT,The Hobbit?to win Academy Award for Best Picture,10,0.9,Nov/01/2012 16:55:33
766883,BEST.PIC:HOBBIT,The Hobbit?to win Academy Award for Best Picture,10,1.0,Nov/01/2012 22:43:01
766883,BEST.PIC:HOBBIT,The Hobbit?to win Academy Award for Best Picture,20,1.0,Nov/01/2012 22:43:01
766883,BEST.PIC:HOBBIT,The Hobbit?to win Academy Award for Best Picture,10,1.5,Nov/01/2012 23:56:36
766883,BEST.PIC:HOBBIT,The Hobbit?to win Academy Award for Best Picture,20,1.5,Nov/01/2012 23:56:36
766883,BEST.PIC:HOBBIT,The Hobbit?to win Academy Award for Best Picture,10,2.0,Nov/01/2012 23:57:49
766883,BEST.PIC:HOBBIT,The Hobbit?to win Academy Award for Best Picture,10,2.0,Nov/02/2012 12:20:22
766883,BEST.PIC:HOBBIT,The Hobbit?to win Academy Award for Best Picture,1,2.5,Nov/02/2012 12:20:32
766883,BEST.PIC:HOBBIT,The Hobbit?to win Academy Award for Best Picture,9,2.5,Nov/02/2012 21:58:49
766883,BEST.PIC:HOBBIT,The Hobbit?to win Academy Award for Best Picture,20,2.5,Nov/02/2012 21:58:49
766883,BEST.PIC:HOBBIT,The Hobbit?to win Academy Award for Best Picture,2,3.0,Nov/02/2012 22:00:06
766883,BEST.PIC:HOBBIT,The Hobbit?to win Academy Award for Best Picture,2,3.0,Nov/03/2012 01:26:20
766883,BEST.PIC:HOBBIT,The Hobbit?to win Academy Award for Best Picture,40,1.9,Nov/04/2012 17:30:55
766883,BEST.PIC:HOBBIT,The Hobbit?to win Academy Award for Best Picture,10,1.5,Nov/04/2012 17:30:55
766883,BEST.PIC:HOBBIT,The Hobbit?to win Academy Award for Best Picture,20,1.4,Nov/04/2012 17:30:55
766883,BEST.PIC:HOBBIT,The Hobbit?to win Academy Award for Best Picture,20,1.5,Nov/04/2012 17:30:55
766883,BEST.PIC:HOBBIT,The Hobbit?to win Academy Award for Best Picture,10,1.4,Nov/04/2012 17:30:55
766883,BEST.PIC:HOBBIT,The Hobbit?to win Academy Award for Best Picture,4,1.8,Nov/04/2012 23:31:19
766883,BEST.PIC:HOBBIT,The Hobbit?to win Academy Award for Best Picture,10,1.6,Nov/05/2012 16:24:44
766883,BEST.PIC:HOBBIT,The Hobbit?to win Academy Award for Best Picture,5,1.6,Nov/05/2012 16:24:44
766883,BEST.PIC:HOBBIT,The Hobbit?to win Academy Award for Best Picture,1,1.6,Nov/05/2012 20:48:57
766883,BEST.PIC:HOBBIT,The Hobbit?to win Academy Award for Best Picture,1,1.0,Nov/06/2012 07:46:07
766883,BEST.PIC:HOBBIT,The Hobbit?to win Academy Award for Best Picture,3,1.5,Nov/07/2012 12:16:43
766883,BEST.PIC:HOBBIT,The Hobbit?to win Academy Award for Best Picture,7,1.5,Nov/07/2012 14:30:55
766883,BEST.PIC:HOBBIT,The Hobbit?to win Academy Award for Best Picture,20,1.9,Nov/07/2012 14:31:21
766883,BEST.PIC:HOBBIT,The Hobbit?to win Academy Award for Best Picture,30,1.9,Nov/07/2012 14:39:54
766883,BEST.PIC:HOBBIT,The Hobbit?to win Academy Award for Best Picture,110,1.9,Nov/07/2012 15:01:04
766883,BEST.PIC:HOBBIT,The Hobbit?to win Academy Award for Best Picture,10,1.9,Nov/07/2012 15:01:04
766883,BEST.PIC:HOBBIT,The Hobbit?to win Academy Award for Best Picture,4,1.5,Nov/07/2012 16:12:08
766883,BEST.PIC:HOBBIT,The Hobbit?to win Academy Award for Best Picture,10,1.0,Nov/07/2012 16:53:54
766883,BEST.PIC:HOBBIT,The Hobbit?to win Academy Award for Best Picture,10,1.5,Nov/07/2012 16:54:01
766883,BEST.PIC:HOBBIT,The Hobbit?to win Academy Award for Best Picture,6,1.5,Nov/07/2012 16:54:13
766883,BEST.PIC:HOBBIT,The Hobbit?to win Academy Award for Best Picture,90,1.9,Nov/07/2012 18:15:03
766883,BEST.PIC:HOBBIT,The Hobbit?to win Academy Award for Best Picture,20,1.5,Nov/07/2012 18:15:03
766883,BEST.PIC:HOBBIT,The Hobbit?to win Academy Award for Best Picture,10,2.0,Nov/07/2012 18:27:40
766883,BEST.PIC:HOBBIT,The Hobbit?to win Academy Award for Best Picture,10,2.5,Nov/07/2012 18:27:59
766883,BEST.PIC:HOBBIT,The Hobbit?to win Academy Award for Best Picture,10,1.0,Nov/07/2012 18:58:48
766883,BEST.PIC:HOBBIT,The Hobbit?to win Academy Award for Best Picture,5,1.0,Nov/07/2012 18:58:48
766883,BEST.PIC:HOBBIT,The Hobbit?to win Academy Award for Best Picture,10,1.5,Nov/07/2012 19:03:19
766883,BEST.PIC:HOBBIT,The Hobbit?to win Academy Award for Best Picture,4,1.5,Nov/07/2012 19:23:46
766883,BEST.PIC:HOBBIT,The Hobbit?to win Academy Award for Best Picture,5,1.4,Nov/07/2012 19:55:20
766883,BEST.PIC:HOBBIT,The Hobbit?to win Academy Award for Best Picture,10,1.0,Nov/07/2012 20:51:24
766883,BEST.PIC:HOBBIT,The Hobbit?to win Academy Award for Best Picture,7,1.4,Nov/07/2012 21:53:49
766883,BEST.PIC:HOBBIT,The Hobbit?to win Academy Award for Best Picture,40,0.8,Nov/07/2012 22:25:15
766883,BEST.PIC:HOBBIT,The Hobbit?to win Academy Award for Best Picture,24,0.8,Nov/07/2012 22:25:15
766883,BEST.PIC:HOBBIT,The Hobbit?to win Academy Award for Best Picture,10,1.0,Nov/07/2012 23:49:25
766883,BEST.PIC:HOBBIT,The Hobbit?to win Academy Award for Best Picture,20,1.2,Nov/07/2012 23:51:50
766883,BEST.PIC:HOBBIT,The Hobbit?to win Academy Award for Best Picture,22,1.3,Nov/08/2012 00:24:03
766883,BEST.PIC:HOBBIT,The Hobbit?to win Academy Award for Best Picture,11,1.4,Nov/08/2012 00:24:18
766883,BEST.PIC:HOBBIT,The Hobbit?to win Academy Award for Best Picture,10,1.4,Nov/08/2012 00:24:18
766883,BEST.PIC:HOBBIT,The Hobbit?to win Academy Award for Best Picture,16,1.5,Nov/08/2012 00:24:27
766883,BEST.PIC:HOBBIT,The Hobbit?to win Academy Award for Best Picture,18,1.9,Nov/08/2012 00:24:38
766883,BEST.PIC:HOBBIT,The Hobbit?to win Academy Award for Best Picture,10,2.0,Nov/08/2012 00:24:47
766883,BEST.PIC:HOBBIT,The Hobbit?to win Academy Award for Best Picture,10,2.3,Nov/08/2012 00:24:56
766883,BEST.PIC:HOBBIT,The Hobbit?to win Academy Award for Best Picture,20,2.4,Nov/08/2012 00:25:07
766883,BEST.PIC:HOBBIT,The Hobbit?to win Academy Award for Best Picture,10,2.4,Nov/08/2012 00:25:07
766883,BEST.PIC:HOBBIT,The Hobbit?to win Academy Award for Best Picture,20,2.5,Nov/08/2012 00:25:16
766883,BEST.PIC:HOBBIT,The Hobbit?to win Academy Award for Best Picture,10,2.5,Nov/08/2012 00:25:16
766883,BEST.PIC:HOBBIT,The Hobbit?to win Academy Award for Best Picture,6,3.0,Nov/08/2012 00:25:26
766883,BEST.PIC:HOBBIT,The Hobbit?to win Academy Award for Best Picture,10,3.0,Nov/08/2012 00:25:26
766883,BEST.PIC:HOBBIT,The Hobbit?to win Academy Award for Best Picture,10,3.5,Nov/08/2012 00:25:34
766883,BEST.PIC:HOBBIT,The Hobbit?to win Academy Award for Best Picture,10,4.0,Nov/08/2012 00:25:48
766883,BEST.PIC:HOBBIT,The Hobbit?to win Academy Award for Best Picture,20,3.5,Nov/08/2012 00:25:48
766883,BEST.PIC:HOBBIT,The Hobbit?to win Academy Award for Best Picture,20,3.5,Nov/08/2012 00:26:04
766883,BEST.PIC:HOBBIT,The Hobbit?to win Academy Award for Best Picture,20,3.5,Nov/08/2012 00:26:26
766883,BEST.PIC:HOBBIT,The Hobbit?to win Academy Award for Best Picture,20,3.5,Nov/08/2012 00:27:56
766883,BEST.PIC:HOBBIT,The Hobbit?to win Academy Award for Best Picture,20,4.0,Nov/08/2012 00:28:09
766883,BEST.PIC:HOBBIT,The Hobbit?to win Academy Award for Best Picture,10,4.0,Nov/08/2012 00:28:25
766883,BEST.PIC:HOBBIT,The Hobbit?to win Academy Award for Best Picture,20,4.0,Nov/08/2012 00:28:36
766883,BEST.PIC:HOBBIT,The Hobbit?to win Academy Award for Best Picture,20,4.0,Nov/08/2012 00:28:56
766883,BEST.PIC:HOBBIT,The Hobbit?to win Academy Award for Best Picture,10,4.0,Nov/08/2012 00:42:35
766883,BEST.PIC:HOBBIT,The Hobbit?to win Academy Award for Best Picture,20,4.0,Nov/08/2012 00:42:35
766883,BEST.PIC:HOBBIT,The Hobbit?to win Academy Award for Best Picture,10,4.5,Nov/08/2012 03:18:22
766883,BEST.PIC:HOBBIT,The Hobbit?to win Academy Award for Best Picture,100,4.7,Nov/08/2012 03:18:22
766883,BEST.PIC:HOBBIT,The Hobbit?to win Academy Award for Best Picture,10,4.5,Nov/08/2012 03:18:22
766883,BEST.PIC:HOBBIT,The Hobbit?to win Academy Award for Best Picture,20,4.0,Nov/08/2012 03:18:22
766883,BEST.PIC:HOBBIT,The Hobbit?to win Academy Award for Best Picture,10,9.0,Nov/08/2012 03:19:19
766883,BEST.PIC:HOBBIT,The Hobbit?to win Academy Award for Best Picture,10,8.0,Nov/08/2012 03:19:19
766883,BEST.PIC:HOBBIT,The Hobbit?to win Academy Award for Best Picture,10,7.0,Nov/08/2012 03:19:19
766883,BEST.PIC:HOBBIT,The Hobbit?to win Academy Award for Best Picture,10,6.0,Nov/08/2012 03:19:19
766883,BEST.PIC:HOBBIT,The Hobbit?to win Academy Award for Best Picture,20,5.0,Nov/08/2012 03:19:19
766883,BEST.PIC:HOBBIT,The Hobbit?to win Academy Award for Best Picture,20,5.0,Nov/08/2012 03:19:19
766883,BEST.PIC:HOBBIT,The Hobbit?to win Academy Award for Best Picture,20,7.0,Nov/08/2012 03:19:19
766883,BEST.PIC:HOBBIT,The Hobbit?to win Academy Award for Best Picture,1,2.0,Nov/08/2012 03:56:30
766883,BEST.PIC:HOBBIT,The Hobbit?to win Academy Award for Best Picture,9,2.0,Nov/08/2012 04:01:58
766883,BEST.PIC:HOBBIT,The Hobbit?to win Academy Award for Best Picture,10,3.0,Nov/08/2012 04:28:36
766883,BEST.PIC:HOBBIT,The Hobbit?to win Academy Award for Best Picture,10,3.0,Nov/08/2012 04:28:36
766883,BEST.PIC:HOBBIT,The Hobbit?to win Academy Award for Best Picture,10,3.5,Nov/08/2012 04:53:53
766883,BEST.PIC:HOBBIT,The Hobbit?to win Academy Award for Best Picture,90,3.5,Nov/08/2012 04:59:31
766883,BEST.PIC:HOBBIT,The Hobbit?to win Academy Award for Best Picture,10,2.9,Nov/08/2012 07:01:55
766883,BEST.PIC:HOBBIT,The Hobbit?to win Academy Award for Best Picture,30,2.9,Nov/08/2012 07:21:12
766883,BEST.PIC:HOBBIT,The Hobbit?to win Academy Award for Best Picture,6,3.0,Nov/08/2012 10:02:00
766883,BEST.PIC:HOBBIT,The Hobbit?to win Academy Award for Best Picture,1,2.5,Nov/08/2012 11:23:04
766883,BEST.PIC:HOBBIT,The Hobbit?to win Academy Award for Best Picture,2,2.5,Nov/08/2012 11:56:45
766883,BEST.PIC:HOBBIT,The Hobbit?to win Academy Award for Best Picture,10,2.5,Nov/08/2012 12:02:45
766883,BEST.PIC:HOBBIT,The Hobbit?to win Academy Award for Best Picture,8,2.5,Nov/08/2012 12:10:19
766883,BEST.PIC:HOBBIT,The Hobbit?to win Academy Award for Best Picture,2,2.5,Nov/08/2012 12:10:45
766883,BEST.PIC:HOBBIT,The Hobbit?to win Academy Award for Best Picture,10,2.5,Nov/08/2012 12:12:51
766883,BEST.PIC:HOBBIT,The Hobbit?to win Academy Award for Best Picture,5,2.5,Nov/08/2012 12:19:53
766883,BEST.PIC:HOBBIT,The Hobbit?to win Academy Award for Best Picture,2,2.5,Nov/08/2012 12:20:46
766883,BEST.PIC:HOBBIT,The Hobbit?to win Academy Award for Best Picture,8,0.8,Nov/08/2012 12:31:24
766883,BEST.PIC:HOBBIT,The Hobbit?to win Academy Award for Best Picture,1,0.8,Nov/08/2012 12:41:13
766883,BEST.PIC:HOBBIT,The Hobbit?to win Academy Award for Best Picture,10,1.3,Nov/08/2012 18:56:38
766883,BEST.PIC:HOBBIT,The Hobbit?to win Academy Award for Best Picture,20,1.3,Nov/08/2012 18:56:38
766883,BEST.PIC:HOBBIT,The Hobbit?to win Academy Award for Best Picture,5,1.1,Nov/08/2012 18:59:38
766883,BEST.PIC:HOBBIT,The Hobbit?to win Academy Award for Best Picture,14,1.1,Nov/08/2012 19:13:21
766883,BEST.PIC:HOBBIT,The Hobbit?to win Academy Award for Best Picture,10,1.5,Nov/08/2012 19:27:27
766883,BEST.PIC:HOBBIT,The Hobbit?to win Academy Award for Best Picture,30,1.4,Nov/08/2012 19:27:27
766883,BEST.PIC:HOBBIT,The Hobbit?to win Academy Award for Best Picture,10,1.4,Nov/08/2012 19:27:27
766883,BEST.PIC:HOBBIT,The Hobbit?to win Academy Award for Best Picture,20,1.2,Nov/08/2012 20:03:52
766883,BEST.PIC:HOBBIT,The Hobbit?to win Academy Award for Best Picture,10,1.3,Nov/08/2012 23:31:49
766883,BEST.PIC:HOBBIT,The Hobbit?to win Academy Award for Best Picture,15,1.3,Nov/08/2012 23:32:09
766883,BEST.PIC:HOBBIT,The Hobbit?to win Academy Award for Best Picture,24,1.8,Nov/08/2012 23:37:36
766883,BEST.PIC:HOBBIT,The Hobbit?to win Academy Award for Best Picture,15,1.5,Nov/09/2012 00:01:53
766883,BEST.PIC:HOBBIT,The Hobbit?to win Academy Award for Best Picture,10,1.5,Nov/09/2012 00:59:01
766883,BEST.PIC:HOBBIT,The Hobbit?to win Academy Award for Best Picture,6,1.5,Nov/09/2012 01:51:18
766883,BEST.PIC:HOBBIT,The Hobbit?to win Academy Award for Best Picture,4,1.3,Nov/09/2012 02:34:47
766883,BEST.PIC:HOBBIT,The Hobbit?to win Academy Award for Best Picture,1,1.4,Nov/09/2012 03:31:26
766883,BEST.PIC:HOBBIT,The Hobbit?to win Academy Award for Best Picture,1,1.8,Nov/09/2012 03:46:19
766883,BEST.PIC:HOBBIT,The Hobbit?to win Academy Award for Best Picture,150,1.9,Nov/09/2012 03:46:36
766883,BEST.PIC:HOBBIT,The Hobbit?to win Academy Award for Best Picture,10,2.0,Nov/09/2012 03:48:45
766883,BEST.PIC:HOBBIT,The Hobbit?to win Academy Award for Best Picture,25,2.4,Nov/09/2012 03:48:57
766883,BEST.PIC:HOBBIT,The Hobbit?to win Academy Award for Best Picture,10,2.5,Nov/09/2012 03:49:43
766883,BEST.PIC:HOBBIT,The Hobbit?to win Academy Award for Best Picture,70,2.8,Nov/09/2012 03:50:15
766883,BEST.PIC:HOBBIT,The Hobbit?to win Academy Award for Best Picture,10,2.9,Nov/09/2012 03:50:57
766883,BEST.PIC:HOBBIT,The Hobbit?to win Academy Award for Best Picture,10,2.9,Nov/09/2012 03:50:57
766883,BEST.PIC:HOBBIT,The Hobbit?to win Academy Award for Best Picture,10,3.0,Nov/09/2012 03:51:46
766883,BEST.PIC:HOBBIT,The Hobbit?to win Academy Award for Best Picture,1,1.9,Nov/09/2012 06:29:41
766883,BEST.PIC:HOBBIT,The Hobbit?to win Academy Award for Best Picture,1,2.0,Nov/09/2012 06:35:33
766883,BEST.PIC:HOBBIT,The Hobbit?to win Academy Award for Best Picture,1,1.9,Nov/09/2012 06:41:45
766883,BEST.PIC:HOBBIT,The Hobbit?to win Academy Award for Best Picture,8,1.9,Nov/09/2012 06:46:46
766883,BEST.PIC:HOBBIT,The Hobbit?to win Academy Award for Best Picture,10,1.9,Nov/09/2012 06:55:28
766883,BEST.PIC:HOBBIT,The Hobbit?to win Academy Award for Best Picture,4,2.1,Nov/09/2012 07:03:56
766883,BEST.PIC:HOBBIT,The Hobbit?to win Academy Award for Best Picture,11,2.1,Nov/09/2012 07:31:46
766883,BEST.PIC:HOBBIT,The Hobbit?to win Academy Award for Best Picture,10,2.0,Nov/09/2012 07:34:49
766883,BEST.PIC:HOBBIT,The Hobbit?to win Academy Award for Best Picture,1,2.0,Nov/09/2012 10:03:03
766883,BEST.PIC:HOBBIT,The Hobbit?to win Academy Award for Best Picture,5,1.9,Nov/09/2012 10:44:18
766883,BEST.PIC:HOBBIT,The Hobbit?to win Academy Award for Best Picture,4,1.9,Nov/09/2012 10:44:53
766883,BEST.PIC:HOBBIT,The Hobbit?to win Academy Award for Best Picture,600,1.7,Nov/09/2012 10:45:27
766883,BEST.PIC:HOBBIT,The Hobbit?to win Academy Award for Best Picture,30,1.8,Nov/09/2012 10:45:27
766883,BEST.PIC:HOBBIT,The Hobbit?to win Academy Award for Best Picture,20,1.8,Nov/09/2012 10:45:27
766883,BEST.PIC:HOBBIT,The Hobbit?to win Academy Award for Best Picture,62,1.8,Nov/09/2012 10:45:27
766883,BEST.PIC:HOBBIT,The Hobbit?to win Academy Award for Best Picture,71,1.9,Nov/09/2012 10:45:27
766883,BEST.PIC:HOBBIT,The Hobbit?to win Academy Award for Best Picture,600,1.5,Nov/09/2012 10:47:06
766883,BEST.PIC:HOBBIT,The Hobbit?to win Academy Award for Best Picture,30,1.6,Nov/09/2012 10:47:06
766883,BEST.PIC:HOBBIT,The Hobbit?to win Academy Award for Best Picture,1,1.5,Nov/09/2012 13:44:01
766883,BEST.PIC:HOBBIT,The Hobbit?to win Academy Award for Best Picture,17,1.7,Nov/09/2012 15:51:30
766883,BEST.PIC:HOBBIT,The Hobbit?to win Academy Award for Best Picture,90,1.9,Nov/09/2012 15:52:36
766883,BEST.PIC:HOBBIT,The Hobbit?to win Academy Award for Best Picture,40,2.4,Nov/09/2012 15:55:05
766883,BEST.PIC:HOBBIT,The Hobbit?to win Academy Award for Best Picture,90,2.4,Nov/09/2012 16:08:22
766883,BEST.PIC:HOBBIT,The Hobbit?to win Academy Award for Best Picture,10,1.8,Nov/09/2012 16:14:10
766883,BEST.PIC:HOBBIT,The Hobbit?to win Academy Award for Best Picture,40,2.0,Nov/09/2012 16:29:58
766883,BEST.PIC:HOBBIT,The Hobbit?to win Academy Award for Best Picture,80,2.4,Nov/09/2012 16:44:36
766883,BEST.PIC:HOBBIT,The Hobbit?to win Academy Award for Best Picture,20,2.3,Nov/09/2012 16:44:36
766883,BEST.PIC:HOBBIT,The Hobbit?to win Academy Award for Best Picture,11,2.0,Nov/09/2012 17:03:08
766883,BEST.PIC:HOBBIT,The Hobbit?to win Academy Award for Best Picture,8,2.1,Nov/09/2012 17:45:02
766883,BEST.PIC:HOBBIT,The Hobbit?to win Academy Award for Best Picture,88,2.4,Nov/09/2012 17:45:06
766883,BEST.PIC:HOBBIT,The Hobbit?to win Academy Award for Best Picture,2,2.1,Nov/09/2012 17:45:06
766883,BEST.PIC:HOBBIT,The Hobbit?to win Academy Award for Best Picture,10,2.3,Nov/09/2012 17:45:06
766883,BEST.PIC:HOBBIT,The Hobbit?to win Academy Award for Best Picture,102,2.0,Nov/09/2012 18:06:07
766883,BEST.PIC:HOBBIT,The Hobbit?to win Academy Award for Best Picture,5,2.1,Nov/09/2012 18:06:07
766883,BEST.PIC:HOBBIT,The Hobbit?to win Academy Award for Best Picture,10,2.3,Nov/09/2012 18:09:03
766883,BEST.PIC:HOBBIT,The Hobbit?to win Academy Award for Best Picture,82,2.4,Nov/09/2012 18:09:17
766883,BEST.PIC:HOBBIT,The Hobbit?to win Academy Award for Best Picture,20,2.5,Nov/09/2012 18:09:54
766883,BEST.PIC:HOBBIT,The Hobbit?to win Academy Award for Best Picture,20,3.0,Nov/09/2012 18:10:08
766883,BEST.PIC:HOBBIT,The Hobbit?to win Academy Award for Best Picture,10,3.5,Nov/09/2012 18:10:19
766883,BEST.PIC:HOBBIT,The Hobbit?to win Academy Award for Best Picture,10,4.0,Nov/09/2012 18:10:29
766883,BEST.PIC:HOBBIT,The Hobbit?to win Academy Award for Best Picture,10,4.0,Nov/09/2012 18:10:29
766883,BEST.PIC:HOBBIT,The Hobbit?to win Academy Award for Best Picture,10,4.0,Nov/09/2012 18:10:49
766883,BEST.PIC:HOBBIT,The Hobbit?to win Academy Award for Best Picture,20,4.0,Nov/09/2012 18:11:18
766883,BEST.PIC:HOBBIT,The Hobbit?to win Academy Award for Best Picture,10,4.0,Nov/09/2012 18:11:32
766883,BEST.PIC:HOBBIT,The Hobbit?to win Academy Award for Best Picture,20,4.0,Nov/09/2012 18:11:43
766883,BEST.PIC:HOBBIT,The Hobbit?to win Academy Award for Best Picture,10,4.5,Nov/09/2012 18:11:52
766883,BEST.PIC:HOBBIT,The Hobbit?to win Academy Award for Best Picture,20,4.5,Nov/09/2012 18:13:15
766883,BEST.PIC:HOBBIT,The Hobbit?to win Academy Award for Best Picture,30,4.5,Nov/09/2012 18:14:59
766883,BEST.PIC:HOBBIT,The Hobbit?to win Academy Award for Best Picture,10,4.5,Nov/09/2012 18:14:59
766883,BEST.PIC:HOBBIT,The Hobbit?to win Academy Award for Best Picture,20,4.0,Nov/09/2012 18:39:09
766883,BEST.PIC:HOBBIT,The Hobbit?to win Academy Award for Best Picture,20,4.0,Nov/09/2012 18:39:09
766883,BEST.PIC:HOBBIT,The Hobbit?to win Academy Award for Best Picture,50,4.4,Nov/09/2012 18:39:21
766883,BEST.PIC:HOBBIT,The Hobbit?to win Academy Award for Best Picture,10,4.4,Nov/09/2012 18:39:21
766883,BEST.PIC:HOBBIT,The Hobbit?to win Academy Award for Best Picture,30,4.5,Nov/09/2012 18:44:25
766883,BEST.PIC:HOBBIT,The Hobbit?to win Academy Award for Best Picture,10,2.1,Nov/09/2012 18:47:14
766883,BEST.PIC:HOBBIT,The Hobbit?to win Academy Award for Best Picture,90,2.9,Nov/09/2012 19:29:53
766883,BEST.PIC:HOBBIT,The Hobbit?to win Academy Award for Best Picture,10,2.8,Nov/09/2012 19:29:53
766883,BEST.PIC:HOBBIT,The Hobbit?to win Academy Award for Best Picture,80,3.4,Nov/09/2012 19:30:32
766883,BEST.PIC:HOBBIT,The Hobbit?to win Academy Award for Best Picture,10,3.0,Nov/09/2012 19:30:32
766883,BEST.PIC:HOBBIT,The Hobbit?to win Academy Award for Best Picture,10,3.3,Nov/09/2012 19:30:32
766883,BEST.PIC:HOBBIT,The Hobbit?to win Academy Award for Best Picture,1,3.0,Nov/09/2012 20:32:39
766883,BEST.PIC:HOBBIT,The Hobbit?to win Academy Award for Best Picture,10,3.3,Nov/09/2012 21:24:54
766883,BEST.PIC:HOBBIT,The Hobbit?to win Academy Award for Best Picture,20,3.3,Nov/09/2012 21:24:54
766883,BEST.PIC:HOBBIT,The Hobbit?to win Academy Award for Best Picture,20,3.2,Nov/09/2012 21:24:54
766883,BEST.PIC:HOBBIT,The Hobbit?to win Academy Award for Best Picture,9,3.0,Nov/09/2012 21:24:54
766883,BEST.PIC:HOBBIT,The Hobbit?to win Academy Award for Best Picture,20,3.0,Nov/09/2012 21:24:54
766883,BEST.PIC:HOBBIT,The Hobbit?to win Academy Award for Best Picture,150,3.1,Nov/09/2012 21:24:54
766883,BEST.PIC:HOBBIT,The Hobbit?to win Academy Award for Best Picture,10,3.4,Nov/09/2012 21:26:23
766883,BEST.PIC:HOBBIT,The Hobbit?to win Academy Award for Best Picture,10,3.5,Nov/09/2012 21:26:23
766883,BEST.PIC:HOBBIT,The Hobbit?to win Academy Award for Best Picture,10,3.5,Nov/09/2012 21:26:23
766883,BEST.PIC:HOBBIT,The Hobbit?to win Academy Award for Best Picture,70,3.5,Nov/09/2012 21:27:02
766883,BEST.PIC:HOBBIT,The Hobbit?to win Academy Award for Best Picture,10,3.5,Nov/09/2012 21:32:14
766883,BEST.PIC:HOBBIT,The Hobbit?to win Academy Award for Best Picture,5,3.5,Nov/09/2012 21:35:26
766883,BEST.PIC:HOBBIT,The Hobbit?to win Academy Award for Best Picture,10,3.5,Nov/09/2012 21:37:15
766883,BEST.PIC:HOBBIT,The Hobbit?to win Academy Award for Best Picture,20,3.5,Nov/09/2012 21:41:04
766883,BEST.PIC:HOBBIT,The Hobbit?to win Academy Award for Best Picture,30,3.5,Nov/09/2012 21:51:14
766883,BEST.PIC:HOBBIT,The Hobbit?to win Academy Award for Best Picture,5,3.5,Nov/09/2012 21:52:04
766883,BEST.PIC:HOBBIT,The Hobbit?to win Academy Award for Best Picture,10,3.8,Nov/09/2012 21:52:47
766883,BEST.PIC:HOBBIT,The Hobbit?to win Academy Award for Best Picture,20,3.5,Nov/09/2012 21:54:40
766883,BEST.PIC:HOBBIT,The Hobbit?to win Academy Award for Best Picture,20,3.5,Nov/09/2012 21:58:02
766883,BEST.PIC:HOBBIT,The Hobbit?to win Academy Award for Best Picture,5,3.5,Nov/09/2012 21:59:09
766883,BEST.PIC:HOBBIT,The Hobbit?to win Academy Award for Best Picture,1,3.9,Nov/09/2012 22:03:25
766883,BEST.PIC:HOBBIT,The Hobbit?to win Academy Award for Best Picture,5,3.6,Nov/09/2012 22:09:31
766883,BEST.PIC:HOBBIT,The Hobbit?to win Academy Award for Best Picture,2,3.8,Nov/09/2012 22:09:31
766883,BEST.PIC:HOBBIT,The Hobbit?to win Academy Award for Best Picture,10,3.6,Nov/09/2012 22:10:05
766883,BEST.PIC:HOBBIT,The Hobbit?to win Academy Award for Best Picture,10,3.5,Nov/09/2012 22:19:42
766883,BEST.PIC:HOBBIT,The Hobbit?to win Academy Award for Best Picture,161,3.5,Nov/09/2012 22:32:38
766883,BEST.PIC:HOBBIT,The Hobbit?to win Academy Award for Best Picture,54,3.5,Nov/09/2012 22:35:21
766883,BEST.PIC:HOBBIT,The Hobbit?to win Academy Award for Best Picture,15,2.5,Nov/09/2012 23:59:01
766883,BEST.PIC:HOBBIT,The Hobbit?to win Academy Award for Best Picture,300,2.6,Nov/09/2012 23:59:01
766883,BEST.PIC:HOBBIT,The Hobbit?to win Academy Award for Best Picture,42,2.5,Nov/10/2012 00:39:54
766883,BEST.PIC:HOBBIT,The Hobbit?to win Academy Award for Best Picture,7,2.5,Nov/10/2012 00:40:17
766883,BEST.PIC:HOBBIT,The Hobbit?to win Academy Award for Best Picture,32,2.4,Nov/10/2012 00:41:23
766883,BEST.PIC:HOBBIT,The Hobbit?to win Academy Award for Best Picture,51,2.5,Nov/10/2012 00:41:23
766883,BEST.PIC:HOBBIT,The Hobbit?to win Academy Award for Best Picture,100,2.3,Nov/10/2012 00:42:37
766883,BEST.PIC:HOBBIT,The Hobbit?to win Academy Award for Best Picture,68,2.4,Nov/10/2012 00:42:37
766883,BEST.PIC:HOBBIT,The Hobbit?to win Academy Award for Best Picture,40,2.3,Nov/10/2012 00:44:47
766883,BEST.PIC:HOBBIT,The Hobbit?to win Academy Award for Best Picture,1,2.2,Nov/10/2012 01:31:07
766883,BEST.PIC:HOBBIT,The Hobbit?to win Academy Award for Best Picture,10,2.3,Nov/10/2012 02:02:07
766883,BEST.PIC:HOBBIT,The Hobbit?to win Academy Award for Best Picture,40,2.5,Nov/10/2012 02:09:19
766883,BEST.PIC:HOBBIT,The Hobbit?to win Academy Award for Best Picture,1,2.9,Nov/10/2012 02:09:35
766883,BEST.PIC:HOBBIT,The Hobbit?to win Academy Award for Best Picture,40,3.0,Nov/10/2012 02:09:58
766883,BEST.PIC:HOBBIT,The Hobbit?to win Academy Award for Best Picture,2,3.0,Nov/10/2012 02:20:34
766883,BEST.PIC:HOBBIT,The Hobbit?to win Academy Award for Best Picture,1,2.3,Nov/10/2012 02:53:25
766883,BEST.PIC:HOBBIT,The Hobbit?to win Academy Award for Best Picture,10,2.9,Nov/10/2012 02:55:34
766883,BEST.PIC:HOBBIT,The Hobbit?to win Academy Award for Best Picture,10,2.4,Nov/10/2012 03:22:08
766883,BEST.PIC:HOBBIT,The Hobbit?to win Academy Award for Best Picture,1,2.3,Nov/10/2012 03:34:57
766883,BEST.PIC:HOBBIT,The Hobbit?to win Academy Award for Best Picture,9,2.3,Nov/10/2012 03:36:42
766883,BEST.PIC:HOBBIT,The Hobbit?to win Academy Award for Best Picture,3,2.3,Nov/10/2012 03:41:31
766883,BEST.PIC:HOBBIT,The Hobbit?to win Academy Award for Best Picture,4,2.3,Nov/10/2012 03:45:07
766883,BEST.PIC:HOBBIT,The Hobbit?to win Academy Award for Best Picture,2,2.3,Nov/10/2012 03:51:52
766883,BEST.PIC:HOBBIT,The Hobbit?to win Academy Award for Best Picture,1,2.3,Nov/10/2012 04:33:47
766883,BEST.PIC:HOBBIT,The Hobbit?to win Academy Award for Best Picture,40,2.5,Nov/10/2012 06:27:49
766883,BEST.PIC:HOBBIT,The Hobbit?to win Academy Award for Best Picture,11,2.3,Nov/10/2012 06:38:49
766883,BEST.PIC:HOBBIT,The Hobbit?to win Academy Award for Best Picture,11,2.2,Nov/10/2012 07:42:31
766883,BEST.PIC:HOBBIT,The Hobbit?to win Academy Award for Best Picture,39,2.3,Nov/10/2012 07:42:31
766883,BEST.PIC:HOBBIT,The Hobbit?to win Academy Award for Best Picture,40,2.3,Nov/10/2012 07:42:31
766883,BEST.PIC:HOBBIT,The Hobbit?to win Academy Award for Best Picture,40,2.5,Nov/10/2012 08:39:43
766883,BEST.PIC:HOBBIT,The Hobbit?to win Academy Award for Best Picture,9,2.2,Nov/10/2012 11:54:26
766883,BEST.PIC:HOBBIT,The Hobbit?to win Academy Award for Best Picture,1,2.2,Nov/10/2012 12:46:40
766883,BEST.PIC:HOBBIT,The Hobbit?to win Academy Award for Best Picture,4,2.2,Nov/10/2012 13:07:13
766883,BEST.PIC:HOBBIT,The Hobbit?to win Academy Award for Best Picture,6,2.2,Nov/10/2012 13:08:12
766883,BEST.PIC:HOBBIT,The Hobbit?to win Academy Award for Best Picture,45,2.2,Nov/10/2012 13:30:09
766883,BEST.PIC:HOBBIT,The Hobbit?to win Academy Award for Best Picture,3,2.2,Nov/10/2012 13:30:49
766883,BEST.PIC:HOBBIT,The Hobbit?to win Academy Award for Best Picture,32,2.2,Nov/10/2012 13:30:49
766883,BEST.PIC:HOBBIT,The Hobbit?to win Academy Award for Best Picture,8,2.2,Nov/10/2012 14:06:42
766883,BEST.PIC:HOBBIT,The Hobbit?to win Academy Award for Best Picture,2,2.2,Nov/10/2012 14:06:42
766883,BEST.PIC:HOBBIT,The Hobbit?to win Academy Award for Best Picture,1,2.2,Nov/10/2012 16:15:57
766883,BEST.PIC:HOBBIT,The Hobbit?to win Academy Award for Best Picture,40,2.5,Nov/10/2012 16:17:39
766883,BEST.PIC:HOBBIT,The Hobbit?to win Academy Award for Best Picture,60,2.5,Nov/10/2012 17:46:41
766883,BEST.PIC:HOBBIT,The Hobbit?to win Academy Award for Best Picture,5,2.2,Nov/10/2012 18:03:34
766883,BEST.PIC:HOBBIT,The Hobbit?to win Academy Award for Best Picture,1,2.2,Nov/10/2012 18:50:36
766883,BEST.PIC:HOBBIT,The Hobbit?to win Academy Award for Best Picture,2,2.2,Nov/10/2012 18:54:29
766883,BEST.PIC:HOBBIT,The Hobbit?to win Academy Award for Best Picture,1,2.2,Nov/10/2012 18:58:27
766883,BEST.PIC:HOBBIT,The Hobbit?to win Academy Award for Best Picture,88,2.2,Nov/10/2012 19:15:39
766883,BEST.PIC:HOBBIT,The Hobbit?to win Academy Award for Best Picture,22,2.2,Nov/10/2012 19:15:39
766883,BEST.PIC:HOBBIT,The Hobbit?to win Academy Award for Best Picture,10,2.5,Nov/10/2012 19:43:48
766883,BEST.PIC:HOBBIT,The Hobbit?to win Academy Award for Best Picture,10,2.2,Nov/10/2012 20:05:17
766883,BEST.PIC:HOBBIT,The Hobbit?to win Academy Award for Best Picture,1,2.2,Nov/10/2012 20:06:11
766883,BEST.PIC:HOBBIT,The Hobbit?to win Academy Award for Best Picture,17,2.2,Nov/10/2012 20:32:54
766883,BEST.PIC:HOBBIT,The Hobbit?to win Academy Award for Best Picture,3,2.2,Nov/10/2012 20:32:54
766883,BEST.PIC:HOBBIT,The Hobbit?to win Academy Award for Best Picture,97,2.2,Nov/10/2012 20:37:03
766883,BEST.PIC:HOBBIT,The Hobbit?to win Academy Award for Best Picture,1,2.1,Nov/10/2012 20:55:09
766883,BEST.PIC:HOBBIT,The Hobbit?to win Academy Award for Best Picture,1,2.5,Nov/10/2012 21:05:22
766883,BEST.PIC:HOBBIT,The Hobbit?to win Academy Award for Best Picture,1,2.3,Nov/10/2012 21:38:00
766883,BEST.PIC:HOBBIT,The Hobbit?to win Academy Award for Best Picture,1,2.3,Nov/10/2012 21:47:19
766883,BEST.PIC:HOBBIT,The Hobbit?to win Academy Award for Best Picture,7,2.3,Nov/10/2012 22:07:25
766883,BEST.PIC:HOBBIT,The Hobbit?to win Academy Award for Best Picture,91,2.3,Nov/10/2012 23:31:42
766883,BEST.PIC:HOBBIT,The Hobbit?to win Academy Award for Best Picture,1,2.2,Nov/11/2012 00:51:10
766883,BEST.PIC:HOBBIT,The Hobbit?to win Academy Award for Best Picture,25,2.2,Nov/11/2012 01:00:07
766883,BEST.PIC:HOBBIT,The Hobbit?to win Academy Award for Best Picture,174,2.2,Nov/11/2012 01:02:24
766883,BEST.PIC:HOBBIT,The Hobbit?to win Academy Award for Best Picture,25,2.2,Nov/11/2012 01:02:24
766883,BEST.PIC:HOBBIT,The Hobbit?to win Academy Award for Best Picture,32,2.1,Nov/11/2012 01:20:25
766883,BEST.PIC:HOBBIT,The Hobbit?to win Academy Award for Best Picture,45,2.1,Nov/11/2012 01:27:37
766883,BEST.PIC:HOBBIT,The Hobbit?to win Academy Award for Best Picture,10,2.1,Nov/11/2012 06:28:43
766883,BEST.PIC:HOBBIT,The Hobbit?to win Academy Award for Best Picture,2,2.1,Nov/11/2012 07:18:34
766883,BEST.PIC:HOBBIT,The Hobbit?to win Academy Award for Best Picture,7,2.1,Nov/11/2012 07:18:34
766883,BEST.PIC:HOBBIT,The Hobbit?to win Academy Award for Best Picture,11,2.1,Nov/11/2012 07:20:00
766883,BEST.PIC:HOBBIT,The Hobbit?to win Academy Award for Best Picture,100,2.1,Nov/11/2012 07:38:38
766883,BEST.PIC:HOBBIT,The Hobbit?to win Academy Award for Best Picture,30,2.1,Nov/11/2012 07:40:29
766883,BEST.PIC:HOBBIT,The Hobbit?to win Academy Award for Best Picture,100,2.1,Nov/11/2012 07:41:45
766883,BEST.PIC:HOBBIT,The Hobbit?to win Academy Award for Best Picture,2,2.1,Nov/11/2012 07:47:43
766883,BEST.PIC:HOBBIT,The Hobbit?to win Academy Award for Best Picture,22,2.1,Nov/11/2012 07:47:43
766883,BEST.PIC:HOBBIT,The Hobbit?to win Academy Award for Best Picture,6,1.9,Nov/11/2012 08:36:53
766883,BEST.PIC:HOBBIT,The Hobbit?to win Academy Award for Best Picture,10,2.0,Nov/11/2012 10:36:42
766883,BEST.PIC:HOBBIT,The Hobbit?to win Academy Award for Best Picture,1,2.0,Nov/11/2012 12:26:29
766883,BEST.PIC:HOBBIT,The Hobbit?to win Academy Award for Best Picture,1,2.0,Nov/11/2012 12:26:33
766883,BEST.PIC:HOBBIT,The Hobbit?to win Academy Award for Best Picture,1,2.0,Nov/11/2012 12:26:35
766883,BEST.PIC:HOBBIT,The Hobbit?to win Academy Award for Best Picture,1,2.0,Nov/11/2012 12:26:37
766883,BEST.PIC:HOBBIT,The Hobbit?to win Academy Award for Best Picture,1,2.0,Nov/11/2012 12:26:39
766883,BEST.PIC:HOBBIT,The Hobbit?to win Academy Award for Best Picture,1,2.0,Nov/11/2012 12:33:39
766883,BEST.PIC:HOBBIT,The Hobbit?to win Academy Award for Best Picture,1,2.0,Nov/11/2012 12:33:43
766883,BEST.PIC:HOBBIT,The Hobbit?to win Academy Award for Best Picture,1,2.0,Nov/11/2012 12:33:45
766883,BEST.PIC:HOBBIT,The Hobbit?to win Academy Award for Best Picture,1,2.0,Nov/11/2012 12:33:47
766883,BEST.PIC:HOBBIT,The Hobbit?to win Academy Award for Best Picture,1,2.0,Nov/11/2012 12:33:48
766883,BEST.PIC:HOBBIT,The Hobbit?to win Academy Award for Best Picture,49,2.5,Nov/11/2012 13:14:49
766883,BEST.PIC:HOBBIT,The Hobbit?to win Academy Award for Best Picture,40,2.5,Nov/11/2012 13:14:49
766883,BEST.PIC:HOBBIT,The Hobbit?to win Academy Award for Best Picture,11,2.5,Nov/11/2012 13:14:49
766883,BEST.PIC:HOBBIT,The Hobbit?to win Academy Award for Best Picture,1,1.9,Nov/11/2012 13:34:47
766883,BEST.PIC:HOBBIT,The Hobbit?to win Academy Award for Best Picture,1,1.9,Nov/11/2012 13:34:48
766883,BEST.PIC:HOBBIT,The Hobbit?to win Academy Award for Best Picture,1,1.9,Nov/11/2012 14:34:33
766883,BEST.PIC:HOBBIT,The Hobbit?to win Academy Award for Best Picture,1,1.9,Nov/11/2012 14:34:36
766883,BEST.PIC:HOBBIT,The Hobbit?to win Academy Award for Best Picture,1,1.9,Nov/11/2012 14:34:38
766883,BEST.PIC:HOBBIT,The Hobbit?to win Academy Award for Best Picture,1,1.9,Nov/11/2012 14:34:40
766883,BEST.PIC:HOBBIT,The Hobbit?to win Academy Award for Best Picture,1,1.9,Nov/11/2012 14:34:42
766883,BEST.PIC:HOBBIT,The Hobbit?to win Academy Award for Best Picture,1,1.9,Nov/11/2012 14:34:43
766883,BEST.PIC:HOBBIT,The Hobbit?to win Academy Award for Best Picture,1,1.9,Nov/11/2012 14:34:44
766883,BEST.PIC:HOBBIT,The Hobbit?to win Academy Award for Best Picture,80,2.0,Nov/11/2012 19:22:55
766883,BEST.PIC:HOBBIT,The Hobbit?to win Academy Award for Best Picture,70,2.0,Nov/11/2012 19:27:07
766883,BEST.PIC:HOBBIT,The Hobbit?to win Academy Award for Best Picture,70,2.0,Nov/11/2012 19:28:51
766883,BEST.PIC:HOBBIT,The Hobbit?to win Academy Award for Best Picture,90,2.0,Nov/11/2012 19:36:08
766883,BEST.PIC:HOBBIT,The Hobbit?to win Academy Award for Best Picture,90,2.0,Nov/11/2012 19:43:58
766883,BEST.PIC:HOBBIT,The Hobbit?to win Academy Award for Best Picture,70,2.0,Nov/11/2012 19:45:45
766883,BEST.PIC:HOBBIT,The Hobbit?to win Academy Award for Best Picture,14,2.0,Nov/11/2012 19:57:04
766883,BEST.PIC:HOBBIT,The Hobbit?to win Academy Award for Best Picture,46,2.0,Nov/11/2012 19:59:45
766883,BEST.PIC:HOBBIT,The Hobbit?to win Academy Award for Best Picture,5,2.3,Nov/11/2012 20:02:46
766883,BEST.PIC:HOBBIT,The Hobbit?to win Academy Award for Best Picture,10,1.9,Nov/11/2012 20:16:22
766883,BEST.PIC:HOBBIT,The Hobbit?to win Academy Award for Best Picture,80,2.0,Nov/11/2012 20:21:41
766883,BEST.PIC:HOBBIT,The Hobbit?to win Academy Award for Best Picture,10,1.9,Nov/11/2012 20:38:03
766883,BEST.PIC:HOBBIT,The Hobbit?to win Academy Award for Best Picture,40,2.0,Nov/11/2012 20:41:55
766883,BEST.PIC:HOBBIT,The Hobbit?to win Academy Award for Best Picture,190,2.4,Nov/11/2012 20:50:40
766883,BEST.PIC:HOBBIT,The Hobbit?to win Academy Award for Best Picture,35,2.3,Nov/11/2012 20:50:40
766883,BEST.PIC:HOBBIT,The Hobbit?to win Academy Award for Best Picture,20,2.0,Nov/11/2012 20:53:56
766883,BEST.PIC:HOBBIT,The Hobbit?to win Academy Award for Best Picture,20,2.0,Nov/11/2012 21:25:15
766883,BEST.PIC:HOBBIT,The Hobbit?to win Academy Award for Best Picture,30,2.1,Nov/11/2012 21:28:18
766883,BEST.PIC:HOBBIT,The Hobbit?to win Academy Award for Best Picture,60,2.1,Nov/11/2012 21:42:51
766883,BEST.PIC:HOBBIT,The Hobbit?to win Academy Award for Best Picture,30,2.1,Nov/11/2012 21:58:46
766883,BEST.PIC:HOBBIT,The Hobbit?to win Academy Award for Best Picture,30,2.4,Nov/12/2012 02:04:04
766883,BEST.PIC:HOBBIT,The Hobbit?to win Academy Award for Best Picture,39,2.5,Nov/12/2012 02:04:18
766883,BEST.PIC:HOBBIT,The Hobbit?to win Academy Award for Best Picture,40,2.5,Nov/12/2012 02:04:18
766883,BEST.PIC:HOBBIT,The Hobbit?to win Academy Award for Best Picture,1,2.5,Nov/12/2012 04:02:07
766883,BEST.PIC:HOBBIT,The Hobbit?to win Academy Award for Best Picture,10,2.0,Nov/12/2012 04:49:59
766883,BEST.PIC:HOBBIT,The Hobbit?to win Academy Award for Best Picture,11,2.0,Nov/12/2012 04:51:46
766883,BEST.PIC:HOBBIT,The Hobbit?to win Academy Award for Best Picture,10,2.0,Nov/12/2012 15:59:38
766883,BEST.PIC:HOBBIT,The Hobbit?to win Academy Award for Best Picture,20,2.0,Nov/12/2012 16:00:22
766883,BEST.PIC:HOBBIT,The Hobbit?to win Academy Award for Best Picture,10,2.0,Nov/12/2012 16:05:28
766883,BEST.PIC:HOBBIT,The Hobbit?to win Academy Award for Best Picture,18,2.0,Nov/12/2012 16:07:05
766883,BEST.PIC:HOBBIT,The Hobbit?to win Academy Award for Best Picture,2,2.0,Nov/12/2012 16:07:05
766883,BEST.PIC:HOBBIT,The Hobbit?to win Academy Award for Best Picture,40,2.1,Nov/12/2012 16:50:57
766883,BEST.PIC:HOBBIT,The Hobbit?to win Academy Award for Best Picture,10,2.1,Nov/12/2012 17:17:00
766883,BEST.PIC:HOBBIT,The Hobbit?to win Academy Award for Best Picture,10,2.1,Nov/12/2012 17:32:12
766883,BEST.PIC:HOBBIT,The Hobbit?to win Academy Award for Best Picture,5,2.1,Nov/12/2012 17:55:07
766883,BEST.PIC:HOBBIT,The Hobbit?to win Academy Award for Best Picture,48,2.0,Nov/12/2012 18:16:03
766883,BEST.PIC:HOBBIT,The Hobbit?to win Academy Award for Best Picture,60,1.9,Nov/12/2012 18:16:21
766883,BEST.PIC:HOBBIT,The Hobbit?to win Academy Award for Best Picture,18,1.9,Nov/12/2012 18:19:10
766883,BEST.PIC:HOBBIT,The Hobbit?to win Academy Award for Best Picture,33,1.8,Nov/12/2012 18:20:00
766883,BEST.PIC:HOBBIT,The Hobbit?to win Academy Award for Best Picture,1,2.1,Nov/12/2012 20:41:02
766883,BEST.PIC:HOBBIT,The Hobbit?to win Academy Award for Best Picture,1,2.0,Nov/12/2012 21:35:36
766883,BEST.PIC:HOBBIT,The Hobbit?to win Academy Award for Best Picture,1,2.0,Nov/12/2012 21:41:30
766883,BEST.PIC:HOBBIT,The Hobbit?to win Academy Award for Best Picture,14,2.1,Nov/12/2012 21:50:59
766883,BEST.PIC:HOBBIT,The Hobbit?to win Academy Award for Best Picture,10,2.4,Nov/12/2012 21:51:07
766883,BEST.PIC:HOBBIT,The Hobbit?to win Academy Award for Best Picture,50,2.4,Nov/12/2012 21:51:07
766883,BEST.PIC:HOBBIT,The Hobbit?to win Academy Award for Best Picture,39,2.5,Nov/12/2012 21:51:18
766883,BEST.PIC:HOBBIT,The Hobbit?to win Academy Award for Best Picture,40,2.5,Nov/12/2012 21:51:18
766883,BEST.PIC:HOBBIT,The Hobbit?to win Academy Award for Best Picture,10,2.6,Nov/12/2012 21:51:27
766883,BEST.PIC:HOBBIT,The Hobbit?to win Academy Award for Best Picture,10,2.9,Nov/12/2012 21:51:36
766883,BEST.PIC:HOBBIT,The Hobbit?to win Academy Award for Best Picture,38,3.0,Nov/12/2012 21:51:47
766883,BEST.PIC:HOBBIT,The Hobbit?to win Academy Award for Best Picture,30,3.0,Nov/12/2012 21:51:47
766883,BEST.PIC:HOBBIT,The Hobbit?to win Academy Award for Best Picture,2,3.4,Nov/12/2012 21:51:59
766883,BEST.PIC:HOBBIT,The Hobbit?to win Academy Award for Best Picture,150,3.5,Nov/12/2012 21:52:08
766883,BEST.PIC:HOBBIT,The Hobbit?to win Academy Award for Best Picture,10,3.6,Nov/12/2012 21:52:19
766883,BEST.PIC:HOBBIT,The Hobbit?to win Academy Award for Best Picture,89,3.9,Nov/12/2012 21:52:32
766883,BEST.PIC:HOBBIT,The Hobbit?to win Academy Award for Best Picture,7,2.3,Nov/12/2012 22:18:46
766883,BEST.PIC:HOBBIT,The Hobbit?to win Academy Award for Best Picture,1,2.3,Nov/12/2012 22:22:32
766883,BEST.PIC:HOBBIT,The Hobbit?to win Academy Award for Best Picture,5,2.3,Nov/12/2012 22:52:04
766883,BEST.PIC:HOBBIT,The Hobbit?to win Academy Award for Best Picture,20,2.3,Nov/12/2012 22:57:29
766883,BEST.PIC:HOBBIT,The Hobbit?to win Academy Award for Best Picture,17,2.3,Nov/12/2012 23:01:48
766883,BEST.PIC:HOBBIT,The Hobbit?to win Academy Award for Best Picture,23,2.1,Nov/12/2012 23:42:33
766883,BEST.PIC:HOBBIT,The Hobbit?to win Academy Award for Best Picture,40,2.5,Nov/12/2012 23:42:33
766883,BEST.PIC:HOBBIT,The Hobbit?to win Academy Award for Best Picture,50,2.4,Nov/12/2012 23:42:33
766883,BEST.PIC:HOBBIT,The Hobbit?to win Academy Award for Best Picture,10,2.5,Nov/12/2012 23:42:46
766883,BEST.PIC:HOBBIT,The Hobbit?to win Academy Award for Best Picture,10,2.5,Nov/12/2012 23:42:51
766883,BEST.PIC:HOBBIT,The Hobbit?to win Academy Award for Best Picture,2,2.1,Nov/13/2012 00:44:06
766883,BEST.PIC:HOBBIT,The Hobbit?to win Academy Award for Best Picture,5,2.1,Nov/13/2012 01:49:09
766883,BEST.PIC:HOBBIT,The Hobbit?to win Academy Award for Best Picture,3,2.1,Nov/13/2012 01:54:12
766883,BEST.PIC:HOBBIT,The Hobbit?to win Academy Award for Best Picture,17,2.1,Nov/13/2012 02:19:24
766883,BEST.PIC:HOBBIT,The Hobbit?to win Academy Award for Best Picture,20,2.2,Nov/13/2012 02:19:33
766883,BEST.PIC:HOBBIT,The Hobbit?to win Academy Award for Best Picture,10,2.3,Nov/13/2012 02:19:47
766883,BEST.PIC:HOBBIT,The Hobbit?to win Academy Award for Best Picture,10,2.4,Nov/13/2012 02:20:18
766883,BEST.PIC:HOBBIT,The Hobbit?to win Academy Award for Best Picture,10,2.4,Nov/13/2012 02:20:18
766883,BEST.PIC:HOBBIT,The Hobbit?to win Academy Award for Best Picture,40,2.5,Nov/13/2012 03:16:22
766883,BEST.PIC:HOBBIT,The Hobbit?to win Academy Award for Best Picture,5,2.1,Nov/13/2012 03:30:24
766883,BEST.PIC:HOBBIT,The Hobbit?to win Academy Award for Best Picture,5,2.1,Nov/13/2012 07:10:20
766883,BEST.PIC:HOBBIT,The Hobbit?to win Academy Award for Best Picture,1,2.1,Nov/13/2012 10:49:32
766883,BEST.PIC:HOBBIT,The Hobbit?to win Academy Award for Best Picture,3,2.1,Nov/13/2012 10:54:13
766883,BEST.PIC:HOBBIT,The Hobbit?to win Academy Award for Best Picture,1,2.1,Nov/13/2012 10:59:11
766883,BEST.PIC:HOBBIT,The Hobbit?to win Academy Award for Best Picture,5,2.1,Nov/13/2012 11:12:29
766883,BEST.PIC:HOBBIT,The Hobbit?to win Academy Award for Best Picture,5,2.1,Nov/13/2012 11:42:13
766883,BEST.PIC:HOBBIT,The Hobbit?to win Academy Award for Best Picture,1,2.0,Nov/13/2012 12:00:42
766883,BEST.PIC:HOBBIT,The Hobbit?to win Academy Award for Best Picture,1,2.0,Nov/13/2012 12:01:02
766883,BEST.PIC:HOBBIT,The Hobbit?to win Academy Award for Best Picture,1,2.0,Nov/13/2012 12:21:41
766883,BEST.PIC:HOBBIT,The Hobbit?to win Academy Award for Best Picture,5,1.9,Nov/13/2012 16:34:10
766883,BEST.PIC:HOBBIT,The Hobbit?to win Academy Award for Best Picture,23,1.9,Nov/13/2012 16:34:10
766883,BEST.PIC:HOBBIT,The Hobbit?to win Academy Award for Best Picture,72,2.0,Nov/13/2012 16:34:10
766883,BEST.PIC:HOBBIT,The Hobbit?to win Academy Award for Best Picture,1,1.9,Nov/13/2012 16:35:37
766883,BEST.PIC:HOBBIT,The Hobbit?to win Academy Award for Best Picture,1,1.9,Nov/13/2012 16:36:17
766883,BEST.PIC:HOBBIT,The Hobbit?to win Academy Award for Best Picture,30,2.1,Nov/13/2012 18:30:29
766883,BEST.PIC:HOBBIT,The Hobbit?to win Academy Award for Best Picture,40,2.5,Nov/13/2012 20:41:18
766883,BEST.PIC:HOBBIT,The Hobbit?to win Academy Award for Best Picture,20,2.4,Nov/13/2012 20:41:18
766883,BEST.PIC:HOBBIT,The Hobbit?to win Academy Award for Best Picture,10,2.4,Nov/13/2012 20:41:18
766883,BEST.PIC:HOBBIT,The Hobbit?to win Academy Award for Best Picture,1,2.3,Nov/13/2012 20:41:18
766883,BEST.PIC:HOBBIT,The Hobbit?to win Academy Award for Best Picture,1,2.0,Nov/13/2012 22:16:15
766883,BEST.PIC:HOBBIT,The Hobbit?to win Academy Award for Best Picture,10,2.0,Nov/13/2012 22:55:56
766883,BEST.PIC:HOBBIT,The Hobbit?to win Academy Award for Best Picture,1,2.4,Nov/13/2012 23:10:20
766883,BEST.PIC:HOBBIT,The Hobbit?to win Academy Award for Best Picture,9,2.0,Nov/14/2012 03:46:59
766883,BEST.PIC:HOBBIT,The Hobbit?to win Academy Award for Best Picture,1,2.1,Nov/14/2012 03:46:59
766883,BEST.PIC:HOBBIT,The Hobbit?to win Academy Award for Best Picture,10,2.0,Nov/14/2012 03:55:30
766883,BEST.PIC:HOBBIT,The Hobbit?to win Academy Award for Best Picture,10,2.0,Nov/14/2012 04:32:34
766883,BEST.PIC:HOBBIT,The Hobbit?to win Academy Award for Best Picture,3,2.0,Nov/14/2012 04:34:46
766883,BEST.PIC:HOBBIT,The Hobbit?to win Academy Award for Best Picture,2,2.0,Nov/14/2012 04:34:56
766883,BEST.PIC:HOBBIT,The Hobbit?to win Academy Award for Best Picture,3,1.9,Nov/14/2012 04:36:47
766883,BEST.PIC:HOBBIT,The Hobbit?to win Academy Award for Best Picture,2,1.9,Nov/14/2012 04:37:40
766883,BEST.PIC:HOBBIT,The Hobbit?to win Academy Award for Best Picture,5,1.9,Nov/14/2012 05:00:46
766883,BEST.PIC:HOBBIT,The Hobbit?to win Academy Award for Best Picture,5,1.9,Nov/14/2012 05:15:55
766883,BEST.PIC:HOBBIT,The Hobbit?to win Academy Award for Best Picture,4,1.9,Nov/14/2012 05:19:45
766883,BEST.PIC:HOBBIT,The Hobbit?to win Academy Award for Best Picture,6,1.9,Nov/14/2012 05:21:17
766883,BEST.PIC:HOBBIT,The Hobbit?to win Academy Award for Best Picture,75,1.9,Nov/14/2012 05:26:05
766883,BEST.PIC:HOBBIT,The Hobbit?to win Academy Award for Best Picture,10,2.3,Nov/14/2012 08:39:02
766883,BEST.PIC:HOBBIT,The Hobbit?to win Academy Award for Best Picture,10,2.2,Nov/14/2012 08:39:02
766883,BEST.PIC:HOBBIT,The Hobbit?to win Academy Award for Best Picture,10,2.1,Nov/14/2012 12:23:14
766883,BEST.PIC:HOBBIT,The Hobbit?to win Academy Award for Best Picture,11,2.0,Nov/14/2012 17:16:28
766883,BEST.PIC:HOBBIT,The Hobbit?to win Academy Award for Best Picture,9,2.0,Nov/14/2012 17:31:25
766883,BEST.PIC:HOBBIT,The Hobbit?to win Academy Award for Best Picture,10,2.1,Nov/14/2012 20:56:34
766883,BEST.PIC:HOBBIT,The Hobbit?to win Academy Award for Best Picture,4,2.0,Nov/14/2012 22:50:46
766883,BEST.PIC:HOBBIT,The Hobbit?to win Academy Award for Best Picture,1,2.0,Nov/14/2012 22:53:23
766883,BEST.PIC:HOBBIT,The Hobbit?to win Academy Award for Best Picture,5,2.0,Nov/14/2012 22:57:24
766883,BEST.PIC:HOBBIT,The Hobbit?to win Academy Award for Best Picture,10,2.1,Nov/14/2012 23:04:30
766883,BEST.PIC:HOBBIT,The Hobbit?to win Academy Award for Best Picture,50,2.5,Nov/14/2012 23:04:30
766883,BEST.PIC:HOBBIT,The Hobbit?to win Academy Award for Best Picture,30,2.5,Nov/14/2012 23:04:30
766883,BEST.PIC:HOBBIT,The Hobbit?to win Academy Award for Best Picture,9,2.4,Nov/14/2012 23:04:30
766883,BEST.PIC:HOBBIT,The Hobbit?to win Academy Award for Best Picture,20,2.4,Nov/14/2012 23:04:30
766883,BEST.PIC:HOBBIT,The Hobbit?to win Academy Award for Best Picture,10,2.4,Nov/14/2012 23:04:30
766883,BEST.PIC:HOBBIT,The Hobbit?to win Academy Award for Best Picture,10,2.3,Nov/14/2012 23:04:30
766883,BEST.PIC:HOBBIT,The Hobbit?to win Academy Award for Best Picture,50,2.2,Nov/14/2012 23:04:30
766883,BEST.PIC:HOBBIT,The Hobbit?to win Academy Award for Best Picture,85,2.5,Nov/14/2012 23:10:56
766883,BEST.PIC:HOBBIT,The Hobbit?to win Academy Award for Best Picture,76,2.5,Nov/14/2012 23:16:04
766883,BEST.PIC:HOBBIT,The Hobbit?to win Academy Award for Best Picture,10,2.0,Nov/15/2012 00:11:41
766883,BEST.PIC:HOBBIT,The Hobbit?to win Academy Award for Best Picture,4,2.0,Nov/15/2012 00:16:45
766883,BEST.PIC:HOBBIT,The Hobbit?to win Academy Award for Best Picture,1,2.5,Nov/15/2012 00:43:34
766883,BEST.PIC:HOBBIT,The Hobbit?to win Academy Award for Best Picture,2,2.0,Nov/15/2012 01:19:54
766883,BEST.PIC:HOBBIT,The Hobbit?to win Academy Award for Best Picture,2,2.0,Nov/15/2012 01:20:05
766883,BEST.PIC:HOBBIT,The Hobbit?to win Academy Award for Best Picture,17,2.0,Nov/15/2012 02:02:49
766883,BEST.PIC:HOBBIT,The Hobbit?to win Academy Award for Best Picture,40,2.0,Nov/15/2012 02:06:18
766883,BEST.PIC:HOBBIT,The Hobbit?to win Academy Award for Best Picture,1,2.0,Nov/15/2012 02:15:24
766883,BEST.PIC:HOBBIT,The Hobbit?to win Academy Award for Best Picture,1,2.0,Nov/15/2012 02:35:44
766883,BEST.PIC:HOBBIT,The Hobbit?to win Academy Award for Best Picture,10,2.0,Nov/15/2012 02:40:31
766883,BEST.PIC:HOBBIT,The Hobbit?to win Academy Award for Best Picture,1,2.0,Nov/15/2012 02:41:21
766883,BEST.PIC:HOBBIT,The Hobbit?to win Academy Award for Best Picture,4,2.0,Nov/15/2012 02:57:21
766883,BEST.PIC:HOBBIT,The Hobbit?to win Academy Award for Best Picture,1,2.0,Nov/15/2012 02:58:43
766883,BEST.PIC:HOBBIT,The Hobbit?to win Academy Award for Best Picture,2,2.0,Nov/15/2012 03:00:38
766883,BEST.PIC:HOBBIT,The Hobbit?to win Academy Award for Best Picture,20,1.9,Nov/15/2012 03:02:35
766883,BEST.PIC:HOBBIT,The Hobbit?to win Academy Award for Best Picture,5,2.0,Nov/15/2012 03:02:35
766883,BEST.PIC:HOBBIT,The Hobbit?to win Academy Award for Best Picture,20,1.9,Nov/15/2012 03:23:56
766883,BEST.PIC:HOBBIT,The Hobbit?to win Academy Award for Best Picture,1,1.9,Nov/15/2012 05:27:14
766883,BEST.PIC:HOBBIT,The Hobbit?to win Academy Award for Best Picture,5,1.9,Nov/15/2012 05:56:41
766883,BEST.PIC:HOBBIT,The Hobbit?to win Academy Award for Best Picture,5,1.9,Nov/15/2012 05:57:48
766883,BEST.PIC:HOBBIT,The Hobbit?to win Academy Award for Best Picture,4,1.9,Nov/15/2012 06:25:29
766883,BEST.PIC:HOBBIT,The Hobbit?to win Academy Award for Best Picture,1,1.9,Nov/15/2012 09:59:34
766883,BEST.PIC:HOBBIT,The Hobbit?to win Academy Award for Best Picture,1,1.9,Nov/15/2012 09:59:56
766883,BEST.PIC:HOBBIT,The Hobbit?to win Academy Award for Best Picture,1,1.9,Nov/15/2012 10:01:26
766883,BEST.PIC:HOBBIT,The Hobbit?to win Academy Award for Best Picture,1,1.9,Nov/15/2012 10:55:23
766883,BEST.PIC:HOBBIT,The Hobbit?to win Academy Award for Best Picture,9,1.9,Nov/15/2012 10:57:47
766883,BEST.PIC:HOBBIT,The Hobbit?to win Academy Award for Best Picture,12,1.9,Nov/15/2012 11:29:19
766883,BEST.PIC:HOBBIT,The Hobbit?to win Academy Award for Best Picture,1,1.9,Nov/15/2012 11:38:14
766883,BEST.PIC:HOBBIT,The Hobbit?to win Academy Award for Best Picture,1,1.9,Nov/15/2012 12:14:56
766883,BEST.PIC:HOBBIT,The Hobbit?to win Academy Award for Best Picture,3,1.9,Nov/15/2012 12:15:34
766883,BEST.PIC:HOBBIT,The Hobbit?to win Academy Award for Best Picture,8,1.9,Nov/15/2012 12:26:08
766883,BEST.PIC:HOBBIT,The Hobbit?to win Academy Award for Best Picture,1,1.9,Nov/15/2012 14:35:27
766883,BEST.PIC:HOBBIT,The Hobbit?to win Academy Award for Best Picture,6,1.9,Nov/15/2012 14:41:36
766883,BEST.PIC:HOBBIT,The Hobbit?to win Academy Award for Best Picture,3,1.9,Nov/15/2012 14:41:36
766883,BEST.PIC:HOBBIT,The Hobbit?to win Academy Award for Best Picture,14,1.9,Nov/15/2012 14:42:00
766883,BEST.PIC:HOBBIT,The Hobbit?to win Academy Award for Best Picture,4,1.9,Nov/15/2012 14:43:42
766883,BEST.PIC:HOBBIT,The Hobbit?to win Academy Award for Best Picture,5,1.9,Nov/15/2012 14:52:31
766883,BEST.PIC:HOBBIT,The Hobbit?to win Academy Award for Best Picture,8,1.9,Nov/15/2012 15:01:32
766883,BEST.PIC:HOBBIT,The Hobbit?to win Academy Award for Best Picture,2,1.8,Nov/15/2012 15:10:19
766883,BEST.PIC:HOBBIT,The Hobbit?to win Academy Award for Best Picture,16,1.9,Nov/15/2012 15:10:19
766883,BEST.PIC:HOBBIT,The Hobbit?to win Academy Award for Best Picture,1,1.8,Nov/15/2012 15:10:43
766883,BEST.PIC:HOBBIT,The Hobbit?to win Academy Award for Best Picture,2,1.8,Nov/15/2012 15:15:52
766883,BEST.PIC:HOBBIT,The Hobbit?to win Academy Award for Best Picture,20,2.0,Nov/15/2012 15:50:39
766883,BEST.PIC:HOBBIT,The Hobbit?to win Academy Award for Best Picture,10,2.1,Nov/15/2012 15:51:31
766883,BEST.PIC:HOBBIT,The Hobbit?to win Academy Award for Best Picture,21,2.0,Nov/15/2012 16:35:35
766883,BEST.PIC:HOBBIT,The Hobbit?to win Academy Award for Best Picture,20,2.1,Nov/15/2012 16:59:54
766883,BEST.PIC:HOBBIT,The Hobbit?to win Academy Award for Best Picture,29,2.0,Nov/15/2012 17:08:16
766883,BEST.PIC:HOBBIT,The Hobbit?to win Academy Award for Best Picture,12,1.9,Nov/15/2012 17:16:06
766883,BEST.PIC:HOBBIT,The Hobbit?to win Academy Award for Best Picture,81,1.9,Nov/15/2012 17:18:46
766883,BEST.PIC:HOBBIT,The Hobbit?to win Academy Award for Best Picture,40,3.0,Nov/15/2012 18:35:43
766883,BEST.PIC:HOBBIT,The Hobbit?to win Academy Award for Best Picture,10,2.7,Nov/15/2012 18:35:43
766883,BEST.PIC:HOBBIT,The Hobbit?to win Academy Award for Best Picture,10,2.9,Nov/15/2012 18:35:43
766883,BEST.PIC:HOBBIT,The Hobbit?to win Academy Award for Best Picture,10,2.6,Nov/15/2012 18:35:43
766883,BEST.PIC:HOBBIT,The Hobbit?to win Academy Award for Best Picture,39,2.5,Nov/15/2012 18:35:43
766883,BEST.PIC:HOBBIT,The Hobbit?to win Academy Award for Best Picture,10,2.3,Nov/15/2012 18:35:43
766883,BEST.PIC:HOBBIT,The Hobbit?to win Academy Award for Best Picture,50,2.3,Nov/15/2012 18:35:43
766883,BEST.PIC:HOBBIT,The Hobbit?to win Academy Award for Best Picture,20,3.0,Nov/15/2012 18:35:43
766883,BEST.PIC:HOBBIT,The Hobbit?to win Academy Award for Best Picture,50,2.5,Nov/15/2012 18:35:43
766883,BEST.PIC:HOBBIT,The Hobbit?to win Academy Award for Best Picture,20,2.1,Nov/15/2012 18:35:43
766883,BEST.PIC:HOBBIT,The Hobbit?to win Academy Award for Best Picture,316,3.0,Nov/15/2012 18:38:12
766883,BEST.PIC:HOBBIT,The Hobbit?to win Academy Award for Best Picture,25,2.5,Nov/15/2012 21:56:32
766883,BEST.PIC:HOBBIT,The Hobbit?to win Academy Award for Best Picture,25,2.3,Nov/15/2012 21:56:32
766883,BEST.PIC:HOBBIT,The Hobbit?to win Academy Award for Best Picture,10,2.0,Nov/15/2012 21:59:57
766883,BEST.PIC:HOBBIT,The Hobbit?to win Academy Award for Best Picture,24,2.0,Nov/15/2012 22:00:23
766883,BEST.PIC:HOBBIT,The Hobbit?to win Academy Award for Best Picture,7,2.0,Nov/15/2012 22:00:47
766883,BEST.PIC:HOBBIT,The Hobbit?to win Academy Award for Best Picture,80,2.0,Nov/15/2012 22:03:47
766883,BEST.PIC:HOBBIT,The Hobbit?to win Academy Award for Best Picture,10,2.0,Nov/15/2012 22:04:18
766883,BEST.PIC:HOBBIT,The Hobbit?to win Academy Award for Best Picture,80,2.0,Nov/15/2012 22:09:02
766883,BEST.PIC:HOBBIT,The Hobbit?to win Academy Award for Best Picture,1,2.0,Nov/15/2012 22:11:23
766883,BEST.PIC:HOBBIT,The Hobbit?to win Academy Award for Best Picture,80,2.0,Nov/15/2012 22:12:24
766883,BEST.PIC:HOBBIT,The Hobbit?to win Academy Award for Best Picture,22,2.0,Nov/15/2012 22:24:14
766883,BEST.PIC:HOBBIT,The Hobbit?to win Academy Award for Best Picture,1,2.0,Nov/15/2012 22:25:16
766883,BEST.PIC:HOBBIT,The Hobbit?to win Academy Award for Best Picture,20,2.0,Nov/15/2012 22:43:10
766883,BEST.PIC:HOBBIT,The Hobbit?to win Academy Award for Best Picture,72,2.0,Nov/15/2012 23:10:20
766883,BEST.PIC:HOBBIT,The Hobbit?to win Academy Award for Best Picture,10,2.5,Nov/15/2012 23:50:59
766883,BEST.PIC:HOBBIT,The Hobbit?to win Academy Award for Best Picture,2,2.0,Nov/15/2012 23:55:58
766883,BEST.PIC:HOBBIT,The Hobbit?to win Academy Award for Best Picture,3,2.0,Nov/16/2012 00:00:48
766883,BEST.PIC:HOBBIT,The Hobbit?to win Academy Award for Best Picture,1,2.0,Nov/16/2012 01:27:29
766883,BEST.PIC:HOBBIT,The Hobbit?to win Academy Award for Best Picture,1,1.9,Nov/16/2012 13:51:47
766883,BEST.PIC:HOBBIT,The Hobbit?to win Academy Award for Best Picture,19,1.8,Nov/16/2012 15:52:38
766883,BEST.PIC:HOBBIT,The Hobbit?to win Academy Award for Best Picture,8,1.8,Nov/16/2012 17:19:34
766883,BEST.PIC:HOBBIT,The Hobbit?to win Academy Award for Best Picture,1,1.8,Nov/16/2012 17:19:34
766883,BEST.PIC:HOBBIT,The Hobbit?to win Academy Award for Best Picture,1,1.7,Nov/16/2012 17:19:37
766883,BEST.PIC:HOBBIT,The Hobbit?to win Academy Award for Best Picture,10,1.7,Nov/16/2012 17:19:37
766883,BEST.PIC:HOBBIT,The Hobbit?to win Academy Award for Best Picture,1,1.7,Nov/16/2012 19:32:49
766883,BEST.PIC:HOBBIT,The Hobbit?to win Academy Award for Best Picture,1,1.8,Nov/16/2012 19:32:49
766883,BEST.PIC:HOBBIT,The Hobbit?to win Academy Award for Best Picture,1,1.6,Nov/16/2012 19:59:08
766883,BEST.PIC:HOBBIT,The Hobbit?to win Academy Award for Best Picture,50,1.6,Nov/16/2012 19:59:08
766883,BEST.PIC:HOBBIT,The Hobbit?to win Academy Award for Best Picture,49,1.6,Nov/16/2012 19:59:08
766883,BEST.PIC:HOBBIT,The Hobbit?to win Academy Award for Best Picture,60,1.7,Nov/16/2012 21:57:39
766883,BEST.PIC:HOBBIT,The Hobbit?to win Academy Award for Best Picture,1,1.7,Nov/16/2012 22:11:17
766883,BEST.PIC:HOBBIT,The Hobbit?to win Academy Award for Best Picture,10,1.7,Nov/16/2012 23:43:02
766883,BEST.PIC:HOBBIT,The Hobbit?to win Academy Award for Best Picture,8,1.7,Nov/17/2012 00:49:47
766883,BEST.PIC:HOBBIT,The Hobbit?to win Academy Award for Best Picture,1,1.5,Nov/17/2012 05:42:43
766883,BEST.PIC:HOBBIT,The Hobbit?to win Academy Award for Best Picture,100,1.9,Nov/17/2012 15:30:24
766883,BEST.PIC:HOBBIT,The Hobbit?to win Academy Award for Best Picture,5,1.5,Nov/17/2012 15:38:14
766883,BEST.PIC:HOBBIT,The Hobbit?to win Academy Award for Best Picture,10,1.5,Nov/17/2012 15:40:45
766883,BEST.PIC:HOBBIT,The Hobbit?to win Academy Award for Best Picture,5,1.5,Nov/17/2012 15:41:13
766883,BEST.PIC:HOBBIT,The Hobbit?to win Academy Award for Best Picture,10,1.5,Nov/17/2012 15:41:31
766883,BEST.PIC:HOBBIT,The Hobbit?to win Academy Award for Best Picture,5,1.5,Nov/17/2012 15:42:15
766883,BEST.PIC:HOBBIT,The Hobbit?to win Academy Award for Best Picture,6,1.5,Nov/17/2012 15:42:56
766883,BEST.PIC:HOBBIT,The Hobbit?to win Academy Award for Best Picture,38,1.5,Nov/17/2012 16:11:44
766883,BEST.PIC:HOBBIT,The Hobbit?to win Academy Award for Best Picture,1,1.5,Nov/17/2012 16:34:53
766883,BEST.PIC:HOBBIT,The Hobbit?to win Academy Award for Best Picture,19,1.5,Nov/17/2012 16:38:59
766883,BEST.PIC:HOBBIT,The Hobbit?to win Academy Award for Best Picture,3,1.4,Nov/17/2012 16:38:59
766883,BEST.PIC:HOBBIT,The Hobbit?to win Academy Award for Best Picture,6,1.4,Nov/17/2012 16:48:40
766883,BEST.PIC:HOBBIT,The Hobbit?to win Academy Award for Best Picture,100,1.5,Nov/17/2012 19:50:17
766883,BEST.PIC:HOBBIT,The Hobbit?to win Academy Award for Best Picture,1,1.4,Nov/17/2012 19:51:47
766883,BEST.PIC:HOBBIT,The Hobbit?to win Academy Award for Best Picture,9,1.4,Nov/17/2012 19:53:35
766883,BEST.PIC:HOBBIT,The Hobbit?to win Academy Award for Best Picture,1,1.4,Nov/17/2012 20:03:53
766883,BEST.PIC:HOBBIT,The Hobbit?to win Academy Award for Best Picture,13,1.5,Nov/18/2012 03:09:24
766883,BEST.PIC:HOBBIT,The Hobbit?to win Academy Award for Best Picture,12,1.4,Nov/18/2012 06:46:58
766883,BEST.PIC:HOBBIT,The Hobbit?to win Academy Award for Best Picture,68,1.4,Nov/18/2012 06:54:43
766883,BEST.PIC:HOBBIT,The Hobbit?to win Academy Award for Best Picture,1,1.4,Nov/18/2012 13:57:31
766883,BEST.PIC:HOBBIT,The Hobbit?to win Academy Award for Best Picture,18,1.4,Nov/18/2012 14:03:15
766883,BEST.PIC:HOBBIT,The Hobbit?to win Academy Award for Best Picture,2,1.3,Nov/18/2012 18:40:24
766883,BEST.PIC:HOBBIT,The Hobbit?to win Academy Award for Best Picture,9,1.4,Nov/18/2012 20:35:45
766883,BEST.PIC:HOBBIT,The Hobbit?to win Academy Award for Best Picture,6,1.5,Nov/19/2012 04:34:47
766883,BEST.PIC:HOBBIT,The Hobbit?to win Academy Award for Best Picture,4,1.4,Nov/19/2012 04:34:47
766883,BEST.PIC:HOBBIT,The Hobbit?to win Academy Award for Best Picture,25,1.4,Nov/19/2012 04:34:47
766883,BEST.PIC:HOBBIT,The Hobbit?to win Academy Award for Best Picture,15,1.4,Nov/19/2012 04:34:47
766883,BEST.PIC:HOBBIT,The Hobbit?to win Academy Award for Best Picture,98,1.3,Nov/19/2012 04:52:26
766883,BEST.PIC:HOBBIT,The Hobbit?to win Academy Award for Best Picture,40,1.1,Nov/19/2012 16:18:36
766883,BEST.PIC:HOBBIT,The Hobbit?to win Academy Award for Best Picture,31,1.5,Nov/19/2012 17:14:11
766883,BEST.PIC:HOBBIT,The Hobbit?to win Academy Award for Best Picture,50,1.7,Nov/19/2012 17:14:11
766883,BEST.PIC:HOBBIT,The Hobbit?to win Academy Award for Best Picture,50,1.6,Nov/19/2012 17:14:11
766883,BEST.PIC:HOBBIT,The Hobbit?to win Academy Award for Best Picture,17,1.7,Nov/19/2012 17:14:11
766883,BEST.PIC:HOBBIT,The Hobbit?to win Academy Award for Best Picture,2,1.2,Nov/19/2012 17:14:11
766883,BEST.PIC:HOBBIT,The Hobbit?to win Academy Award for Best Picture,100,1.5,Nov/19/2012 17:14:11
766883,BEST.PIC:HOBBIT,The Hobbit?to win Academy Award for Best Picture,50,1.8,Nov/19/2012 17:15:49
766883,BEST.PIC:HOBBIT,The Hobbit?to win Academy Award for Best Picture,50,1.8,Nov/19/2012 17:15:49
766883,BEST.PIC:HOBBIT,The Hobbit?to win Academy Award for Best Picture,17,1.9,Nov/19/2012 17:15:49
766883,BEST.PIC:HOBBIT,The Hobbit?to win Academy Award for Best Picture,33,1.7,Nov/19/2012 17:15:49
766883,BEST.PIC:HOBBIT,The Hobbit?to win Academy Award for Best Picture,10,1.8,Nov/19/2012 17:18:31
766883,BEST.PIC:HOBBIT,The Hobbit?to win Academy Award for Best Picture,2,1.2,Nov/19/2012 17:30:52
766883,BEST.PIC:HOBBIT,The Hobbit?to win Academy Award for Best Picture,23,1.8,Nov/19/2012 20:24:46
766883,BEST.PIC:HOBBIT,The Hobbit?to win Academy Award for Best Picture,2,1.7,Nov/19/2012 20:24:46
766883,BEST.PIC:HOBBIT,The Hobbit?to win Academy Award for Best Picture,2,1.5,Nov/19/2012 22:39:05
766883,BEST.PIC:HOBBIT,The Hobbit?to win Academy Award for Best Picture,7,1.5,Nov/19/2012 23:05:57
766883,BEST.PIC:HOBBIT,The Hobbit?to win Academy Award for Best Picture,41,1.5,Nov/20/2012 01:57:20
766883,BEST.PIC:HOBBIT,The Hobbit?to win Academy Award for Best Picture,100,1.5,Nov/20/2012 01:57:20
766883,BEST.PIC:HOBBIT,The Hobbit?to win Academy Award for Best Picture,17,1.8,Nov/20/2012 07:39:08
766883,BEST.PIC:HOBBIT,The Hobbit?to win Academy Award for Best Picture,33,1.8,Nov/20/2012 07:39:08
766883,BEST.PIC:HOBBIT,The Hobbit?to win Academy Award for Best Picture,13,1.5,Nov/20/2012 19:17:03
766883,BEST.PIC:HOBBIT,The Hobbit?to win Academy Award for Best Picture,15,1.4,Nov/20/2012 23:02:13
766883,BEST.PIC:HOBBIT,The Hobbit?to win Academy Award for Best Picture,5,1.3,Nov/20/2012 23:04:54
766883,BEST.PIC:HOBBIT,The Hobbit?to win Academy Award for Best Picture,50,1.3,Nov/20/2012 23:04:54
766883,BEST.PIC:HOBBIT,The Hobbit?to win Academy Award for Best Picture,3,1.4,Nov/20/2012 23:04:54
766883,BEST.PIC:HOBBIT,The Hobbit?to win Academy Award for Best Picture,10,1.2,Nov/20/2012 23:21:25
766883,BEST.PIC:HOBBIT,The Hobbit?to win Academy Award for Best Picture,1,1.2,Nov/20/2012 23:25:19
766883,BEST.PIC:HOBBIT,The Hobbit?to win Academy Award for Best Picture,37,1.2,Nov/20/2012 23:26:36
766883,BEST.PIC:HOBBIT,The Hobbit?to win Academy Award for Best Picture,13,1.2,Nov/21/2012 00:29:24
766883,BEST.PIC:HOBBIT,The Hobbit?to win Academy Award for Best Picture,42,1.3,Nov/21/2012 00:29:37
766883,BEST.PIC:HOBBIT,The Hobbit?to win Academy Award for Best Picture,50,1.4,Nov/21/2012 00:29:49
766883,BEST.PIC:HOBBIT,The Hobbit?to win Academy Award for Best Picture,12,1.5,Nov/21/2012 00:29:59
766883,BEST.PIC:HOBBIT,The Hobbit?to win Academy Award for Best Picture,200,1.5,Nov/21/2012 00:29:59
766883,BEST.PIC:HOBBIT,The Hobbit?to win Academy Award for Best Picture,50,1.5,Nov/21/2012 04:11:47
766883,BEST.PIC:HOBBIT,The Hobbit?to win Academy Award for Best Picture,50,1.4,Nov/21/2012 04:11:47
766883,BEST.PIC:HOBBIT,The Hobbit?to win Academy Award for Best Picture,10,1.5,Nov/21/2012 16:44:26
766883,BEST.PIC:HOBBIT,The Hobbit?to win Academy Award for Best Picture,90,1.5,Nov/21/2012 16:45:41
766883,BEST.PIC:HOBBIT,The Hobbit?to win Academy Award for Best Picture,20,1.3,Nov/21/2012 21:06:17
766883,BEST.PIC:HOBBIT,The Hobbit?to win Academy Award for Best Picture,1,1.3,Nov/21/2012 23:56:52
766883,BEST.PIC:HOBBIT,The Hobbit?to win Academy Award for Best Picture,100,1.2,Nov/22/2012 01:26:54
766883,BEST.PIC:HOBBIT,The Hobbit?to win Academy Award for Best Picture,1,1.0,Nov/22/2012 02:57:25
766883,BEST.PIC:HOBBIT,The Hobbit?to win Academy Award for Best Picture,29,1.3,Nov/22/2012 04:11:25
766883,BEST.PIC:HOBBIT,The Hobbit?to win Academy Award for Best Picture,50,1.2,Nov/22/2012 22:37:57
766883,BEST.PIC:HOBBIT,The Hobbit?to win Academy Award for Best Picture,100,1.2,Nov/23/2012 04:12:03
766883,BEST.PIC:HOBBIT,The Hobbit?to win Academy Award for Best Picture,1,1.0,Nov/23/2012 04:45:37
766883,BEST.PIC:HOBBIT,The Hobbit?to win Academy Award for Best Picture,100,1.1,Nov/23/2012 06:47:57
766883,BEST.PIC:HOBBIT,The Hobbit?to win Academy Award for Best Picture,1,1.1,Nov/23/2012 11:15:42
766883,BEST.PIC:HOBBIT,The Hobbit?to win Academy Award for Best Picture,50,1.3,Nov/23/2012 18:38:50
766883,BEST.PIC:HOBBIT,The Hobbit?to win Academy Award for Best Picture,25,1.3,Nov/23/2012 18:38:50
766883,BEST.PIC:HOBBIT,The Hobbit?to win Academy Award for Best Picture,64,1.4,Nov/23/2012 18:39:17
766883,BEST.PIC:HOBBIT,The Hobbit?to win Academy Award for Best Picture,50,1.4,Nov/23/2012 18:39:17
766883,BEST.PIC:HOBBIT,The Hobbit?to win Academy Award for Best Picture,59,1.1,Nov/23/2012 20:23:28
766883,BEST.PIC:HOBBIT,The Hobbit?to win Academy Award for Best Picture,25,1.2,Nov/23/2012 20:23:28
766883,BEST.PIC:HOBBIT,The Hobbit?to win Academy Award for Best Picture,3,1.0,Nov/23/2012 21:57:55
766883,BEST.PIC:HOBBIT,The Hobbit?to win Academy Award for Best Picture,95,1.0,Nov/23/2012 22:33:30
766883,BEST.PIC:HOBBIT,The Hobbit?to win Academy Award for Best Picture,40,1.0,Nov/23/2012 22:33:30
766883,BEST.PIC:HOBBIT,The Hobbit?to win Academy Award for Best Picture,1,1.0,Nov/23/2012 22:33:30
766883,BEST.PIC:HOBBIT,The Hobbit?to win Academy Award for Best Picture,68,0.9,Nov/23/2012 22:44:32
766883,BEST.PIC:HOBBIT,The Hobbit?to win Academy Award for Best Picture,20,0.9,Nov/24/2012 00:07:15
766883,BEST.PIC:HOBBIT,The Hobbit?to win Academy Award for Best Picture,20,0.9,Nov/24/2012 00:07:49
766883,BEST.PIC:HOBBIT,The Hobbit?to win Academy Award for Best Picture,15,0.9,Nov/24/2012 00:08:00
766883,BEST.PIC:HOBBIT,The Hobbit?to win Academy Award for Best Picture,15,0.9,Nov/24/2012 00:08:40
766883,BEST.PIC:HOBBIT,The Hobbit?to win Academy Award for Best Picture,42,0.9,Nov/24/2012 00:09:42
766883,BEST.PIC:HOBBIT,The Hobbit?to win Academy Award for Best Picture,8,0.9,Nov/24/2012 00:10:03
766883,BEST.PIC:HOBBIT,The Hobbit?to win Academy Award for Best Picture,6,0.9,Nov/24/2012 00:10:26
766883,BEST.PIC:HOBBIT,The Hobbit?to win Academy Award for Best Picture,1,0.9,Nov/24/2012 01:38:33
766883,BEST.PIC:HOBBIT,The Hobbit?to win Academy Award for Best Picture,1,0.9,Nov/24/2012 01:42:03
766883,BEST.PIC:HOBBIT,The Hobbit?to win Academy Award for Best Picture,10,0.9,Nov/24/2012 01:45:22
766883,BEST.PIC:HOBBIT,The Hobbit?to win Academy Award for Best Picture,10,0.9,Nov/24/2012 01:45:27
766883,BEST.PIC:HOBBIT,The Hobbit?to win Academy Award for Best Picture,150,1.0,Nov/24/2012 01:45:40
766883,BEST.PIC:HOBBIT,The Hobbit?to win Academy Award for Best Picture,14,1.0,Nov/24/2012 01:47:53
766883,BEST.PIC:HOBBIT,The Hobbit?to win Academy Award for Best Picture,10,1.0,Nov/24/2012 01:48:21
766883,BEST.PIC:HOBBIT,The Hobbit?to win Academy Award for Best Picture,176,1.0,Nov/24/2012 01:48:38
766883,BEST.PIC:HOBBIT,The Hobbit?to win Academy Award for Best Picture,2,1.0,Nov/24/2012 05:16:32
766883,BEST.PIC:HOBBIT,The Hobbit?to win Academy Award for Best Picture,300,1.0,Nov/24/2012 13:03:46
766883,BEST.PIC:HOBBIT,The Hobbit?to win Academy Award for Best Picture,14,1.0,Nov/24/2012 14:58:01
766883,BEST.PIC:HOBBIT,The Hobbit?to win Academy Award for Best Picture,2,1.0,Nov/24/2012 14:58:21
766883,BEST.PIC:HOBBIT,The Hobbit?to win Academy Award for Best Picture,10,0.9,Nov/24/2012 15:12:23
766883,BEST.PIC:HOBBIT,The Hobbit?to win Academy Award for Best Picture,6,1.0,Nov/24/2012 18:03:08
766883,BEST.PIC:HOBBIT,The Hobbit?to win Academy Award for Best Picture,194,1.0,Nov/24/2012 18:03:08
766883,BEST.PIC:HOBBIT,The Hobbit?to win Academy Award for Best Picture,10,0.9,Nov/24/2012 18:13:04
766883,BEST.PIC:HOBBIT,The Hobbit?to win Academy Award for Best Picture,1,1.0,Nov/24/2012 19:55:07
766883,BEST.PIC:HOBBIT,The Hobbit?to win Academy Award for Best Picture,5,1.0,Nov/24/2012 21:25:44
766883,BEST.PIC:HOBBIT,The Hobbit?to win Academy Award for Best Picture,4,1.0,Nov/24/2012 21:25:44
766883,BEST.PIC:HOBBIT,The Hobbit?to win Academy Award for Best Picture,200,1.0,Nov/24/2012 22:01:09
766883,BEST.PIC:HOBBIT,The Hobbit?to win Academy Award for Best Picture,1,0.9,Nov/24/2012 22:03:54
766883,BEST.PIC:HOBBIT,The Hobbit?to win Academy Award for Best Picture,1,0.9,Nov/24/2012 22:39:42
766883,BEST.PIC:HOBBIT,The Hobbit?to win Academy Award for Best Picture,2,0.9,Nov/24/2012 22:44:38
766883,BEST.PIC:HOBBIT,The Hobbit?to win Academy Award for Best Picture,1,1.0,Nov/24/2012 23:46:31
766883,BEST.PIC:HOBBIT,The Hobbit?to win Academy Award for Best Picture,6,1.0,Nov/24/2012 23:46:50
766883,BEST.PIC:HOBBIT,The Hobbit?to win Academy Award for Best Picture,2,0.9,Nov/24/2012 23:50:25
766883,BEST.PIC:HOBBIT,The Hobbit?to win Academy Award for Best Picture,50,0.9,Nov/25/2012 00:33:13
766883,BEST.PIC:HOBBIT,The Hobbit?to win Academy Award for Best Picture,24,0.9,Nov/25/2012 02:45:17
766883,BEST.PIC:HOBBIT,The Hobbit?to win Academy Award for Best Picture,39,1.0,Nov/25/2012 10:33:44
766883,BEST.PIC:HOBBIT,The Hobbit?to win Academy Award for Best Picture,26,1.0,Nov/25/2012 10:33:44
766883,BEST.PIC:HOBBIT,The Hobbit?to win Academy Award for Best Picture,135,1.0,Nov/25/2012 10:33:44
766883,BEST.PIC:HOBBIT,The Hobbit?to win Academy Award for Best Picture,5,0.9,Nov/25/2012 14:53:31
766883,BEST.PIC:HOBBIT,The Hobbit?to win Academy Award for Best Picture,10,0.9,Nov/25/2012 14:54:06
766883,BEST.PIC:HOBBIT,The Hobbit?to win Academy Award for Best Picture,7,0.9,Nov/25/2012 15:34:12
766883,BEST.PIC:HOBBIT,The Hobbit?to win Academy Award for Best Picture,3,0.9,Nov/25/2012 15:59:37
766883,BEST.PIC:HOBBIT,The Hobbit?to win Academy Award for Best Picture,5,0.9,Nov/25/2012 16:07:44
766883,BEST.PIC:HOBBIT,The Hobbit?to win Academy Award for Best Picture,2,0.9,Nov/25/2012 18:11:02
766883,BEST.PIC:HOBBIT,The Hobbit?to win Academy Award for Best Picture,24,0.9,Nov/25/2012 18:11:13
766883,BEST.PIC:HOBBIT,The Hobbit?to win Academy Award for Best Picture,9,0.9,Nov/25/2012 18:11:33
766883,BEST.PIC:HOBBIT,The Hobbit?to win Academy Award for Best Picture,7,0.9,Nov/25/2012 18:11:51
766883,BEST.PIC:HOBBIT,The Hobbit?to win Academy Award for Best Picture,5,0.9,Nov/25/2012 18:12:05
766883,BEST.PIC:HOBBIT,The Hobbit?to win Academy Award for Best Picture,10,0.9,Nov/25/2012 18:12:15
766883,BEST.PIC:HOBBIT,The Hobbit?to win Academy Award for Best Picture,133,1.0,Nov/25/2012 19:55:20
766883,BEST.PIC:HOBBIT,The Hobbit?to win Academy Award for Best Picture,67,1.0,Nov/25/2012 19:55:20
766883,BEST.PIC:HOBBIT,The Hobbit?to win Academy Award for Best Picture,5,0.9,Nov/25/2012 20:05:42
766883,BEST.PIC:HOBBIT,The Hobbit?to win Academy Award for Best Picture,10,1.0,Nov/25/2012 21:20:40
766883,BEST.PIC:HOBBIT,The Hobbit?to win Academy Award for Best Picture,29,1.0,Nov/26/2012 01:00:25
766883,BEST.PIC:HOBBIT,The Hobbit?to win Academy Award for Best Picture,50,1.0,Nov/26/2012 01:00:25
766883,BEST.PIC:HOBBIT,The Hobbit?to win Academy Award for Best Picture,121,1.0,Nov/26/2012 01:00:25
766883,BEST.PIC:HOBBIT,The Hobbit?to win Academy Award for Best Picture,3,0.9,Nov/26/2012 02:59:46
766883,BEST.PIC:HOBBIT,The Hobbit?to win Academy Award for Best Picture,1,0.9,Nov/26/2012 03:00:44
766883,BEST.PIC:HOBBIT,The Hobbit?to win Academy Award for Best Picture,9,1.0,Nov/26/2012 03:46:56
766883,BEST.PIC:HOBBIT,The Hobbit?to win Academy Award for Best Picture,119,1.0,Nov/26/2012 03:46:56
766883,BEST.PIC:HOBBIT,The Hobbit?to win Academy Award for Best Picture,100,1.0,Nov/26/2012 03:46:56
766883,BEST.PIC:HOBBIT,The Hobbit?to win Academy Award for Best Picture,172,1.0,Nov/26/2012 03:46:56
766883,BEST.PIC:HOBBIT,The Hobbit?to win Academy Award for Best Picture,196,1.0,Nov/26/2012 09:55:15
766883,BEST.PIC:HOBBIT,The Hobbit?to win Academy Award for Best Picture,4,1.0,Nov/26/2012 09:55:15
766883,BEST.PIC:HOBBIT,The Hobbit?to win Academy Award for Best Picture,16,0.9,Nov/26/2012 16:09:19
766883,BEST.PIC:HOBBIT,The Hobbit?to win Academy Award for Best Picture,50,1.0,Nov/26/2012 16:38:00
766883,BEST.PIC:HOBBIT,The Hobbit?to win Academy Award for Best Picture,50,1.0,Nov/26/2012 18:05:09
766883,BEST.PIC:HOBBIT,The Hobbit?to win Academy Award for Best Picture,100,1.0,Nov/26/2012 18:55:13
766883,BEST.PIC:HOBBIT,The Hobbit?to win Academy Award for Best Picture,40,1.0,Nov/26/2012 21:00:13
766883,BEST.PIC:HOBBIT,The Hobbit?to win Academy Award for Best Picture,2,0.9,Nov/26/2012 21:17:40
766883,BEST.PIC:HOBBIT,The Hobbit?to win Academy Award for Best Picture,30,0.9,Nov/26/2012 22:00:41
766883,BEST.PIC:HOBBIT,The Hobbit?to win Academy Award for Best Picture,1,0.9,Nov/26/2012 22:01:04
766883,BEST.PIC:HOBBIT,The Hobbit?to win Academy Award for Best Picture,260,1.0,Nov/26/2012 22:03:50
766883,BEST.PIC:HOBBIT,The Hobbit?to win Academy Award for Best Picture,43,1.0,Nov/26/2012 22:06:16
766883,BEST.PIC:HOBBIT,The Hobbit?to win Academy Award for Best Picture,10,1.0,Nov/26/2012 22:06:50
766883,BEST.PIC:HOBBIT,The Hobbit?to win Academy Award for Best Picture,7,1.0,Nov/26/2012 22:07:20
766883,BEST.PIC:HOBBIT,The Hobbit?to win Academy Award for Best Picture,3,1.0,Nov/26/2012 22:07:34
766883,BEST.PIC:HOBBIT,The Hobbit?to win Academy Award for Best Picture,6,1.0,Nov/26/2012 22:07:58
766883,BEST.PIC:HOBBIT,The Hobbit?to win Academy Award for Best Picture,19,1.0,Nov/26/2012 22:09:18
766883,BEST.PIC:HOBBIT,The Hobbit?to win Academy Award for Best Picture,150,1.0,Nov/26/2012 22:12:24
766883,BEST.PIC:HOBBIT,The Hobbit?to win Academy Award for Best Picture,40,1.0,Nov/26/2012 22:13:47
766883,BEST.PIC:HOBBIT,The Hobbit?to win Academy Award for Best Picture,9,1.0,Nov/26/2012 22:17:44
766883,BEST.PIC:HOBBIT,The Hobbit?to win Academy Award for Best Picture,1,1.0,Nov/26/2012 22:18:50
766883,BEST.PIC:HOBBIT,The Hobbit?to win Academy Award for Best Picture,19,1.0,Nov/26/2012 22:19:34
766883,BEST.PIC:HOBBIT,The Hobbit?to win Academy Award for Best Picture,3,1.0,Nov/26/2012 22:29:02
766883,BEST.PIC:HOBBIT,The Hobbit?to win Academy Award for Best Picture,1,1.0,Nov/26/2012 22:29:07
766883,BEST.PIC:HOBBIT,The Hobbit?to win Academy Award for Best Picture,1,1.0,Nov/26/2012 22:29:51
766883,BEST.PIC:HOBBIT,The Hobbit?to win Academy Award for Best Picture,5,1.0,Nov/26/2012 22:30:00
766883,BEST.PIC:HOBBIT,The Hobbit?to win Academy Award for Best Picture,1,1.0,Nov/26/2012 22:35:20
766883,BEST.PIC:HOBBIT,The Hobbit?to win Academy Award for Best Picture,1,1.1,Nov/26/2012 23:01:25
766883,BEST.PIC:HOBBIT,The Hobbit?to win Academy Award for Best Picture,19,0.5,Nov/26/2012 23:01:44
766883,BEST.PIC:HOBBIT,The Hobbit?to win Academy Award for Best Picture,30,0.6,Nov/26/2012 23:06:17
766883,BEST.PIC:HOBBIT,The Hobbit?to win Academy Award for Best Picture,150,1.0,Nov/26/2012 23:18:46
766883,BEST.PIC:HOBBIT,The Hobbit?to win Academy Award for Best Picture,1,1.1,Nov/26/2012 23:32:27
766883,BEST.PIC:HOBBIT,The Hobbit?to win Academy Award for Best Picture,2,1.2,Nov/26/2012 23:32:39
766883,BEST.PIC:HOBBIT,The Hobbit?to win Academy Award for Best Picture,2,1.3,Nov/26/2012 23:32:39
766883,BEST.PIC:HOBBIT,The Hobbit?to win Academy Award for Best Picture,5,1.3,Nov/26/2012 23:32:39
766883,BEST.PIC:HOBBIT,The Hobbit?to win Academy Award for Best Picture,5,1.2,Nov/26/2012 23:52:45
766883,BEST.PIC:HOBBIT,The Hobbit?to win Academy Award for Best Picture,100,1.1,Nov/26/2012 23:55:02
766883,BEST.PIC:HOBBIT,The Hobbit?to win Academy Award for Best Picture,95,1.2,Nov/26/2012 23:55:02
766883,BEST.PIC:HOBBIT,The Hobbit?to win Academy Award for Best Picture,50,1.1,Nov/26/2012 23:58:32
766883,BEST.PIC:HOBBIT,The Hobbit?to win Academy Award for Best Picture,102,1.0,Nov/27/2012 00:14:22
766883,BEST.PIC:HOBBIT,The Hobbit?to win Academy Award for Best Picture,98,0.9,Nov/27/2012 00:14:38
766883,BEST.PIC:HOBBIT,The Hobbit?to win Academy Award for Best Picture,15,0.9,Nov/27/2012 00:36:56
766883,BEST.PIC:HOBBIT,The Hobbit?to win Academy Award for Best Picture,55,1.1,Nov/27/2012 01:45:08
766883,BEST.PIC:HOBBIT,The Hobbit?to win Academy Award for Best Picture,1,1.0,Nov/27/2012 01:54:10
766883,BEST.PIC:HOBBIT,The Hobbit?to win Academy Award for Best Picture,99,1.0,Nov/27/2012 01:54:10
766883,BEST.PIC:HOBBIT,The Hobbit?to win Academy Award for Best Picture,46,1.0,Nov/27/2012 02:06:13
766883,BEST.PIC:HOBBIT,The Hobbit?to win Academy Award for Best Picture,87,0.9,Nov/27/2012 02:17:17
766883,BEST.PIC:HOBBIT,The Hobbit?to win Academy Award for Best Picture,2,0.9,Nov/27/2012 03:03:46
766883,BEST.PIC:HOBBIT,The Hobbit?to win Academy Award for Best Picture,1,1.4,Nov/27/2012 05:28:57
766883,BEST.PIC:HOBBIT,The Hobbit?to win Academy Award for Best Picture,100,1.5,Nov/27/2012 05:28:57
766883,BEST.PIC:HOBBIT,The Hobbit?to win Academy Award for Best Picture,95,1.3,Nov/27/2012 05:28:57
766883,BEST.PIC:HOBBIT,The Hobbit?to win Academy Award for Best Picture,39,1.5,Nov/27/2012 05:28:57
766883,BEST.PIC:HOBBIT,The Hobbit?to win Academy Award for Best Picture,65,0.9,Nov/27/2012 05:28:57
766883,BEST.PIC:HOBBIT,The Hobbit?to win Academy Award for Best Picture,1,0.8,Nov/27/2012 14:23:38
766883,BEST.PIC:HOBBIT,The Hobbit?to win Academy Award for Best Picture,19,0.5,Nov/27/2012 14:23:38
766883,BEST.PIC:HOBBIT,The Hobbit?to win Academy Award for Best Picture,1,0.6,Nov/27/2012 14:23:38
766883,BEST.PIC:HOBBIT,The Hobbit?to win Academy Award for Best Picture,1,0.7,Nov/27/2012 14:23:38
766883,BEST.PIC:HOBBIT,The Hobbit?to win Academy Award for Best Picture,2,0.6,Nov/27/2012 14:23:38
766883,BEST.PIC:HOBBIT,The Hobbit?to win Academy Award for Best Picture,1,0.7,Nov/27/2012 14:23:38
766883,BEST.PIC:HOBBIT,The Hobbit?to win Academy Award for Best Picture,5,0.5,Nov/27/2012 14:29:30
766883,BEST.PIC:HOBBIT,The Hobbit?to win Academy Award for Best Picture,57,0.5,Nov/27/2012 15:59:20
766883,BEST.PIC:HOBBIT,The Hobbit?to win Academy Award for Best Picture,1,0.5,Nov/27/2012 15:59:20
766883,BEST.PIC:HOBBIT,The Hobbit?to win Academy Award for Best Picture,287,0.4,Nov/27/2012 15:59:28
766883,BEST.PIC:HOBBIT,The Hobbit?to win Academy Award for Best Picture,135,0.3,Nov/27/2012 15:59:36
766883,BEST.PIC:HOBBIT,The Hobbit?to win Academy Award for Best Picture,1,0.9,Nov/27/2012 16:09:46
766883,BEST.PIC:HOBBIT,The Hobbit?to win Academy Award for Best Picture,2,1.0,Nov/27/2012 17:28:59
766883,BEST.PIC:HOBBIT,The Hobbit?to win Academy Award for Best Picture,2,1.1,Nov/27/2012 17:29:06
766883,BEST.PIC:HOBBIT,The Hobbit?to win Academy Award for Best Picture,1,1.2,Nov/27/2012 17:29:14
766883,BEST.PIC:HOBBIT,The Hobbit?to win Academy Award for Best Picture,2,0.9,Nov/28/2012 01:06:55
766883,BEST.PIC:HOBBIT,The Hobbit?to win Academy Award for Best Picture,7,0.5,Nov/28/2012 05:47:35
766883,BEST.PIC:HOBBIT,The Hobbit?to win Academy Award for Best Picture,5,0.7,Nov/28/2012 15:17:35
766883,BEST.PIC:HOBBIT,The Hobbit?to win Academy Award for Best Picture,1,0.6,Nov/28/2012 15:23:10
766883,BEST.PIC:HOBBIT,The Hobbit?to win Academy Award for Best Picture,1,0.6,Nov/28/2012 15:23:13
766883,BEST.PIC:HOBBIT,The Hobbit?to win Academy Award for Best Picture,1,0.6,Nov/28/2012 15:26:51
766883,BEST.PIC:HOBBIT,The Hobbit?to win Academy Award for Best Picture,1,0.6,Nov/28/2012 15:26:54
766883,BEST.PIC:HOBBIT,The Hobbit?to win Academy Award for Best Picture,1,0.6,Nov/28/2012 15:26:55
766883,BEST.PIC:HOBBIT,The Hobbit?to win Academy Award for Best Picture,1,0.6,Nov/28/2012 15:26:58
766883,BEST.PIC:HOBBIT,The Hobbit?to win Academy Award for Best Picture,1,0.6,Nov/28/2012 15:33:49
766883,BEST.PIC:HOBBIT,The Hobbit?to win Academy Award for Best Picture,1,0.6,Nov/28/2012 15:33:53
766883,BEST.PIC:HOBBIT,The Hobbit?to win Academy Award for Best Picture,1,0.6,Nov/28/2012 15:33:55
766883,BEST.PIC:HOBBIT,The Hobbit?to win Academy Award for Best Picture,1,0.6,Nov/28/2012 15:33:57
766883,BEST.PIC:HOBBIT,The Hobbit?to win Academy Award for Best Picture,1,0.6,Nov/28/2012 15:33:59
766883,BEST.PIC:HOBBIT,The Hobbit?to win Academy Award for Best Picture,1,0.6,Nov/28/2012 15:34:00
766883,BEST.PIC:HOBBIT,The Hobbit?to win Academy Award for Best Picture,1,0.6,Nov/28/2012 15:34:03
766883,BEST.PIC:HOBBIT,The Hobbit?to win Academy Award for Best Picture,1,0.6,Nov/28/2012 15:34:04
766883,BEST.PIC:HOBBIT,The Hobbit?to win Academy Award for Best Picture,1,0.6,Nov/28/2012 15:34:06
766883,BEST.PIC:HOBBIT,The Hobbit?to win Academy Award for Best Picture,1,0.6,Nov/28/2012 15:34:07
766883,BEST.PIC:HOBBIT,The Hobbit?to win Academy Award for Best Picture,1,0.6,Nov/28/2012 15:34:08
766883,BEST.PIC:HOBBIT,The Hobbit?to win Academy Award for Best Picture,1,0.6,Nov/28/2012 15:34:09
766883,BEST.PIC:HOBBIT,The Hobbit?to win Academy Award for Best Picture,1,0.6,Nov/28/2012 15:34:10
766883,BEST.PIC:HOBBIT,The Hobbit?to win Academy Award for Best Picture,1,0.6,Nov/28/2012 15:34:11
766883,BEST.PIC:HOBBIT,The Hobbit?to win Academy Award for Best Picture,75,0.6,Nov/28/2012 15:34:20
766883,BEST.PIC:HOBBIT,The Hobbit?to win Academy Award for Best Picture,1,0.7,Nov/28/2012 15:38:02
766883,BEST.PIC:HOBBIT,The Hobbit?to win Academy Award for Best Picture,1,0.7,Nov/28/2012 15:38:05
766883,BEST.PIC:HOBBIT,The Hobbit?to win Academy Award for Best Picture,1,0.7,Nov/28/2012 15:38:08
766883,BEST.PIC:HOBBIT,The Hobbit?to win Academy Award for Best Picture,1,0.7,Nov/28/2012 15:38:11
766883,BEST.PIC:HOBBIT,The Hobbit?to win Academy Award for Best Picture,1,0.7,Nov/28/2012 15:38:12
766883,BEST.PIC:HOBBIT,The Hobbit?to win Academy Award for Best Picture,1,0.7,Nov/28/2012 15:38:13
766883,BEST.PIC:HOBBIT,The Hobbit?to win Academy Award for Best Picture,1,0.7,Nov/28/2012 15:38:14
766883,BEST.PIC:HOBBIT,The Hobbit?to win Academy Award for Best Picture,1,0.7,Nov/28/2012 15:38:15
766883,BEST.PIC:HOBBIT,The Hobbit?to win Academy Award for Best Picture,1,0.7,Nov/28/2012 15:58:32
766883,BEST.PIC:HOBBIT,The Hobbit?to win Academy Award for Best Picture,1,0.7,Nov/28/2012 15:58:36
766883,BEST.PIC:HOBBIT,The Hobbit?to win Academy Award for Best Picture,1,0.7,Nov/28/2012 15:58:40
766883,BEST.PIC:HOBBIT,The Hobbit?to win Academy Award for Best Picture,1,0.7,Nov/28/2012 15:58:42
766883,BEST.PIC:HOBBIT,The Hobbit?to win Academy Award for Best Picture,1,0.7,Nov/28/2012 15:58:43
766883,BEST.PIC:HOBBIT,The Hobbit?to win Academy Award for Best Picture,1,0.7,Nov/28/2012 15:58:44
766883,BEST.PIC:HOBBIT,The Hobbit?to win Academy Award for Best Picture,1,0.7,Nov/28/2012 15:58:46
766883,BEST.PIC:HOBBIT,The Hobbit?to win Academy Award for Best Picture,1,0.7,Nov/28/2012 15:58:47
766883,BEST.PIC:HOBBIT,The Hobbit?to win Academy Award for Best Picture,1,0.7,Nov/28/2012 15:58:48
766883,BEST.PIC:HOBBIT,The Hobbit?to win Academy Award for Best Picture,1,0.7,Nov/28/2012 15:58:49
766883,BEST.PIC:HOBBIT,The Hobbit?to win Academy Award for Best Picture,1,0.7,Nov/28/2012 15:58:50
766883,BEST.PIC:HOBBIT,The Hobbit?to win Academy Award for Best Picture,1,0.7,Nov/28/2012 15:58:51
766883,BEST.PIC:HOBBIT,The Hobbit?to win Academy Award for Best Picture,1,0.7,Nov/28/2012 15:58:52
766883,BEST.PIC:HOBBIT,The Hobbit?to win Academy Award for Best Picture,1,0.7,Nov/28/2012 15:58:54
766883,BEST.PIC:HOBBIT,The Hobbit?to win Academy Award for Best Picture,1,0.7,Nov/28/2012 15:58:55
766883,BEST.PIC:HOBBIT,The Hobbit?to win Academy Award for Best Picture,1,0.7,Nov/28/2012 15:58:56
766883,BEST.PIC:HOBBIT,The Hobbit?to win Academy Award for Best Picture,1,0.7,Nov/28/2012 15:58:57
766883,BEST.PIC:HOBBIT,The Hobbit?to win Academy Award for Best Picture,1,0.7,Nov/28/2012 15:58:58
766883,BEST.PIC:HOBBIT,The Hobbit?to win Academy Award for Best Picture,1,0.7,Nov/28/2012 15:58:59
766883,BEST.PIC:HOBBIT,The Hobbit?to win Academy Award for Best Picture,1,0.7,Nov/28/2012 16:16:03
766883,BEST.PIC:HOBBIT,The Hobbit?to win Academy Award for Best Picture,1,0.7,Nov/28/2012 16:16:08
766883,BEST.PIC:HOBBIT,The Hobbit?to win Academy Award for Best Picture,1,0.7,Nov/28/2012 16:16:10
766883,BEST.PIC:HOBBIT,The Hobbit?to win Academy Award for Best Picture,1,0.7,Nov/28/2012 16:16:12
766883,BEST.PIC:HOBBIT,The Hobbit?to win Academy Award for Best Picture,1,0.7,Nov/28/2012 16:16:13
766883,BEST.PIC:HOBBIT,The Hobbit?to win Academy Award for Best Picture,1,0.7,Nov/28/2012 16:16:14
766883,BEST.PIC:HOBBIT,The Hobbit?to win Academy Award for Best Picture,1,0.7,Nov/28/2012 16:16:16
766883,BEST.PIC:HOBBIT,The Hobbit?to win Academy Award for Best Picture,1,0.7,Nov/28/2012 16:16:16
766883,BEST.PIC:HOBBIT,The Hobbit?to win Academy Award for Best Picture,1,0.7,Nov/28/2012 16:16:18
766883,BEST.PIC:HOBBIT,The Hobbit?to win Academy Award for Best Picture,1,0.7,Nov/28/2012 16:16:19
766883,BEST.PIC:HOBBIT,The Hobbit?to win Academy Award for Best Picture,1,0.7,Nov/28/2012 16:16:20
766883,BEST.PIC:HOBBIT,The Hobbit?to win Academy Award for Best Picture,1,0.7,Nov/28/2012 16:16:21
766883,BEST.PIC:HOBBIT,The Hobbit?to win Academy Award for Best Picture,1,0.7,Nov/28/2012 16:16:22
766883,BEST.PIC:HOBBIT,The Hobbit?to win Academy Award for Best Picture,1,0.7,Nov/28/2012 16:16:23
766883,BEST.PIC:HOBBIT,The Hobbit?to win Academy Award for Best Picture,1,0.7,Nov/28/2012 16:16:24
766883,BEST.PIC:HOBBIT,The Hobbit?to win Academy Award for Best Picture,1,0.7,Nov/28/2012 16:16:26
766883,BEST.PIC:HOBBIT,The Hobbit?to win Academy Award for Best Picture,1,0.7,Nov/28/2012 16:16:27
766883,BEST.PIC:HOBBIT,The Hobbit?to win Academy Award for Best Picture,1,0.7,Nov/28/2012 16:16:28
766883,BEST.PIC:HOBBIT,The Hobbit?to win Academy Award for Best Picture,1,0.7,Nov/28/2012 16:16:30
766883,BEST.PIC:HOBBIT,The Hobbit?to win Academy Award for Best Picture,1,0.7,Nov/28/2012 16:16:31
766883,BEST.PIC:HOBBIT,The Hobbit?to win Academy Award for Best Picture,1,0.7,Nov/28/2012 16:16:32
766883,BEST.PIC:HOBBIT,The Hobbit?to win Academy Award for Best Picture,1,0.7,Nov/28/2012 16:16:33
766883,BEST.PIC:HOBBIT,The Hobbit?to win Academy Award for Best Picture,1,0.7,Nov/28/2012 16:16:34
766883,BEST.PIC:HOBBIT,The Hobbit?to win Academy Award for Best Picture,1,0.7,Nov/28/2012 16:16:35
766883,BEST.PIC:HOBBIT,The Hobbit?to win Academy Award for Best Picture,1,0.7,Nov/28/2012 16:48:03
766883,BEST.PIC:HOBBIT,The Hobbit?to win Academy Award for Best Picture,1,0.7,Nov/28/2012 16:48:09
766883,BEST.PIC:HOBBIT,The Hobbit?to win Academy Award for Best Picture,1,0.7,Nov/28/2012 16:48:11
766883,BEST.PIC:HOBBIT,The Hobbit?to win Academy Award for Best Picture,1,0.7,Nov/28/2012 16:48:12
766883,BEST.PIC:HOBBIT,The Hobbit?to win Academy Award for Best Picture,1,0.7,Nov/28/2012 16:48:13
766883,BEST.PIC:HOBBIT,The Hobbit?to win Academy Award for Best Picture,1,0.7,Nov/28/2012 16:48:14
766883,BEST.PIC:HOBBIT,The Hobbit?to win Academy Award for Best Picture,1,0.7,Nov/28/2012 16:48:17
766883,BEST.PIC:HOBBIT,The Hobbit?to win Academy Award for Best Picture,1,0.7,Nov/28/2012 16:48:18
766883,BEST.PIC:HOBBIT,The Hobbit?to win Academy Award for Best Picture,1,0.7,Nov/28/2012 16:48:20
766883,BEST.PIC:HOBBIT,The Hobbit?to win Academy Award for Best Picture,1,0.7,Nov/28/2012 16:54:02
766883,BEST.PIC:HOBBIT,The Hobbit?to win Academy Award for Best Picture,1,0.7,Nov/28/2012 16:54:06
766883,BEST.PIC:HOBBIT,The Hobbit?to win Academy Award for Best Picture,1,0.7,Nov/28/2012 16:54:08
766883,BEST.PIC:HOBBIT,The Hobbit?to win Academy Award for Best Picture,1,0.7,Nov/28/2012 16:54:11
766883,BEST.PIC:HOBBIT,The Hobbit?to win Academy Award for Best Picture,1,0.7,Nov/28/2012 16:54:14
766883,BEST.PIC:HOBBIT,The Hobbit?to win Academy Award for Best Picture,1,0.7,Nov/28/2012 16:54:15
766883,BEST.PIC:HOBBIT,The Hobbit?to win Academy Award for Best Picture,1,0.7,Nov/28/2012 16:54:17
766883,BEST.PIC:HOBBIT,The Hobbit?to win Academy Award for Best Picture,1,0.7,Nov/28/2012 16:54:18
766883,BEST.PIC:HOBBIT,The Hobbit?to win Academy Award for Best Picture,1,0.7,Nov/28/2012 16:54:19
766883,BEST.PIC:HOBBIT,The Hobbit?to win Academy Award for Best Picture,1,0.7,Nov/28/2012 17:10:19
766883,BEST.PIC:HOBBIT,The Hobbit?to win Academy Award for Best Picture,1,0.7,Nov/28/2012 17:10:52
766883,BEST.PIC:HOBBIT,The Hobbit?to win Academy Award for Best Picture,1,0.7,Nov/28/2012 17:11:43
766883,BEST.PIC:HOBBIT,The Hobbit?to win Academy Award for Best Picture,1,0.7,Nov/28/2012 17:12:53
766883,BEST.PIC:HOBBIT,The Hobbit?to win Academy Award for Best Picture,1,0.7,Nov/28/2012 17:12:55
766883,BEST.PIC:HOBBIT,The Hobbit?to win Academy Award for Best Picture,1,0.7,Nov/28/2012 17:12:57
766883,BEST.PIC:HOBBIT,The Hobbit?to win Academy Award for Best Picture,1,0.7,Nov/28/2012 17:12:59
766883,BEST.PIC:HOBBIT,The Hobbit?to win Academy Award for Best Picture,1,0.7,Nov/28/2012 17:13:00
766883,BEST.PIC:HOBBIT,The Hobbit?to win Academy Award for Best Picture,1,0.7,Nov/28/2012 17:13:01
766883,BEST.PIC:HOBBIT,The Hobbit?to win Academy Award for Best Picture,1,0.7,Nov/28/2012 17:13:03
766883,BEST.PIC:HOBBIT,The Hobbit?to win Academy Award for Best Picture,1,0.7,Nov/28/2012 17:14:20
766883,BEST.PIC:HOBBIT,The Hobbit?to win Academy Award for Best Picture,1,0.7,Nov/28/2012 17:14:21
766883,BEST.PIC:HOBBIT,The Hobbit?to win Academy Award for Best Picture,1,0.7,Nov/28/2012 17:14:22
766883,BEST.PIC:HOBBIT,The Hobbit?to win Academy Award for Best Picture,1,0.7,Nov/28/2012 17:14:23
766883,BEST.PIC:HOBBIT,The Hobbit?to win Academy Award for Best Picture,1,0.7,Nov/28/2012 17:14:25
766883,BEST.PIC:HOBBIT,The Hobbit?to win Academy Award for Best Picture,1,0.7,Nov/28/2012 17:16:10
766883,BEST.PIC:HOBBIT,The Hobbit?to win Academy Award for Best Picture,1,0.7,Nov/28/2012 17:16:11
766883,BEST.PIC:HOBBIT,The Hobbit?to win Academy Award for Best Picture,1,0.7,Nov/28/2012 17:16:13
766883,BEST.PIC:HOBBIT,The Hobbit?to win Academy Award for Best Picture,1,0.7,Nov/28/2012 17:16:14
766883,BEST.PIC:HOBBIT,The Hobbit?to win Academy Award for Best Picture,1,0.7,Nov/28/2012 17:16:15
766883,BEST.PIC:HOBBIT,The Hobbit?to win Academy Award for Best Picture,1,0.7,Nov/28/2012 17:17:23
766883,BEST.PIC:HOBBIT,The Hobbit?to win Academy Award for Best Picture,1,0.7,Nov/28/2012 17:17:25
766883,BEST.PIC:HOBBIT,The Hobbit?to win Academy Award for Best Picture,1,0.7,Nov/28/2012 17:25:40
766883,BEST.PIC:HOBBIT,The Hobbit?to win Academy Award for Best Picture,1,0.7,Nov/28/2012 17:25:43
766883,BEST.PIC:HOBBIT,The Hobbit?to win Academy Award for Best Picture,1,0.7,Nov/28/2012 17:25:46
766883,BEST.PIC:HOBBIT,The Hobbit?to win Academy Award for Best Picture,1,0.7,Nov/28/2012 17:25:50
766883,BEST.PIC:HOBBIT,The Hobbit?to win Academy Award for Best Picture,1,0.7,Nov/28/2012 17:25:51
766883,BEST.PIC:HOBBIT,The Hobbit?to win Academy Award for Best Picture,1,0.7,Nov/28/2012 17:25:52
766883,BEST.PIC:HOBBIT,The Hobbit?to win Academy Award for Best Picture,1,0.7,Nov/28/2012 17:25:53
766883,BEST.PIC:HOBBIT,The Hobbit?to win Academy Award for Best Picture,1,0.7,Nov/28/2012 17:25:55
766883,BEST.PIC:HOBBIT,The Hobbit?to win Academy Award for Best Picture,1,0.7,Nov/28/2012 17:25:56
766883,BEST.PIC:HOBBIT,The Hobbit?to win Academy Award for Best Picture,2,0.8,Nov/28/2012 18:46:35
766883,BEST.PIC:HOBBIT,The Hobbit?to win Academy Award for Best Picture,2,0.8,Nov/28/2012 18:46:38
766883,BEST.PIC:HOBBIT,The Hobbit?to win Academy Award for Best Picture,2,0.8,Nov/28/2012 18:46:42
766883,BEST.PIC:HOBBIT,The Hobbit?to win Academy Award for Best Picture,2,0.8,Nov/28/2012 18:46:43
766883,BEST.PIC:HOBBIT,The Hobbit?to win Academy Award for Best Picture,1,0.8,Nov/28/2012 18:46:49
766883,BEST.PIC:HOBBIT,The Hobbit?to win Academy Award for Best Picture,1,0.8,Nov/28/2012 18:46:50
766883,BEST.PIC:HOBBIT,The Hobbit?to win Academy Award for Best Picture,1,0.8,Nov/28/2012 18:46:51
766883,BEST.PIC:HOBBIT,The Hobbit?to win Academy Award for Best Picture,1,0.8,Nov/28/2012 18:46:52
766883,BEST.PIC:HOBBIT,The Hobbit?to win Academy Award for Best Picture,1,0.8,Nov/28/2012 18:46:53
766883,BEST.PIC:HOBBIT,The Hobbit?to win Academy Award for Best Picture,1,0.8,Nov/28/2012 18:46:54
766883,BEST.PIC:HOBBIT,The Hobbit?to win Academy Award for Best Picture,1,0.8,Nov/28/2012 18:46:55
766883,BEST.PIC:HOBBIT,The Hobbit?to win Academy Award for Best Picture,1,0.8,Nov/28/2012 18:46:56
766883,BEST.PIC:HOBBIT,The Hobbit?to win Academy Award for Best Picture,1,0.8,Nov/28/2012 18:46:58
766883,BEST.PIC:HOBBIT,The Hobbit?to win Academy Award for Best Picture,1,0.8,Nov/28/2012 18:46:59
766883,BEST.PIC:HOBBIT,The Hobbit?to win Academy Award for Best Picture,1,0.8,Nov/28/2012 18:47:02
766883,BEST.PIC:HOBBIT,The Hobbit?to win Academy Award for Best Picture,1,0.8,Nov/28/2012 18:47:03
766883,BEST.PIC:HOBBIT,The Hobbit?to win Academy Award for Best Picture,1,0.8,Nov/28/2012 18:47:05
766883,BEST.PIC:HOBBIT,The Hobbit?to win Academy Award for Best Picture,1,0.8,Nov/28/2012 18:47:06
766883,BEST.PIC:HOBBIT,The Hobbit?to win Academy Award for Best Picture,1,0.8,Nov/28/2012 18:47:07
766883,BEST.PIC:HOBBIT,The Hobbit?to win Academy Award for Best Picture,1,0.8,Nov/28/2012 18:47:08
766883,BEST.PIC:HOBBIT,The Hobbit?to win Academy Award for Best Picture,1,0.8,Nov/28/2012 18:47:09
766883,BEST.PIC:HOBBIT,The Hobbit?to win Academy Award for Best Picture,1,0.8,Nov/28/2012 18:47:11
766883,BEST.PIC:HOBBIT,The Hobbit?to win Academy Award for Best Picture,1,0.8,Nov/28/2012 18:47:12
766883,BEST.PIC:HOBBIT,The Hobbit?to win Academy Award for Best Picture,1,0.8,Nov/28/2012 19:20:53
766883,BEST.PIC:HOBBIT,The Hobbit?to win Academy Award for Best Picture,1,0.8,Nov/28/2012 19:20:56
766883,BEST.PIC:HOBBIT,The Hobbit?to win Academy Award for Best Picture,1,0.8,Nov/28/2012 19:21:01
766883,BEST.PIC:HOBBIT,The Hobbit?to win Academy Award for Best Picture,1,0.8,Nov/28/2012 19:21:02
766883,BEST.PIC:HOBBIT,The Hobbit?to win Academy Award for Best Picture,1,0.8,Nov/28/2012 19:23:36
766883,BEST.PIC:HOBBIT,The Hobbit?to win Academy Award for Best Picture,1,0.8,Nov/28/2012 19:23:37
766883,BEST.PIC:HOBBIT,The Hobbit?to win Academy Award for Best Picture,1,0.8,Nov/28/2012 19:23:38
766883,BEST.PIC:HOBBIT,The Hobbit?to win Academy Award for Best Picture,1,0.8,Nov/28/2012 19:23:40
766883,BEST.PIC:HOBBIT,The Hobbit?to win Academy Award for Best Picture,1,0.8,Nov/28/2012 19:23:41
766883,BEST.PIC:HOBBIT,The Hobbit?to win Academy Award for Best Picture,1,0.8,Nov/28/2012 19:23:42
766883,BEST.PIC:HOBBIT,The Hobbit?to win Academy Award for Best Picture,1,0.8,Nov/28/2012 20:39:11
766883,BEST.PIC:HOBBIT,The Hobbit?to win Academy Award for Best Picture,1,0.8,Nov/28/2012 20:39:15
766883,BEST.PIC:HOBBIT,The Hobbit?to win Academy Award for Best Picture,1,0.8,Nov/28/2012 20:39:17
766883,BEST.PIC:HOBBIT,The Hobbit?to win Academy Award for Best Picture,1,0.8,Nov/28/2012 20:39:18
766883,BEST.PIC:HOBBIT,The Hobbit?to win Academy Award for Best Picture,1,0.8,Nov/28/2012 20:39:19
766883,BEST.PIC:HOBBIT,The Hobbit?to win Academy Award for Best Picture,1,0.8,Nov/28/2012 21:12:44
766883,BEST.PIC:HOBBIT,The Hobbit?to win Academy Award for Best Picture,1,0.8,Nov/28/2012 21:12:48
766883,BEST.PIC:HOBBIT,The Hobbit?to win Academy Award for Best Picture,1,0.8,Nov/28/2012 21:12:52
766883,BEST.PIC:HOBBIT,The Hobbit?to win Academy Award for Best Picture,1,0.8,Nov/28/2012 21:12:54
766883,BEST.PIC:HOBBIT,The Hobbit?to win Academy Award for Best Picture,1,0.8,Nov/28/2012 21:12:55
766883,BEST.PIC:HOBBIT,The Hobbit?to win Academy Award for Best Picture,1,0.8,Nov/28/2012 21:12:56
766883,BEST.PIC:HOBBIT,The Hobbit?to win Academy Award for Best Picture,1,0.8,Nov/28/2012 21:12:58
766883,BEST.PIC:HOBBIT,The Hobbit?to win Academy Award for Best Picture,1,0.8,Nov/28/2012 21:13:01
766883,BEST.PIC:HOBBIT,The Hobbit?to win Academy Award for Best Picture,1,0.8,Nov/28/2012 21:13:02
766883,BEST.PIC:HOBBIT,The Hobbit?to win Academy Award for Best Picture,1,0.8,Nov/28/2012 21:13:03
766883,BEST.PIC:HOBBIT,The Hobbit?to win Academy Award for Best Picture,20,0.8,Nov/28/2012 22:46:06
766883,BEST.PIC:HOBBIT,The Hobbit?to win Academy Award for Best Picture,1,0.8,Nov/29/2012 00:15:47
766883,BEST.PIC:HOBBIT,The Hobbit?to win Academy Award for Best Picture,1,0.8,Nov/29/2012 00:16:53
766883,BEST.PIC:HOBBIT,The Hobbit?to win Academy Award for Best Picture,1,0.8,Nov/29/2012 00:16:55
766883,BEST.PIC:HOBBIT,The Hobbit?to win Academy Award for Best Picture,1,0.8,Nov/29/2012 00:16:57
766883,BEST.PIC:HOBBIT,The Hobbit?to win Academy Award for Best Picture,1,0.8,Nov/29/2012 00:16:58
766883,BEST.PIC:HOBBIT,The Hobbit?to win Academy Award for Best Picture,1,0.8,Nov/29/2012 00:17:01
766883,BEST.PIC:HOBBIT,The Hobbit?to win Academy Award for Best Picture,1,0.8,Nov/29/2012 00:17:03
766883,BEST.PIC:HOBBIT,The Hobbit?to win Academy Award for Best Picture,1,0.8,Nov/29/2012 00:17:05
766883,BEST.PIC:HOBBIT,The Hobbit?to win Academy Award for Best Picture,1,0.8,Nov/29/2012 00:17:06
766883,BEST.PIC:HOBBIT,The Hobbit?to win Academy Award for Best Picture,1,0.8,Nov/29/2012 00:17:07
766883,BEST.PIC:HOBBIT,The Hobbit?to win Academy Award for Best Picture,1,0.8,Nov/29/2012 00:17:09
766883,BEST.PIC:HOBBIT,The Hobbit?to win Academy Award for Best Picture,1,0.8,Nov/29/2012 00:17:11
766883,BEST.PIC:HOBBIT,The Hobbit?to win Academy Award for Best Picture,1,0.8,Nov/29/2012 00:17:13
766883,BEST.PIC:HOBBIT,The Hobbit?to win Academy Award for Best Picture,1,0.8,Nov/29/2012 00:17:14
766883,BEST.PIC:HOBBIT,The Hobbit?to win Academy Award for Best Picture,1,0.8,Nov/29/2012 00:17:15
766883,BEST.PIC:HOBBIT,The Hobbit?to win Academy Award for Best Picture,1,0.8,Nov/29/2012 00:17:16
766883,BEST.PIC:HOBBIT,The Hobbit?to win Academy Award for Best Picture,1,0.8,Nov/29/2012 00:17:17
766883,BEST.PIC:HOBBIT,The Hobbit?to win Academy Award for Best Picture,1,0.8,Nov/29/2012 00:17:19
766883,BEST.PIC:HOBBIT,The Hobbit?to win Academy Award for Best Picture,1,0.8,Nov/29/2012 00:17:20
766883,BEST.PIC:HOBBIT,The Hobbit?to win Academy Award for Best Picture,1,0.8,Nov/29/2012 00:17:21
766883,BEST.PIC:HOBBIT,The Hobbit?to win Academy Award for Best Picture,1,0.8,Nov/29/2012 00:17:22
766883,BEST.PIC:HOBBIT,The Hobbit?to win Academy Award for Best Picture,1,0.8,Nov/29/2012 00:17:23
766883,BEST.PIC:HOBBIT,The Hobbit?to win Academy Award for Best Picture,1,0.8,Nov/29/2012 00:17:24
766883,BEST.PIC:HOBBIT,The Hobbit?to win Academy Award for Best Picture,1,0.8,Nov/29/2012 00:17:26
766883,BEST.PIC:HOBBIT,The Hobbit?to win Academy Award for Best Picture,1,0.8,Nov/29/2012 00:17:27
766883,BEST.PIC:HOBBIT,The Hobbit?to win Academy Award for Best Picture,1,0.8,Nov/29/2012 00:17:28
766883,BEST.PIC:HOBBIT,The Hobbit?to win Academy Award for Best Picture,1,0.8,Nov/29/2012 00:17:29
766883,BEST.PIC:HOBBIT,The Hobbit?to win Academy Award for Best Picture,1,0.8,Nov/29/2012 00:17:30
766883,BEST.PIC:HOBBIT,The Hobbit?to win Academy Award for Best Picture,2,1.0,Nov/29/2012 00:17:32
766883,BEST.PIC:HOBBIT,The Hobbit?to win Academy Award for Best Picture,1,1.0,Nov/29/2012 00:17:33
766883,BEST.PIC:HOBBIT,The Hobbit?to win Academy Award for Best Picture,2,1.0,Nov/29/2012 00:17:35
766883,BEST.PIC:HOBBIT,The Hobbit?to win Academy Award for Best Picture,1,1.0,Nov/29/2012 00:17:36
766883,BEST.PIC:HOBBIT,The Hobbit?to win Academy Award for Best Picture,1,1.0,Nov/29/2012 00:17:37
766883,BEST.PIC:HOBBIT,The Hobbit?to win Academy Award for Best Picture,1,1.0,Nov/29/2012 00:17:38
766883,BEST.PIC:HOBBIT,The Hobbit?to win Academy Award for Best Picture,1,1.0,Nov/29/2012 00:17:39
766883,BEST.PIC:HOBBIT,The Hobbit?to win Academy Award for Best Picture,1,1.0,Nov/29/2012 00:17:40
766883,BEST.PIC:HOBBIT,The Hobbit?to win Academy Award for Best Picture,1,1.0,Nov/29/2012 00:17:41
766883,BEST.PIC:HOBBIT,The Hobbit?to win Academy Award for Best Picture,1,1.0,Nov/29/2012 00:17:43
766883,BEST.PIC:HOBBIT,The Hobbit?to win Academy Award for Best Picture,1,1.0,Nov/29/2012 00:17:45
766883,BEST.PIC:HOBBIT,The Hobbit?to win Academy Award for Best Picture,1,1.0,Nov/29/2012 00:17:46
766883,BEST.PIC:HOBBIT,The Hobbit?to win Academy Award for Best Picture,2,1.0,Nov/29/2012 00:19:33
766883,BEST.PIC:HOBBIT,The Hobbit?to win Academy Award for Best Picture,1,1.0,Nov/29/2012 00:19:34
766883,BEST.PIC:HOBBIT,The Hobbit?to win Academy Award for Best Picture,1,1.0,Nov/29/2012 00:19:36
766883,BEST.PIC:HOBBIT,The Hobbit?to win Academy Award for Best Picture,1,1.0,Nov/29/2012 00:19:37
766883,BEST.PIC:HOBBIT,The Hobbit?to win Academy Award for Best Picture,1,1.0,Nov/29/2012 00:19:38
766883,BEST.PIC:HOBBIT,The Hobbit?to win Academy Award for Best Picture,1,1.0,Nov/29/2012 00:19:39
766883,BEST.PIC:HOBBIT,The Hobbit?to win Academy Award for Best Picture,1,1.0,Nov/29/2012 00:19:40
766883,BEST.PIC:HOBBIT,The Hobbit?to win Academy Award for Best Picture,1,1.0,Nov/29/2012 00:19:41
766883,BEST.PIC:HOBBIT,The Hobbit?to win Academy Award for Best Picture,1,1.0,Nov/29/2012 00:19:42
