market id,market symbol,market name,trade quantity,trade price,date/time [utc]
432755,2008.GOP.NOM.GILMORE,Jim Gilmore to be the Republican Presidential Nominee in 2008,5,0.3,Dec/21/2006 06:02:53
432755,2008.GOP.NOM.GILMORE,Jim Gilmore to be the Republican Presidential Nominee in 2008,55,0.2,Dec/21/2006 06:02:53
432755,2008.GOP.NOM.GILMORE,Jim Gilmore to be the Republican Presidential Nominee in 2008,20,0.2,Dec/21/2006 12:15:31
432755,2008.GOP.NOM.GILMORE,Jim Gilmore to be the Republican Presidential Nominee in 2008,11,0.3,Dec/21/2006 17:10:25
432755,2008.GOP.NOM.GILMORE,Jim Gilmore to be the Republican Presidential Nominee in 2008,39,0.2,Dec/22/2006 11:37:52
432755,2008.GOP.NOM.GILMORE,Jim Gilmore to be the Republican Presidential Nominee in 2008,19,0.3,Dec/22/2006 11:37:52
432755,2008.GOP.NOM.GILMORE,Jim Gilmore to be the Republican Presidential Nominee in 2008,35,0.2,Dec/22/2006 16:04:52
432755,2008.GOP.NOM.GILMORE,Jim Gilmore to be the Republican Presidential Nominee in 2008,1,0.4,Dec/27/2006 08:34:36
432755,2008.GOP.NOM.GILMORE,Jim Gilmore to be the Republican Presidential Nominee in 2008,16,0.4,Dec/27/2006 17:48:22
432755,2008.GOP.NOM.GILMORE,Jim Gilmore to be the Republican Presidential Nominee in 2008,15,0.4,Dec/29/2006 03:58:33
432755,2008.GOP.NOM.GILMORE,Jim Gilmore to be the Republican Presidential Nominee in 2008,2,0.5,Dec/29/2006 03:58:59
432755,2008.GOP.NOM.GILMORE,Jim Gilmore to be the Republican Presidential Nominee in 2008,3,0.6,Dec/29/2006 03:59:11
432755,2008.GOP.NOM.GILMORE,Jim Gilmore to be the Republican Presidential Nominee in 2008,1,0.3,Dec/31/2006 12:18:04
432755,2008.GOP.NOM.GILMORE,Jim Gilmore to be the Republican Presidential Nominee in 2008,3,0.3,Jan/01/2007 11:07:19
432755,2008.GOP.NOM.GILMORE,Jim Gilmore to be the Republican Presidential Nominee in 2008,1,0.3,Jan/01/2007 17:55:18
432755,2008.GOP.NOM.GILMORE,Jim Gilmore to be the Republican Presidential Nominee in 2008,1,0.2,Jan/01/2007 20:14:04
432755,2008.GOP.NOM.GILMORE,Jim Gilmore to be the Republican Presidential Nominee in 2008,1,0.2,Jan/03/2007 05:54:27
432755,2008.GOP.NOM.GILMORE,Jim Gilmore to be the Republican Presidential Nominee in 2008,1,0.2,Jan/03/2007 09:16:30
432755,2008.GOP.NOM.GILMORE,Jim Gilmore to be the Republican Presidential Nominee in 2008,2,0.4,Jan/09/2007 05:48:49
432755,2008.GOP.NOM.GILMORE,Jim Gilmore to be the Republican Presidential Nominee in 2008,1,0.3,Jan/09/2007 05:48:49
432755,2008.GOP.NOM.GILMORE,Jim Gilmore to be the Republican Presidential Nominee in 2008,2,0.2,Jan/09/2007 05:48:49
432755,2008.GOP.NOM.GILMORE,Jim Gilmore to be the Republican Presidential Nominee in 2008,846,0.2,Jan/10/2007 06:03:02
432755,2008.GOP.NOM.GILMORE,Jim Gilmore to be the Republican Presidential Nominee in 2008,2,0.3,Jan/10/2007 06:03:02
432755,2008.GOP.NOM.GILMORE,Jim Gilmore to be the Republican Presidential Nominee in 2008,50,0.2,Jan/10/2007 06:03:02
432755,2008.GOP.NOM.GILMORE,Jim Gilmore to be the Republican Presidential Nominee in 2008,10,0.1,Jan/11/2007 09:37:45
432755,2008.GOP.NOM.GILMORE,Jim Gilmore to be the Republican Presidential Nominee in 2008,11,0.1,Jan/11/2007 09:37:45
432755,2008.GOP.NOM.GILMORE,Jim Gilmore to be the Republican Presidential Nominee in 2008,50,0.1,Jan/11/2007 09:37:45
432755,2008.GOP.NOM.GILMORE,Jim Gilmore to be the Republican Presidential Nominee in 2008,6,0.1,Jan/11/2007 09:37:45
432755,2008.GOP.NOM.GILMORE,Jim Gilmore to be the Republican Presidential Nominee in 2008,10,0.1,Jan/11/2007 09:37:45
432755,2008.GOP.NOM.GILMORE,Jim Gilmore to be the Republican Presidential Nominee in 2008,100,0.2,Jan/12/2007 03:47:46
432755,2008.GOP.NOM.GILMORE,Jim Gilmore to be the Republican Presidential Nominee in 2008,2,0.2,Jan/12/2007 03:48:47
432755,2008.GOP.NOM.GILMORE,Jim Gilmore to be the Republican Presidential Nominee in 2008,12,0.3,Jan/12/2007 03:48:57
432755,2008.GOP.NOM.GILMORE,Jim Gilmore to be the Republican Presidential Nominee in 2008,1,0.4,Jan/12/2007 03:49:12
432755,2008.GOP.NOM.GILMORE,Jim Gilmore to be the Republican Presidential Nominee in 2008,1000,0.3,Jan/12/2007 09:41:07
432755,2008.GOP.NOM.GILMORE,Jim Gilmore to be the Republican Presidential Nominee in 2008,2000,0.3,Jan/12/2007 09:49:14
432755,2008.GOP.NOM.GILMORE,Jim Gilmore to be the Republican Presidential Nominee in 2008,1,0.5,Jan/12/2007 23:49:11
432755,2008.GOP.NOM.GILMORE,Jim Gilmore to be the Republican Presidential Nominee in 2008,1,0.5,Jan/12/2007 23:49:11
432755,2008.GOP.NOM.GILMORE,Jim Gilmore to be the Republican Presidential Nominee in 2008,1,0.6,Jan/12/2007 23:49:26
432755,2008.GOP.NOM.GILMORE,Jim Gilmore to be the Republican Presidential Nominee in 2008,1,0.6,Jan/12/2007 23:49:26
432755,2008.GOP.NOM.GILMORE,Jim Gilmore to be the Republican Presidential Nominee in 2008,1,0.7,Jan/12/2007 23:49:47
432755,2008.GOP.NOM.GILMORE,Jim Gilmore to be the Republican Presidential Nominee in 2008,3,0.7,Jan/12/2007 23:49:47
432755,2008.GOP.NOM.GILMORE,Jim Gilmore to be the Republican Presidential Nominee in 2008,24,0.8,Jan/12/2007 23:50:30
432755,2008.GOP.NOM.GILMORE,Jim Gilmore to be the Republican Presidential Nominee in 2008,2,0.8,Jan/13/2007 04:02:34
432755,2008.GOP.NOM.GILMORE,Jim Gilmore to be the Republican Presidential Nominee in 2008,100,0.7,Jan/15/2007 19:30:55
432755,2008.GOP.NOM.GILMORE,Jim Gilmore to be the Republican Presidential Nominee in 2008,1,0.3,Jan/16/2007 17:18:11
432755,2008.GOP.NOM.GILMORE,Jim Gilmore to be the Republican Presidential Nominee in 2008,2,0.2,Jan/16/2007 21:57:12
432755,2008.GOP.NOM.GILMORE,Jim Gilmore to be the Republican Presidential Nominee in 2008,1,0.2,Jan/17/2007 05:47:58
432755,2008.GOP.NOM.GILMORE,Jim Gilmore to be the Republican Presidential Nominee in 2008,1,0.4,Jan/17/2007 16:10:00
432755,2008.GOP.NOM.GILMORE,Jim Gilmore to be the Republican Presidential Nominee in 2008,1,0.5,Jan/17/2007 16:10:15
432755,2008.GOP.NOM.GILMORE,Jim Gilmore to be the Republican Presidential Nominee in 2008,1,0.6,Jan/17/2007 16:10:27
432755,2008.GOP.NOM.GILMORE,Jim Gilmore to be the Republican Presidential Nominee in 2008,97,0.7,Jan/17/2007 16:12:22
432755,2008.GOP.NOM.GILMORE,Jim Gilmore to be the Republican Presidential Nominee in 2008,1,0.3,Jan/18/2007 06:03:41
432755,2008.GOP.NOM.GILMORE,Jim Gilmore to be the Republican Presidential Nominee in 2008,1,0.2,Jan/18/2007 06:03:41
432755,2008.GOP.NOM.GILMORE,Jim Gilmore to be the Republican Presidential Nominee in 2008,20,0.1,Jan/19/2007 06:10:59
432755,2008.GOP.NOM.GILMORE,Jim Gilmore to be the Republican Presidential Nominee in 2008,12,0.1,Jan/22/2007 06:20:36
432755,2008.GOP.NOM.GILMORE,Jim Gilmore to be the Republican Presidential Nominee in 2008,12,0.1,Jan/22/2007 06:20:36
432755,2008.GOP.NOM.GILMORE,Jim Gilmore to be the Republican Presidential Nominee in 2008,23,0.1,Jan/22/2007 06:20:36
432755,2008.GOP.NOM.GILMORE,Jim Gilmore to be the Republican Presidential Nominee in 2008,23,0.1,Jan/22/2007 06:20:36
432755,2008.GOP.NOM.GILMORE,Jim Gilmore to be the Republican Presidential Nominee in 2008,25,0.1,Jan/22/2007 06:20:36
432755,2008.GOP.NOM.GILMORE,Jim Gilmore to be the Republican Presidential Nominee in 2008,3,0.1,Jan/22/2007 06:20:36
432755,2008.GOP.NOM.GILMORE,Jim Gilmore to be the Republican Presidential Nominee in 2008,6,0.1,Jan/26/2007 17:15:42
432755,2008.GOP.NOM.GILMORE,Jim Gilmore to be the Republican Presidential Nominee in 2008,20,0.1,Jan/26/2007 17:15:42
432755,2008.GOP.NOM.GILMORE,Jim Gilmore to be the Republican Presidential Nominee in 2008,2,0.1,Jan/26/2007 17:15:42
432755,2008.GOP.NOM.GILMORE,Jim Gilmore to be the Republican Presidential Nominee in 2008,2,0.1,Jan/26/2007 17:15:42
432755,2008.GOP.NOM.GILMORE,Jim Gilmore to be the Republican Presidential Nominee in 2008,10,0.1,Jan/26/2007 17:15:42
432755,2008.GOP.NOM.GILMORE,Jim Gilmore to be the Republican Presidential Nominee in 2008,3,0.1,Jan/26/2007 17:15:42
432755,2008.GOP.NOM.GILMORE,Jim Gilmore to be the Republican Presidential Nominee in 2008,3,0.1,Jan/26/2007 17:15:42
432755,2008.GOP.NOM.GILMORE,Jim Gilmore to be the Republican Presidential Nominee in 2008,2,0.1,Jan/26/2007 17:15:42
432755,2008.GOP.NOM.GILMORE,Jim Gilmore to be the Republican Presidential Nominee in 2008,8,0.1,Jan/26/2007 17:15:42
432755,2008.GOP.NOM.GILMORE,Jim Gilmore to be the Republican Presidential Nominee in 2008,1,0.1,Jan/26/2007 17:15:42
432755,2008.GOP.NOM.GILMORE,Jim Gilmore to be the Republican Presidential Nominee in 2008,79,0.2,Feb/05/2007 14:51:55
432755,2008.GOP.NOM.GILMORE,Jim Gilmore to be the Republican Presidential Nominee in 2008,1,0.1,Feb/05/2007 14:51:55
432755,2008.GOP.NOM.GILMORE,Jim Gilmore to be the Republican Presidential Nominee in 2008,1,0.2,Feb/05/2007 19:33:09
432755,2008.GOP.NOM.GILMORE,Jim Gilmore to be the Republican Presidential Nominee in 2008,17,0.2,Feb/06/2007 06:05:18
432755,2008.GOP.NOM.GILMORE,Jim Gilmore to be the Republican Presidential Nominee in 2008,1,0.2,Feb/06/2007 06:10:06
432755,2008.GOP.NOM.GILMORE,Jim Gilmore to be the Republican Presidential Nominee in 2008,1,0.2,Feb/06/2007 06:10:10
432755,2008.GOP.NOM.GILMORE,Jim Gilmore to be the Republican Presidential Nominee in 2008,2,0.2,Feb/06/2007 12:35:57
432755,2008.GOP.NOM.GILMORE,Jim Gilmore to be the Republican Presidential Nominee in 2008,4,0.2,Feb/06/2007 13:22:02
432755,2008.GOP.NOM.GILMORE,Jim Gilmore to be the Republican Presidential Nominee in 2008,14,0.2,Feb/07/2007 06:00:11
432755,2008.GOP.NOM.GILMORE,Jim Gilmore to be the Republican Presidential Nominee in 2008,8,0.1,Feb/07/2007 06:00:11
432755,2008.GOP.NOM.GILMORE,Jim Gilmore to be the Republican Presidential Nominee in 2008,12,0.1,Feb/08/2007 06:02:58
432755,2008.GOP.NOM.GILMORE,Jim Gilmore to be the Republican Presidential Nominee in 2008,1,0.1,Feb/08/2007 06:04:22
432755,2008.GOP.NOM.GILMORE,Jim Gilmore to be the Republican Presidential Nominee in 2008,2,0.1,Feb/08/2007 06:07:04
432755,2008.GOP.NOM.GILMORE,Jim Gilmore to be the Republican Presidential Nominee in 2008,5,0.1,Feb/08/2007 17:43:49
432755,2008.GOP.NOM.GILMORE,Jim Gilmore to be the Republican Presidential Nominee in 2008,9,0.1,Feb/09/2007 05:13:05
432755,2008.GOP.NOM.GILMORE,Jim Gilmore to be the Republican Presidential Nominee in 2008,31,0.1,Feb/09/2007 18:45:25
432755,2008.GOP.NOM.GILMORE,Jim Gilmore to be the Republican Presidential Nominee in 2008,10,0.1,Feb/10/2007 10:32:26
432755,2008.GOP.NOM.GILMORE,Jim Gilmore to be the Republican Presidential Nominee in 2008,23,0.1,Feb/11/2007 00:01:36
432755,2008.GOP.NOM.GILMORE,Jim Gilmore to be the Republican Presidential Nominee in 2008,70,0.1,Feb/11/2007 15:28:52
432755,2008.GOP.NOM.GILMORE,Jim Gilmore to be the Republican Presidential Nominee in 2008,40,0.1,Feb/11/2007 15:28:52
432755,2008.GOP.NOM.GILMORE,Jim Gilmore to be the Republican Presidential Nominee in 2008,11,0.1,Feb/11/2007 15:28:52
432755,2008.GOP.NOM.GILMORE,Jim Gilmore to be the Republican Presidential Nominee in 2008,100,0.1,Feb/11/2007 15:28:52
432755,2008.GOP.NOM.GILMORE,Jim Gilmore to be the Republican Presidential Nominee in 2008,19,0.1,Feb/11/2007 15:28:52
432755,2008.GOP.NOM.GILMORE,Jim Gilmore to be the Republican Presidential Nominee in 2008,6,0.1,Mar/01/2007 01:11:32
432755,2008.GOP.NOM.GILMORE,Jim Gilmore to be the Republican Presidential Nominee in 2008,20,0.1,Mar/01/2007 01:11:32
432755,2008.GOP.NOM.GILMORE,Jim Gilmore to be the Republican Presidential Nominee in 2008,32,0.1,Mar/01/2007 01:11:32
432755,2008.GOP.NOM.GILMORE,Jim Gilmore to be the Republican Presidential Nominee in 2008,8,0.1,Mar/01/2007 01:11:32
432755,2008.GOP.NOM.GILMORE,Jim Gilmore to be the Republican Presidential Nominee in 2008,1,0.1,Mar/01/2007 01:11:32
432755,2008.GOP.NOM.GILMORE,Jim Gilmore to be the Republican Presidential Nominee in 2008,3,0.1,Mar/01/2007 01:11:32
432755,2008.GOP.NOM.GILMORE,Jim Gilmore to be the Republican Presidential Nominee in 2008,5,0.1,Mar/01/2007 01:11:32
432755,2008.GOP.NOM.GILMORE,Jim Gilmore to be the Republican Presidential Nominee in 2008,118,0.2,Mar/01/2007 01:11:47
432755,2008.GOP.NOM.GILMORE,Jim Gilmore to be the Republican Presidential Nominee in 2008,50,0.2,Mar/01/2007 09:42:18
432755,2008.GOP.NOM.GILMORE,Jim Gilmore to be the Republican Presidential Nominee in 2008,50,0.1,Mar/01/2007 09:43:49
432755,2008.GOP.NOM.GILMORE,Jim Gilmore to be the Republican Presidential Nominee in 2008,57,0.1,Mar/01/2007 09:47:57
432755,2008.GOP.NOM.GILMORE,Jim Gilmore to be the Republican Presidential Nominee in 2008,80,0.2,Mar/01/2007 09:49:30
432755,2008.GOP.NOM.GILMORE,Jim Gilmore to be the Republican Presidential Nominee in 2008,25,0.1,Mar/01/2007 10:07:36
432755,2008.GOP.NOM.GILMORE,Jim Gilmore to be the Republican Presidential Nominee in 2008,1,0.2,Mar/01/2007 10:09:23
432755,2008.GOP.NOM.GILMORE,Jim Gilmore to be the Republican Presidential Nominee in 2008,193,0.2,Mar/01/2007 10:11:09
432755,2008.GOP.NOM.GILMORE,Jim Gilmore to be the Republican Presidential Nominee in 2008,100,0.7,Mar/01/2007 10:11:29
432755,2008.GOP.NOM.GILMORE,Jim Gilmore to be the Republican Presidential Nominee in 2008,1,0.3,Mar/01/2007 10:12:30
432755,2008.GOP.NOM.GILMORE,Jim Gilmore to be the Republican Presidential Nominee in 2008,100,0.7,Mar/01/2007 10:15:50
432755,2008.GOP.NOM.GILMORE,Jim Gilmore to be the Republican Presidential Nominee in 2008,1,0.2,Mar/01/2007 10:17:47
432755,2008.GOP.NOM.GILMORE,Jim Gilmore to be the Republican Presidential Nominee in 2008,1000,0.2,Mar/01/2007 10:20:36
432755,2008.GOP.NOM.GILMORE,Jim Gilmore to be the Republican Presidential Nominee in 2008,261,0.1,Mar/01/2007 10:21:01
432755,2008.GOP.NOM.GILMORE,Jim Gilmore to be the Republican Presidential Nominee in 2008,4935,0.1,Mar/01/2007 10:23:15
432755,2008.GOP.NOM.GILMORE,Jim Gilmore to be the Republican Presidential Nominee in 2008,100,0.2,Mar/01/2007 19:44:26
432755,2008.GOP.NOM.GILMORE,Jim Gilmore to be the Republican Presidential Nominee in 2008,40,0.2,Mar/02/2007 18:54:18
432755,2008.GOP.NOM.GILMORE,Jim Gilmore to be the Republican Presidential Nominee in 2008,353,0.2,Mar/03/2007 15:11:17
432755,2008.GOP.NOM.GILMORE,Jim Gilmore to be the Republican Presidential Nominee in 2008,13,0.1,Mar/03/2007 17:43:48
432755,2008.GOP.NOM.GILMORE,Jim Gilmore to be the Republican Presidential Nominee in 2008,5,0.3,Mar/04/2007 23:22:34
432755,2008.GOP.NOM.GILMORE,Jim Gilmore to be the Republican Presidential Nominee in 2008,14,0.3,Mar/04/2007 23:22:43
432755,2008.GOP.NOM.GILMORE,Jim Gilmore to be the Republican Presidential Nominee in 2008,84,0.1,Mar/05/2007 05:49:44
432755,2008.GOP.NOM.GILMORE,Jim Gilmore to be the Republican Presidential Nominee in 2008,10,0.2,Mar/05/2007 05:49:44
432755,2008.GOP.NOM.GILMORE,Jim Gilmore to be the Republican Presidential Nominee in 2008,5,0.2,Mar/06/2007 06:25:32
432755,2008.GOP.NOM.GILMORE,Jim Gilmore to be the Republican Presidential Nominee in 2008,33,0.1,Mar/06/2007 14:42:45
432755,2008.GOP.NOM.GILMORE,Jim Gilmore to be the Republican Presidential Nominee in 2008,48,0.1,Mar/07/2007 14:01:38
432755,2008.GOP.NOM.GILMORE,Jim Gilmore to be the Republican Presidential Nominee in 2008,51,0.1,Mar/08/2007 05:53:58
432755,2008.GOP.NOM.GILMORE,Jim Gilmore to be the Republican Presidential Nominee in 2008,6,0.1,Mar/08/2007 14:59:08
432755,2008.GOP.NOM.GILMORE,Jim Gilmore to be the Republican Presidential Nominee in 2008,26,0.1,Mar/16/2007 12:37:01
432755,2008.GOP.NOM.GILMORE,Jim Gilmore to be the Republican Presidential Nominee in 2008,132,0.2,Apr/27/2007 11:47:36
432755,2008.GOP.NOM.GILMORE,Jim Gilmore to be the Republican Presidential Nominee in 2008,18,0.2,Apr/27/2007 11:47:36
432755,2008.GOP.NOM.GILMORE,Jim Gilmore to be the Republican Presidential Nominee in 2008,170,0.1,Apr/29/2007 00:23:44
