market id,market symbol,market name,trade quantity,trade price,date/time [utc]
670175,AI.2009.ROUNDS,Lil Rounds to Win,20,10.0,Feb/20/2009 16:51:08
670175,AI.2009.ROUNDS,Lil Rounds to Win,18,15.0,Feb/21/2009 21:52:26
670175,AI.2009.ROUNDS,Lil Rounds to Win,1,14.9,Feb/21/2009 21:52:26
670175,AI.2009.ROUNDS,Lil Rounds to Win,1,14.9,Feb/21/2009 21:52:26
670175,AI.2009.ROUNDS,Lil Rounds to Win,10,14.0,Feb/22/2009 13:38:45
670175,AI.2009.ROUNDS,Lil Rounds to Win,2,15.0,Feb/23/2009 12:56:45
670175,AI.2009.ROUNDS,Lil Rounds to Win,1,14.9,Feb/23/2009 12:56:45
670175,AI.2009.ROUNDS,Lil Rounds to Win,10,11.0,Feb/24/2009 11:00:14
670175,AI.2009.ROUNDS,Lil Rounds to Win,1,11.1,Feb/24/2009 21:56:01
670175,AI.2009.ROUNDS,Lil Rounds to Win,9,11.0,Feb/24/2009 21:56:36
670175,AI.2009.ROUNDS,Lil Rounds to Win,31,11.0,Feb/25/2009 18:08:52
670175,AI.2009.ROUNDS,Lil Rounds to Win,1,11.0,Feb/25/2009 22:09:24
670175,AI.2009.ROUNDS,Lil Rounds to Win,10,14.7,Feb/25/2009 22:09:24
670175,AI.2009.ROUNDS,Lil Rounds to Win,9,10.9,Feb/25/2009 22:09:24
670175,AI.2009.ROUNDS,Lil Rounds to Win,11,10.9,Feb/26/2009 03:10:54
670175,AI.2009.ROUNDS,Lil Rounds to Win,20,10.0,Feb/26/2009 03:10:54
670175,AI.2009.ROUNDS,Lil Rounds to Win,20,10.5,Feb/26/2009 03:10:54
670175,AI.2009.ROUNDS,Lil Rounds to Win,20,10.1,Feb/26/2009 03:10:54
670175,AI.2009.ROUNDS,Lil Rounds to Win,1,10.2,Feb/26/2009 03:10:54
670175,AI.2009.ROUNDS,Lil Rounds to Win,10,10.0,Feb/26/2009 03:10:54
670175,AI.2009.ROUNDS,Lil Rounds to Win,13,9.0,Feb/26/2009 03:14:35
670175,AI.2009.ROUNDS,Lil Rounds to Win,5,10.0,Feb/26/2009 20:31:57
670175,AI.2009.ROUNDS,Lil Rounds to Win,45,10.0,Feb/26/2009 23:01:10
670175,AI.2009.ROUNDS,Lil Rounds to Win,20,10.0,Feb/27/2009 13:05:02
670175,AI.2009.ROUNDS,Lil Rounds to Win,1,9.5,Feb/27/2009 17:19:00
670175,AI.2009.ROUNDS,Lil Rounds to Win,17,9.0,Feb/27/2009 20:19:38
670175,AI.2009.ROUNDS,Lil Rounds to Win,7,8.0,Feb/27/2009 20:19:38
670175,AI.2009.ROUNDS,Lil Rounds to Win,19,9.5,Feb/27/2009 20:19:38
670175,AI.2009.ROUNDS,Lil Rounds to Win,7,9.0,Feb/27/2009 20:19:38
670175,AI.2009.ROUNDS,Lil Rounds to Win,1,9.0,Mar/03/2009 22:43:51
670175,AI.2009.ROUNDS,Lil Rounds to Win,20,9.0,Mar/03/2009 22:43:51
670175,AI.2009.ROUNDS,Lil Rounds to Win,10,9.0,Mar/03/2009 23:48:05
670175,AI.2009.ROUNDS,Lil Rounds to Win,42,9.0,Mar/03/2009 23:54:47
670175,AI.2009.ROUNDS,Lil Rounds to Win,1,13.5,Mar/04/2009 02:54:36
670175,AI.2009.ROUNDS,Lil Rounds to Win,190,13.5,Mar/04/2009 02:54:49
670175,AI.2009.ROUNDS,Lil Rounds to Win,1,13.8,Mar/04/2009 02:55:20
670175,AI.2009.ROUNDS,Lil Rounds to Win,20,15.0,Mar/04/2009 02:55:20
670175,AI.2009.ROUNDS,Lil Rounds to Win,50,15.0,Mar/04/2009 02:55:39
670175,AI.2009.ROUNDS,Lil Rounds to Win,20,15.0,Mar/04/2009 02:55:50
670175,AI.2009.ROUNDS,Lil Rounds to Win,74,19.0,Mar/04/2009 02:56:33
670175,AI.2009.ROUNDS,Lil Rounds to Win,9,19.9,Mar/04/2009 02:56:46
670175,AI.2009.ROUNDS,Lil Rounds to Win,4,18.0,Mar/04/2009 05:40:00
670175,AI.2009.ROUNDS,Lil Rounds to Win,1,18.0,Mar/04/2009 10:43:36
670175,AI.2009.ROUNDS,Lil Rounds to Win,5,20.9,Mar/04/2009 14:49:53
670175,AI.2009.ROUNDS,Lil Rounds to Win,1,20.5,Mar/04/2009 23:30:20
670175,AI.2009.ROUNDS,Lil Rounds to Win,1,20.8,Mar/05/2009 01:18:23
670175,AI.2009.ROUNDS,Lil Rounds to Win,1,18.0,Mar/05/2009 08:00:47
670175,AI.2009.ROUNDS,Lil Rounds to Win,5,20.9,Mar/05/2009 17:15:16
670175,AI.2009.ROUNDS,Lil Rounds to Win,3,21.5,Mar/05/2009 17:15:16
670175,AI.2009.ROUNDS,Lil Rounds to Win,1,21.5,Mar/05/2009 21:57:09
670175,AI.2009.ROUNDS,Lil Rounds to Win,5,21.4,Mar/05/2009 21:57:09
670175,AI.2009.ROUNDS,Lil Rounds to Win,10,21.5,Mar/05/2009 21:57:09
670175,AI.2009.ROUNDS,Lil Rounds to Win,4,22.0,Mar/05/2009 21:57:09
670175,AI.2009.ROUNDS,Lil Rounds to Win,2,21.7,Mar/06/2009 01:10:55
670175,AI.2009.ROUNDS,Lil Rounds to Win,10,20.8,Mar/06/2009 04:03:20
670175,AI.2009.ROUNDS,Lil Rounds to Win,40,18.0,Mar/07/2009 00:19:23
670175,AI.2009.ROUNDS,Lil Rounds to Win,2,18.5,Mar/07/2009 22:42:32
670175,AI.2009.ROUNDS,Lil Rounds to Win,4,18.0,Mar/07/2009 22:42:44
670175,AI.2009.ROUNDS,Lil Rounds to Win,4,18.0,Mar/07/2009 22:42:44
670175,AI.2009.ROUNDS,Lil Rounds to Win,6,18.0,Mar/08/2009 04:07:28
670175,AI.2009.ROUNDS,Lil Rounds to Win,4,19.9,Mar/08/2009 22:56:18
670175,AI.2009.ROUNDS,Lil Rounds to Win,30,18.1,Mar/08/2009 22:56:18
670175,AI.2009.ROUNDS,Lil Rounds to Win,30,18.8,Mar/08/2009 22:56:18
670175,AI.2009.ROUNDS,Lil Rounds to Win,30,19.8,Mar/08/2009 22:56:18
670175,AI.2009.ROUNDS,Lil Rounds to Win,100,19.5,Mar/09/2009 16:13:40
670175,AI.2009.ROUNDS,Lil Rounds to Win,1,19.4,Mar/10/2009 03:06:50
670175,AI.2009.ROUNDS,Lil Rounds to Win,99,19.5,Mar/10/2009 03:06:50
670175,AI.2009.ROUNDS,Lil Rounds to Win,1,19.9,Mar/10/2009 15:52:47
670175,AI.2009.ROUNDS,Lil Rounds to Win,18,21.9,Mar/10/2009 15:52:47
670175,AI.2009.ROUNDS,Lil Rounds to Win,30,22.0,Mar/10/2009 15:52:47
670175,AI.2009.ROUNDS,Lil Rounds to Win,30,20.8,Mar/10/2009 15:52:47
670175,AI.2009.ROUNDS,Lil Rounds to Win,1,21.5,Mar/10/2009 15:52:47
670175,AI.2009.ROUNDS,Lil Rounds to Win,1,20.9,Mar/11/2009 00:01:54
670175,AI.2009.ROUNDS,Lil Rounds to Win,24,24.0,Mar/11/2009 00:01:54
670175,AI.2009.ROUNDS,Lil Rounds to Win,1,23.9,Mar/11/2009 00:01:54
670175,AI.2009.ROUNDS,Lil Rounds to Win,2,21.9,Mar/11/2009 00:01:54
670175,AI.2009.ROUNDS,Lil Rounds to Win,2,21.9,Mar/11/2009 00:01:54
670175,AI.2009.ROUNDS,Lil Rounds to Win,16,15.0,Mar/11/2009 01:57:37
670175,AI.2009.ROUNDS,Lil Rounds to Win,30,15.1,Mar/11/2009 02:03:10
670175,AI.2009.ROUNDS,Lil Rounds to Win,26,16.0,Mar/11/2009 02:05:23
670175,AI.2009.ROUNDS,Lil Rounds to Win,2,16.0,Mar/11/2009 03:32:04
670175,AI.2009.ROUNDS,Lil Rounds to Win,2,16.0,Mar/11/2009 16:00:26
670175,AI.2009.ROUNDS,Lil Rounds to Win,2,11.0,Mar/12/2009 14:41:08
670175,AI.2009.ROUNDS,Lil Rounds to Win,10,13.5,Mar/14/2009 18:43:50
670175,AI.2009.ROUNDS,Lil Rounds to Win,1,13.5,Mar/17/2009 00:22:29
670175,AI.2009.ROUNDS,Lil Rounds to Win,3,13.5,Mar/17/2009 00:22:50
670175,AI.2009.ROUNDS,Lil Rounds to Win,1,13.5,Mar/17/2009 00:23:04
670175,AI.2009.ROUNDS,Lil Rounds to Win,13,13.5,Mar/17/2009 00:23:16
670175,AI.2009.ROUNDS,Lil Rounds to Win,2,13.5,Mar/17/2009 00:23:35
670175,AI.2009.ROUNDS,Lil Rounds to Win,5,13.5,Mar/17/2009 00:23:57
670175,AI.2009.ROUNDS,Lil Rounds to Win,1,13.6,Mar/17/2009 00:24:45
670175,AI.2009.ROUNDS,Lil Rounds to Win,52,13.5,Mar/17/2009 00:24:45
670175,AI.2009.ROUNDS,Lil Rounds to Win,1,13.5,Mar/17/2009 17:58:29
670175,AI.2009.ROUNDS,Lil Rounds to Win,20,13.5,Mar/18/2009 00:36:44
670175,AI.2009.ROUNDS,Lil Rounds to Win,2,13.5,Mar/18/2009 00:40:45
670175,AI.2009.ROUNDS,Lil Rounds to Win,45,12.5,Mar/18/2009 00:41:04
670175,AI.2009.ROUNDS,Lil Rounds to Win,5,12.5,Mar/18/2009 00:41:40
670175,AI.2009.ROUNDS,Lil Rounds to Win,190,12.0,Mar/18/2009 00:42:09
670175,AI.2009.ROUNDS,Lil Rounds to Win,10,12.0,Mar/18/2009 00:42:43
670175,AI.2009.ROUNDS,Lil Rounds to Win,24,11.1,Mar/18/2009 00:43:34
670175,AI.2009.ROUNDS,Lil Rounds to Win,36,11.0,Mar/18/2009 00:43:47
670175,AI.2009.ROUNDS,Lil Rounds to Win,100,11.1,Mar/18/2009 00:57:46
670175,AI.2009.ROUNDS,Lil Rounds to Win,10,11.3,Mar/18/2009 04:32:09
670175,AI.2009.ROUNDS,Lil Rounds to Win,20,11.4,Mar/18/2009 04:32:44
670175,AI.2009.ROUNDS,Lil Rounds to Win,12,11.0,Mar/18/2009 18:26:12
670175,AI.2009.ROUNDS,Lil Rounds to Win,18,10.0,Mar/18/2009 18:38:18
670175,AI.2009.ROUNDS,Lil Rounds to Win,3,11.8,Mar/18/2009 20:08:20
670175,AI.2009.ROUNDS,Lil Rounds to Win,1,11.7,Mar/18/2009 20:08:20
670175,AI.2009.ROUNDS,Lil Rounds to Win,17,11.8,Mar/18/2009 23:32:17
670175,AI.2009.ROUNDS,Lil Rounds to Win,5,11.0,Mar/20/2009 23:23:15
670175,AI.2009.ROUNDS,Lil Rounds to Win,1,10.6,Mar/20/2009 23:23:15
670175,AI.2009.ROUNDS,Lil Rounds to Win,44,10.5,Mar/20/2009 23:23:15
670175,AI.2009.ROUNDS,Lil Rounds to Win,1,10.5,Mar/21/2009 14:15:36
670175,AI.2009.ROUNDS,Lil Rounds to Win,1,10.5,Mar/21/2009 14:15:40
670175,AI.2009.ROUNDS,Lil Rounds to Win,1,10.5,Mar/21/2009 14:15:45
670175,AI.2009.ROUNDS,Lil Rounds to Win,3,10.5,Mar/22/2009 20:42:13
670175,AI.2009.ROUNDS,Lil Rounds to Win,1,10.9,Mar/23/2009 20:42:11
670175,AI.2009.ROUNDS,Lil Rounds to Win,10,10.5,Mar/23/2009 21:14:29
670175,AI.2009.ROUNDS,Lil Rounds to Win,5,10.5,Mar/23/2009 21:14:59
670175,AI.2009.ROUNDS,Lil Rounds to Win,2,11.0,Mar/25/2009 00:04:19
670175,AI.2009.ROUNDS,Lil Rounds to Win,1,8.9,Mar/26/2009 03:22:34
670175,AI.2009.ROUNDS,Lil Rounds to Win,20,9.0,Mar/26/2009 03:22:34
670175,AI.2009.ROUNDS,Lil Rounds to Win,10,9.0,Mar/26/2009 03:45:41
670175,AI.2009.ROUNDS,Lil Rounds to Win,10,9.0,Mar/26/2009 03:46:48
670175,AI.2009.ROUNDS,Lil Rounds to Win,16,9.0,Mar/26/2009 04:25:21
670175,AI.2009.ROUNDS,Lil Rounds to Win,18,9.0,Mar/26/2009 12:49:22
670175,AI.2009.ROUNDS,Lil Rounds to Win,25,9.0,Mar/26/2009 14:07:29
670175,AI.2009.ROUNDS,Lil Rounds to Win,20,7.0,Mar/27/2009 02:08:57
670175,AI.2009.ROUNDS,Lil Rounds to Win,2,7.6,Mar/29/2009 05:15:14
670175,AI.2009.ROUNDS,Lil Rounds to Win,2,7.5,Mar/29/2009 21:19:40
670175,AI.2009.ROUNDS,Lil Rounds to Win,5,8.4,Mar/30/2009 20:58:23
670175,AI.2009.ROUNDS,Lil Rounds to Win,2,7.5,Mar/31/2009 23:47:29
670175,AI.2009.ROUNDS,Lil Rounds to Win,1,7.5,Apr/01/2009 01:47:23
670175,AI.2009.ROUNDS,Lil Rounds to Win,1,5.0,Apr/01/2009 03:36:30
670175,AI.2009.ROUNDS,Lil Rounds to Win,1,5.1,Apr/01/2009 16:01:35
670175,AI.2009.ROUNDS,Lil Rounds to Win,19,5.0,Apr/01/2009 16:01:45
670175,AI.2009.ROUNDS,Lil Rounds to Win,4,4.0,Apr/01/2009 16:01:53
670175,AI.2009.ROUNDS,Lil Rounds to Win,20,3.0,Apr/01/2009 16:02:03
670175,AI.2009.ROUNDS,Lil Rounds to Win,7,2.0,Apr/01/2009 16:02:50
670175,AI.2009.ROUNDS,Lil Rounds to Win,3,3.0,Apr/01/2009 16:02:50
670175,AI.2009.ROUNDS,Lil Rounds to Win,3,2.0,Apr/01/2009 16:03:09
670175,AI.2009.ROUNDS,Lil Rounds to Win,3,3.0,Apr/01/2009 16:03:14
670175,AI.2009.ROUNDS,Lil Rounds to Win,3,2.0,Apr/01/2009 16:03:27
670175,AI.2009.ROUNDS,Lil Rounds to Win,3,2.0,Apr/01/2009 16:03:48
670175,AI.2009.ROUNDS,Lil Rounds to Win,8,1.5,Apr/01/2009 16:04:46
670175,AI.2009.ROUNDS,Lil Rounds to Win,5,4.0,Apr/02/2009 12:37:07
670175,AI.2009.ROUNDS,Lil Rounds to Win,8,4.0,Apr/02/2009 22:29:13
670175,AI.2009.ROUNDS,Lil Rounds to Win,2,4.0,Apr/02/2009 22:29:13
670175,AI.2009.ROUNDS,Lil Rounds to Win,20,5.0,Apr/03/2009 20:11:14
670175,AI.2009.ROUNDS,Lil Rounds to Win,2,4.0,Apr/04/2009 14:12:46
670175,AI.2009.ROUNDS,Lil Rounds to Win,5,4.0,Apr/06/2009 16:59:47
670175,AI.2009.ROUNDS,Lil Rounds to Win,50,3.6,Apr/06/2009 16:59:58
670175,AI.2009.ROUNDS,Lil Rounds to Win,5,3.5,Apr/07/2009 14:26:05
670175,AI.2009.ROUNDS,Lil Rounds to Win,10,2.1,Apr/07/2009 14:26:18
670175,AI.2009.ROUNDS,Lil Rounds to Win,100,2.0,Apr/07/2009 18:17:32
670175,AI.2009.ROUNDS,Lil Rounds to Win,1,2.0,Apr/07/2009 18:17:32
670175,AI.2009.ROUNDS,Lil Rounds to Win,200,1.8,Apr/07/2009 19:32:42
670175,AI.2009.ROUNDS,Lil Rounds to Win,1,1.6,Apr/07/2009 20:09:51
670175,AI.2009.ROUNDS,Lil Rounds to Win,50,1.6,Apr/07/2009 20:09:51
670175,AI.2009.ROUNDS,Lil Rounds to Win,20,2.8,Apr/08/2009 02:36:01
670175,AI.2009.ROUNDS,Lil Rounds to Win,10,2.8,Apr/08/2009 02:36:01
670175,AI.2009.ROUNDS,Lil Rounds to Win,10,2.9,Apr/08/2009 02:36:13
670175,AI.2009.ROUNDS,Lil Rounds to Win,50,2.8,Apr/08/2009 11:41:17
670175,AI.2009.ROUNDS,Lil Rounds to Win,46,2.4,Apr/08/2009 11:41:41
670175,AI.2009.ROUNDS,Lil Rounds to Win,1,2.4,Apr/08/2009 11:41:52
670175,AI.2009.ROUNDS,Lil Rounds to Win,1,2.9,Apr/08/2009 20:45:32
670175,AI.2009.ROUNDS,Lil Rounds to Win,50,2.0,Apr/08/2009 21:53:28
670175,AI.2009.ROUNDS,Lil Rounds to Win,2,1.7,Apr/08/2009 21:53:28
670175,AI.2009.ROUNDS,Lil Rounds to Win,3,2.4,Apr/08/2009 21:53:28
670175,AI.2009.ROUNDS,Lil Rounds to Win,1,1.8,Apr/09/2009 19:31:51
670175,AI.2009.ROUNDS,Lil Rounds to Win,2,1.7,Apr/09/2009 19:34:00
670175,AI.2009.ROUNDS,Lil Rounds to Win,2,1.7,Apr/09/2009 19:34:43
670175,AI.2009.ROUNDS,Lil Rounds to Win,2,1.7,Apr/09/2009 19:38:12
670175,AI.2009.ROUNDS,Lil Rounds to Win,1,1.7,Apr/09/2009 19:40:00
670175,AI.2009.ROUNDS,Lil Rounds to Win,2,1.7,Apr/09/2009 19:41:28
670175,AI.2009.ROUNDS,Lil Rounds to Win,3,1.7,Apr/14/2009 00:37:19
670175,AI.2009.ROUNDS,Lil Rounds to Win,3,1.7,Apr/14/2009 00:38:37
670175,AI.2009.ROUNDS,Lil Rounds to Win,3,1.7,Apr/14/2009 00:39:41
670175,AI.2009.ROUNDS,Lil Rounds to Win,4,1.7,Apr/14/2009 00:40:42
670175,AI.2009.ROUNDS,Lil Rounds to Win,5,1.7,Apr/14/2009 00:42:00
670175,AI.2009.ROUNDS,Lil Rounds to Win,5,1.7,Apr/14/2009 00:42:38
670175,AI.2009.ROUNDS,Lil Rounds to Win,3,1.7,Apr/14/2009 00:43:33
670175,AI.2009.ROUNDS,Lil Rounds to Win,5,1.7,Apr/14/2009 00:46:18
670175,AI.2009.ROUNDS,Lil Rounds to Win,1,1.7,Apr/14/2009 00:47:03
670175,AI.2009.ROUNDS,Lil Rounds to Win,7,1.7,Apr/14/2009 00:48:08
670175,AI.2009.ROUNDS,Lil Rounds to Win,52,1.5,Apr/14/2009 06:37:55
670175,AI.2009.ROUNDS,Lil Rounds to Win,6,1.6,Apr/14/2009 06:37:55
670175,AI.2009.ROUNDS,Lil Rounds to Win,5,2.0,Apr/14/2009 11:50:51
670175,AI.2009.ROUNDS,Lil Rounds to Win,52,2.7,Apr/14/2009 23:33:43
670175,AI.2009.ROUNDS,Lil Rounds to Win,2,2.9,Apr/14/2009 23:34:03
670175,AI.2009.ROUNDS,Lil Rounds to Win,21,2.9,Apr/14/2009 23:34:03
670175,AI.2009.ROUNDS,Lil Rounds to Win,85,2.8,Apr/15/2009 01:00:35
670175,AI.2009.ROUNDS,Lil Rounds to Win,22,2.5,Apr/15/2009 01:00:57
670175,AI.2009.ROUNDS,Lil Rounds to Win,20,2.5,Apr/15/2009 01:01:39
670175,AI.2009.ROUNDS,Lil Rounds to Win,20,2.5,Apr/15/2009 01:01:57
670175,AI.2009.ROUNDS,Lil Rounds to Win,7,2.5,Apr/15/2009 12:11:31
670175,AI.2009.ROUNDS,Lil Rounds to Win,6,1.1,Apr/19/2009 06:27:39
670175,AI.2009.ROUNDS,Lil Rounds to Win,3,1.1,Apr/19/2009 15:43:08
670175,AI.2009.ROUNDS,Lil Rounds to Win,1,1.5,Apr/20/2009 03:09:04
670175,AI.2009.ROUNDS,Lil Rounds to Win,5,1.3,Apr/20/2009 13:01:26
670175,AI.2009.ROUNDS,Lil Rounds to Win,1,1.0,Apr/20/2009 13:03:34
670175,AI.2009.ROUNDS,Lil Rounds to Win,10,1.1,Apr/21/2009 15:20:45
670175,AI.2009.ROUNDS,Lil Rounds to Win,20,1.1,Apr/22/2009 02:30:46
670175,AI.2009.ROUNDS,Lil Rounds to Win,10,1.1,Apr/22/2009 13:00:22
670175,AI.2009.ROUNDS,Lil Rounds to Win,10,1.1,Apr/22/2009 17:09:46
670175,AI.2009.ROUNDS,Lil Rounds to Win,10,1.1,Apr/22/2009 17:22:19
670175,AI.2009.ROUNDS,Lil Rounds to Win,5,1.3,Apr/22/2009 17:44:20
670175,AI.2009.ROUNDS,Lil Rounds to Win,28,1.4,Apr/22/2009 17:44:45
670175,AI.2009.ROUNDS,Lil Rounds to Win,500,1.4,Apr/22/2009 17:53:18
670175,AI.2009.ROUNDS,Lil Rounds to Win,20,0.6,Apr/23/2009 04:06:09
670175,AI.2009.ROUNDS,Lil Rounds to Win,5,0.5,Apr/24/2009 10:16:47
670175,AI.2009.ROUNDS,Lil Rounds to Win,20,0.5,Apr/24/2009 10:16:57
670175,AI.2009.ROUNDS,Lil Rounds to Win,70,0.5,Apr/24/2009 10:18:32
670175,AI.2009.ROUNDS,Lil Rounds to Win,10,1.1,Apr/24/2009 21:27:17
670175,AI.2009.ROUNDS,Lil Rounds to Win,1,0.6,Apr/28/2009 05:36:35
670175,AI.2009.ROUNDS,Lil Rounds to Win,1,0.6,Apr/28/2009 05:40:24
670175,AI.2009.ROUNDS,Lil Rounds to Win,20,0.5,Apr/29/2009 12:09:14
670175,AI.2009.ROUNDS,Lil Rounds to Win,8,0.5,Apr/29/2009 14:36:48
670175,AI.2009.ROUNDS,Lil Rounds to Win,50,0.5,Apr/29/2009 16:30:08
670175,AI.2009.ROUNDS,Lil Rounds to Win,20,0.6,Apr/30/2009 04:40:56
670175,AI.2009.ROUNDS,Lil Rounds to Win,75,0.5,Apr/30/2009 23:50:06
670175,AI.2009.ROUNDS,Lil Rounds to Win,10,0.5,Apr/30/2009 23:50:06
670175,AI.2009.ROUNDS,Lil Rounds to Win,30,0.3,May/01/2009 16:02:19
670175,AI.2009.ROUNDS,Lil Rounds to Win,11,0.3,May/04/2009 18:50:08
670175,AI.2009.ROUNDS,Lil Rounds to Win,59,0.3,May/04/2009 18:50:08
670175,AI.2009.ROUNDS,Lil Rounds to Win,1,0.3,May/17/2009 14:51:50
670175,AI.2009.ROUNDS,Lil Rounds to Win,10,0.3,May/17/2009 14:51:59
670175,AI.2009.ROUNDS,Lil Rounds to Win,10,0.3,May/17/2009 14:52:12
670175,AI.2009.ROUNDS,Lil Rounds to Win,165,0.3,May/17/2009 22:25:39
670175,AI.2009.ROUNDS,Lil Rounds to Win,13,0.2,May/20/2009 18:31:31
670175,AI.2009.ROUNDS,Lil Rounds to Win,7,0.2,May/20/2009 18:32:52
670175,AI.2009.ROUNDS,Lil Rounds to Win,5,0.2,May/20/2009 18:32:52
670175,AI.2009.ROUNDS,Lil Rounds to Win,5,0.2,May/20/2009 18:34:48
670175,AI.2009.ROUNDS,Lil Rounds to Win,5,0.2,May/20/2009 18:34:57
670175,AI.2009.ROUNDS,Lil Rounds to Win,2,0.2,May/20/2009 18:50:46
670175,AI.2009.ROUNDS,Lil Rounds to Win,2,0.2,May/20/2009 18:50:56
670175,AI.2009.ROUNDS,Lil Rounds to Win,74,0.2,May/21/2009 02:10:42
