market id,market symbol,market name,trade quantity,trade price,date/time [utc]
670171,AI.2009.GOKEY,Danny Gokey to Win,20,20.0,Feb/20/2009 14:02:58
670171,AI.2009.GOKEY,Danny Gokey to Win,20,25.0,Feb/20/2009 14:11:54
670171,AI.2009.GOKEY,Danny Gokey to Win,20,30.0,Feb/20/2009 14:24:52
670171,AI.2009.GOKEY,Danny Gokey to Win,20,35.0,Feb/20/2009 15:26:08
670171,AI.2009.GOKEY,Danny Gokey to Win,20,40.0,Feb/20/2009 15:48:51
670171,AI.2009.GOKEY,Danny Gokey to Win,1,30.0,Feb/20/2009 16:17:39
670171,AI.2009.GOKEY,Danny Gokey to Win,19,30.0,Feb/20/2009 16:18:08
670171,AI.2009.GOKEY,Danny Gokey to Win,40,30.0,Feb/20/2009 17:03:20
670171,AI.2009.GOKEY,Danny Gokey to Win,20,34.0,Feb/20/2009 18:07:00
670171,AI.2009.GOKEY,Danny Gokey to Win,20,33.0,Feb/20/2009 18:07:00
670171,AI.2009.GOKEY,Danny Gokey to Win,20,32.0,Feb/20/2009 18:07:00
670171,AI.2009.GOKEY,Danny Gokey to Win,20,31.0,Feb/20/2009 18:07:00
670171,AI.2009.GOKEY,Danny Gokey to Win,20,35.0,Feb/20/2009 18:07:00
670171,AI.2009.GOKEY,Danny Gokey to Win,80,30.0,Feb/20/2009 22:37:35
670171,AI.2009.GOKEY,Danny Gokey to Win,15,30.0,Feb/20/2009 22:37:35
670171,AI.2009.GOKEY,Danny Gokey to Win,5,30.0,Feb/20/2009 23:09:52
670171,AI.2009.GOKEY,Danny Gokey to Win,1,33.0,Feb/21/2009 01:44:13
670171,AI.2009.GOKEY,Danny Gokey to Win,10,31.0,Feb/21/2009 15:50:37
670171,AI.2009.GOKEY,Danny Gokey to Win,19,33.0,Feb/21/2009 17:42:21
670171,AI.2009.GOKEY,Danny Gokey to Win,1,35.0,Feb/21/2009 18:12:29
670171,AI.2009.GOKEY,Danny Gokey to Win,20,34.0,Feb/21/2009 18:12:29
670171,AI.2009.GOKEY,Danny Gokey to Win,10,29.0,Feb/22/2009 14:18:30
670171,AI.2009.GOKEY,Danny Gokey to Win,5,27.9,Feb/23/2009 02:53:34
670171,AI.2009.GOKEY,Danny Gokey to Win,10,28.0,Feb/23/2009 12:43:07
670171,AI.2009.GOKEY,Danny Gokey to Win,20,25.0,Feb/24/2009 04:41:37
670171,AI.2009.GOKEY,Danny Gokey to Win,10,23.9,Feb/24/2009 21:47:25
670171,AI.2009.GOKEY,Danny Gokey to Win,1,23.7,Feb/24/2009 23:03:31
670171,AI.2009.GOKEY,Danny Gokey to Win,83,23.8,Feb/24/2009 23:03:31
670171,AI.2009.GOKEY,Danny Gokey to Win,2,22.9,Feb/25/2009 00:31:13
670171,AI.2009.GOKEY,Danny Gokey to Win,5,22.9,Feb/25/2009 01:18:52
670171,AI.2009.GOKEY,Danny Gokey to Win,2,22.9,Feb/25/2009 06:18:57
670171,AI.2009.GOKEY,Danny Gokey to Win,1,22.9,Feb/25/2009 11:42:37
670171,AI.2009.GOKEY,Danny Gokey to Win,20,23.4,Feb/25/2009 11:42:37
670171,AI.2009.GOKEY,Danny Gokey to Win,10,23.5,Feb/25/2009 14:00:44
670171,AI.2009.GOKEY,Danny Gokey to Win,14,23.5,Feb/25/2009 15:01:15
670171,AI.2009.GOKEY,Danny Gokey to Win,1,23.5,Feb/25/2009 16:10:32
670171,AI.2009.GOKEY,Danny Gokey to Win,1,22.8,Feb/25/2009 21:03:22
670171,AI.2009.GOKEY,Danny Gokey to Win,4,22.9,Feb/25/2009 21:03:22
670171,AI.2009.GOKEY,Danny Gokey to Win,10,20.0,Feb/25/2009 22:09:24
670171,AI.2009.GOKEY,Danny Gokey to Win,10,22.8,Feb/25/2009 22:09:24
670171,AI.2009.GOKEY,Danny Gokey to Win,19,24.8,Feb/26/2009 02:21:59
670171,AI.2009.GOKEY,Danny Gokey to Win,41,22.9,Feb/26/2009 02:21:59
670171,AI.2009.GOKEY,Danny Gokey to Win,20,23.8,Feb/26/2009 02:21:59
670171,AI.2009.GOKEY,Danny Gokey to Win,1,22.8,Feb/26/2009 02:21:59
670171,AI.2009.GOKEY,Danny Gokey to Win,19,23.0,Feb/26/2009 02:21:59
670171,AI.2009.GOKEY,Danny Gokey to Win,15,22.0,Feb/26/2009 03:01:59
670171,AI.2009.GOKEY,Danny Gokey to Win,16,22.0,Feb/26/2009 03:17:15
670171,AI.2009.GOKEY,Danny Gokey to Win,1,22.0,Feb/27/2009 02:51:47
670171,AI.2009.GOKEY,Danny Gokey to Win,3,22.0,Feb/27/2009 13:03:48
670171,AI.2009.GOKEY,Danny Gokey to Win,1,21.8,Feb/27/2009 17:19:00
670171,AI.2009.GOKEY,Danny Gokey to Win,40,20.7,Feb/27/2009 21:45:51
670171,AI.2009.GOKEY,Danny Gokey to Win,61,20.0,Feb/27/2009 21:45:51
670171,AI.2009.GOKEY,Danny Gokey to Win,35,21.0,Feb/27/2009 21:45:51
670171,AI.2009.GOKEY,Danny Gokey to Win,30,21.6,Feb/27/2009 21:45:51
670171,AI.2009.GOKEY,Danny Gokey to Win,24,21.8,Feb/27/2009 21:45:51
670171,AI.2009.GOKEY,Danny Gokey to Win,10,20.0,Feb/27/2009 21:45:51
670171,AI.2009.GOKEY,Danny Gokey to Win,39,20.0,Feb/27/2009 21:49:08
670171,AI.2009.GOKEY,Danny Gokey to Win,5,20.0,Feb/27/2009 22:30:24
670171,AI.2009.GOKEY,Danny Gokey to Win,2,15.6,Mar/01/2009 14:17:47
670171,AI.2009.GOKEY,Danny Gokey to Win,1,15.6,Mar/01/2009 14:17:47
670171,AI.2009.GOKEY,Danny Gokey to Win,5,16.1,Mar/01/2009 14:17:47
670171,AI.2009.GOKEY,Danny Gokey to Win,2,16.0,Mar/01/2009 14:17:47
670171,AI.2009.GOKEY,Danny Gokey to Win,1,15.7,Mar/01/2009 14:17:47
670171,AI.2009.GOKEY,Danny Gokey to Win,1,14.1,Mar/02/2009 15:54:37
670171,AI.2009.GOKEY,Danny Gokey to Win,1,11.1,Mar/02/2009 15:55:15
670171,AI.2009.GOKEY,Danny Gokey to Win,3,11.0,Mar/02/2009 15:55:15
670171,AI.2009.GOKEY,Danny Gokey to Win,1,12.1,Mar/02/2009 23:03:35
670171,AI.2009.GOKEY,Danny Gokey to Win,5,12.2,Mar/02/2009 23:03:35
670171,AI.2009.GOKEY,Danny Gokey to Win,1,10.1,Mar/02/2009 23:03:35
670171,AI.2009.GOKEY,Danny Gokey to Win,1,10.1,Mar/02/2009 23:03:35
670171,AI.2009.GOKEY,Danny Gokey to Win,1,22.8,Mar/03/2009 00:39:19
670171,AI.2009.GOKEY,Danny Gokey to Win,1,11.3,Mar/03/2009 01:13:22
670171,AI.2009.GOKEY,Danny Gokey to Win,1,11.2,Mar/03/2009 01:13:22
670171,AI.2009.GOKEY,Danny Gokey to Win,1,10.4,Mar/03/2009 02:19:44
670171,AI.2009.GOKEY,Danny Gokey to Win,1,11.2,Mar/03/2009 02:19:44
670171,AI.2009.GOKEY,Danny Gokey to Win,1,11.1,Mar/03/2009 02:19:44
670171,AI.2009.GOKEY,Danny Gokey to Win,1,10.3,Mar/03/2009 02:19:44
670171,AI.2009.GOKEY,Danny Gokey to Win,1,10.2,Mar/03/2009 02:19:44
670171,AI.2009.GOKEY,Danny Gokey to Win,1,9.5,Mar/03/2009 02:20:08
670171,AI.2009.GOKEY,Danny Gokey to Win,2,5.4,Mar/03/2009 02:20:08
670171,AI.2009.GOKEY,Danny Gokey to Win,1,5.3,Mar/03/2009 02:20:08
670171,AI.2009.GOKEY,Danny Gokey to Win,1,5.1,Mar/03/2009 02:20:08
670171,AI.2009.GOKEY,Danny Gokey to Win,19,5.0,Mar/03/2009 02:20:08
670171,AI.2009.GOKEY,Danny Gokey to Win,1,19.3,Mar/03/2009 15:06:31
670171,AI.2009.GOKEY,Danny Gokey to Win,1,19.2,Mar/03/2009 15:06:31
670171,AI.2009.GOKEY,Danny Gokey to Win,7,19.4,Mar/03/2009 15:48:10
670171,AI.2009.GOKEY,Danny Gokey to Win,12,19.8,Mar/03/2009 15:48:10
670171,AI.2009.GOKEY,Danny Gokey to Win,1,19.3,Mar/03/2009 15:48:10
670171,AI.2009.GOKEY,Danny Gokey to Win,10,19.9,Mar/03/2009 23:37:14
670171,AI.2009.GOKEY,Danny Gokey to Win,10,19.8,Mar/03/2009 23:37:14
670171,AI.2009.GOKEY,Danny Gokey to Win,4,20.0,Mar/04/2009 05:40:00
670171,AI.2009.GOKEY,Danny Gokey to Win,1,22.9,Mar/04/2009 21:59:57
670171,AI.2009.GOKEY,Danny Gokey to Win,10,22.9,Mar/05/2009 00:56:17
670171,AI.2009.GOKEY,Danny Gokey to Win,1,21.0,Mar/05/2009 08:00:47
670171,AI.2009.GOKEY,Danny Gokey to Win,2,22.9,Mar/05/2009 16:54:08
670171,AI.2009.GOKEY,Danny Gokey to Win,8,22.9,Mar/05/2009 17:13:31
670171,AI.2009.GOKEY,Danny Gokey to Win,10,22.5,Mar/05/2009 21:57:54
670171,AI.2009.GOKEY,Danny Gokey to Win,10,22.4,Mar/05/2009 21:57:54
670171,AI.2009.GOKEY,Danny Gokey to Win,10,22.5,Mar/06/2009 14:21:15
670171,AI.2009.GOKEY,Danny Gokey to Win,10,22.4,Mar/06/2009 14:21:15
670171,AI.2009.GOKEY,Danny Gokey to Win,19,20.0,Mar/09/2009 11:32:36
670171,AI.2009.GOKEY,Danny Gokey to Win,1,21.0,Mar/09/2009 11:32:36
670171,AI.2009.GOKEY,Danny Gokey to Win,10,21.4,Mar/09/2009 14:49:17
670171,AI.2009.GOKEY,Danny Gokey to Win,2,21.9,Mar/09/2009 14:51:09
670171,AI.2009.GOKEY,Danny Gokey to Win,2,21.6,Mar/10/2009 12:34:47
670171,AI.2009.GOKEY,Danny Gokey to Win,5,21.6,Mar/10/2009 15:05:49
670171,AI.2009.GOKEY,Danny Gokey to Win,30,22.8,Mar/10/2009 15:50:59
670171,AI.2009.GOKEY,Danny Gokey to Win,28,21.9,Mar/10/2009 15:50:59
670171,AI.2009.GOKEY,Danny Gokey to Win,30,22.3,Mar/10/2009 15:50:59
670171,AI.2009.GOKEY,Danny Gokey to Win,10,21.8,Mar/10/2009 15:50:59
670171,AI.2009.GOKEY,Danny Gokey to Win,4,21.8,Mar/10/2009 22:29:26
670171,AI.2009.GOKEY,Danny Gokey to Win,10,21.5,Mar/10/2009 23:59:11
670171,AI.2009.GOKEY,Danny Gokey to Win,26,23.8,Mar/11/2009 00:01:13
670171,AI.2009.GOKEY,Danny Gokey to Win,2,21.9,Mar/11/2009 00:01:13
670171,AI.2009.GOKEY,Danny Gokey to Win,2,21.7,Mar/11/2009 00:01:13
670171,AI.2009.GOKEY,Danny Gokey to Win,4,23.8,Mar/11/2009 00:36:38
670171,AI.2009.GOKEY,Danny Gokey to Win,20,24.8,Mar/11/2009 00:42:08
670171,AI.2009.GOKEY,Danny Gokey to Win,20,25.0,Mar/11/2009 00:42:32
670171,AI.2009.GOKEY,Danny Gokey to Win,20,25.8,Mar/11/2009 01:16:57
670171,AI.2009.GOKEY,Danny Gokey to Win,20,25.5,Mar/11/2009 01:16:57
670171,AI.2009.GOKEY,Danny Gokey to Win,20,26.5,Mar/11/2009 01:42:42
670171,AI.2009.GOKEY,Danny Gokey to Win,20,26.8,Mar/11/2009 01:42:42
670171,AI.2009.GOKEY,Danny Gokey to Win,6,25.5,Mar/11/2009 01:51:09
670171,AI.2009.GOKEY,Danny Gokey to Win,50,25.0,Mar/11/2009 01:51:41
670171,AI.2009.GOKEY,Danny Gokey to Win,205,25.0,Mar/11/2009 01:51:41
670171,AI.2009.GOKEY,Danny Gokey to Win,10,25.1,Mar/11/2009 01:52:09
670171,AI.2009.GOKEY,Danny Gokey to Win,90,25.0,Mar/11/2009 01:52:09
670171,AI.2009.GOKEY,Danny Gokey to Win,1,26.5,Mar/12/2009 13:56:57
670171,AI.2009.GOKEY,Danny Gokey to Win,10,27.8,Mar/12/2009 14:38:11
670171,AI.2009.GOKEY,Danny Gokey to Win,10,27.7,Mar/12/2009 14:38:11
670171,AI.2009.GOKEY,Danny Gokey to Win,10,27.8,Mar/13/2009 16:47:32
670171,AI.2009.GOKEY,Danny Gokey to Win,10,27.7,Mar/13/2009 16:47:32
670171,AI.2009.GOKEY,Danny Gokey to Win,2,27.0,Mar/13/2009 16:47:32
670171,AI.2009.GOKEY,Danny Gokey to Win,17,28.1,Mar/13/2009 23:19:01
670171,AI.2009.GOKEY,Danny Gokey to Win,8,28.1,Mar/13/2009 23:43:07
670171,AI.2009.GOKEY,Danny Gokey to Win,15,28.1,Mar/13/2009 23:57:09
670171,AI.2009.GOKEY,Danny Gokey to Win,10,28.1,Mar/14/2009 00:05:57
670171,AI.2009.GOKEY,Danny Gokey to Win,5,28.4,Mar/15/2009 00:59:58
670171,AI.2009.GOKEY,Danny Gokey to Win,4,28.5,Mar/15/2009 01:47:55
670171,AI.2009.GOKEY,Danny Gokey to Win,1,28.7,Mar/15/2009 01:47:55
670171,AI.2009.GOKEY,Danny Gokey to Win,1,28.1,Mar/15/2009 03:50:57
670171,AI.2009.GOKEY,Danny Gokey to Win,9,28.1,Mar/15/2009 16:09:27
670171,AI.2009.GOKEY,Danny Gokey to Win,3,28.2,Mar/16/2009 17:18:29
670171,AI.2009.GOKEY,Danny Gokey to Win,1,28.2,Mar/16/2009 17:48:49
670171,AI.2009.GOKEY,Danny Gokey to Win,1,27.0,Mar/17/2009 00:22:29
670171,AI.2009.GOKEY,Danny Gokey to Win,3,26.5,Mar/17/2009 00:22:50
670171,AI.2009.GOKEY,Danny Gokey to Win,1,26.5,Mar/17/2009 00:23:04
670171,AI.2009.GOKEY,Danny Gokey to Win,13,26.5,Mar/17/2009 00:23:16
670171,AI.2009.GOKEY,Danny Gokey to Win,2,26.5,Mar/17/2009 00:23:35
670171,AI.2009.GOKEY,Danny Gokey to Win,5,26.5,Mar/17/2009 00:23:57
670171,AI.2009.GOKEY,Danny Gokey to Win,53,26.5,Mar/17/2009 00:24:45
670171,AI.2009.GOKEY,Danny Gokey to Win,8,26.6,Mar/17/2009 15:27:54
670171,AI.2009.GOKEY,Danny Gokey to Win,5,28.0,Mar/17/2009 15:31:18
670171,AI.2009.GOKEY,Danny Gokey to Win,5,28.0,Mar/17/2009 21:39:07
670171,AI.2009.GOKEY,Danny Gokey to Win,9,28.1,Mar/18/2009 01:21:22
670171,AI.2009.GOKEY,Danny Gokey to Win,1,28.1,Mar/18/2009 01:22:23
670171,AI.2009.GOKEY,Danny Gokey to Win,1,33.0,Mar/18/2009 01:47:10
670171,AI.2009.GOKEY,Danny Gokey to Win,20,31.0,Mar/18/2009 02:17:57
670171,AI.2009.GOKEY,Danny Gokey to Win,1,33.0,Mar/18/2009 14:04:24
670171,AI.2009.GOKEY,Danny Gokey to Win,3,34.4,Mar/18/2009 16:47:42
670171,AI.2009.GOKEY,Danny Gokey to Win,1,33.0,Mar/18/2009 19:29:58
670171,AI.2009.GOKEY,Danny Gokey to Win,4,34.0,Mar/19/2009 01:23:02
670171,AI.2009.GOKEY,Danny Gokey to Win,1,35.0,Mar/19/2009 03:13:59
670171,AI.2009.GOKEY,Danny Gokey to Win,1,35.0,Mar/19/2009 03:20:21
670171,AI.2009.GOKEY,Danny Gokey to Win,20,35.0,Mar/19/2009 12:23:30
670171,AI.2009.GOKEY,Danny Gokey to Win,6,35.0,Mar/19/2009 12:23:46
670171,AI.2009.GOKEY,Danny Gokey to Win,1,35.0,Mar/19/2009 18:11:05
670171,AI.2009.GOKEY,Danny Gokey to Win,10,35.0,Mar/19/2009 18:11:05
670171,AI.2009.GOKEY,Danny Gokey to Win,10,34.8,Mar/22/2009 02:00:22
670171,AI.2009.GOKEY,Danny Gokey to Win,40,34.8,Mar/22/2009 20:37:53
670171,AI.2009.GOKEY,Danny Gokey to Win,50,34.8,Mar/23/2009 21:13:54
670171,AI.2009.GOKEY,Danny Gokey to Win,1,34.8,Mar/24/2009 03:22:40
670171,AI.2009.GOKEY,Danny Gokey to Win,5,35.0,Mar/24/2009 19:29:21
670171,AI.2009.GOKEY,Danny Gokey to Win,5,35.0,Mar/24/2009 19:50:13
670171,AI.2009.GOKEY,Danny Gokey to Win,1,36.0,Mar/25/2009 22:46:08
670171,AI.2009.GOKEY,Danny Gokey to Win,19,32.1,Mar/26/2009 00:29:01
670171,AI.2009.GOKEY,Danny Gokey to Win,2,32.1,Mar/26/2009 01:07:47
670171,AI.2009.GOKEY,Danny Gokey to Win,9,32.0,Mar/26/2009 01:41:55
670171,AI.2009.GOKEY,Danny Gokey to Win,1,34.0,Mar/26/2009 01:41:55
670171,AI.2009.GOKEY,Danny Gokey to Win,1,32.0,Mar/26/2009 01:45:29
670171,AI.2009.GOKEY,Danny Gokey to Win,100,31.1,Mar/26/2009 01:45:35
670171,AI.2009.GOKEY,Danny Gokey to Win,180,30.0,Mar/26/2009 01:45:43
670171,AI.2009.GOKEY,Danny Gokey to Win,9,30.0,Mar/26/2009 01:46:09
670171,AI.2009.GOKEY,Danny Gokey to Win,11,30.0,Mar/26/2009 01:48:59
670171,AI.2009.GOKEY,Danny Gokey to Win,2,28.0,Mar/26/2009 04:23:40
670171,AI.2009.GOKEY,Danny Gokey to Win,10,28.0,Mar/26/2009 04:23:40
670171,AI.2009.GOKEY,Danny Gokey to Win,1,25.0,Mar/26/2009 13:15:30
670171,AI.2009.GOKEY,Danny Gokey to Win,1,27.0,Mar/27/2009 13:14:42
670171,AI.2009.GOKEY,Danny Gokey to Win,5,27.2,Mar/27/2009 18:55:47
670171,AI.2009.GOKEY,Danny Gokey to Win,1,26.0,Mar/29/2009 14:05:15
670171,AI.2009.GOKEY,Danny Gokey to Win,8,26.0,Mar/29/2009 16:56:15
670171,AI.2009.GOKEY,Danny Gokey to Win,4,26.1,Mar/31/2009 12:53:25
670171,AI.2009.GOKEY,Danny Gokey to Win,3,26.0,Mar/31/2009 19:20:52
670171,AI.2009.GOKEY,Danny Gokey to Win,3,26.0,Apr/01/2009 00:10:52
670171,AI.2009.GOKEY,Danny Gokey to Win,4,26.0,Apr/01/2009 01:22:33
670171,AI.2009.GOKEY,Danny Gokey to Win,4,25.5,Apr/01/2009 01:22:33
670171,AI.2009.GOKEY,Danny Gokey to Win,4,27.0,Apr/01/2009 02:42:42
670171,AI.2009.GOKEY,Danny Gokey to Win,1,27.0,Apr/01/2009 02:45:19
670171,AI.2009.GOKEY,Danny Gokey to Win,1,26.9,Apr/01/2009 05:14:33
670171,AI.2009.GOKEY,Danny Gokey to Win,5,27.0,Apr/01/2009 05:14:49
670171,AI.2009.GOKEY,Danny Gokey to Win,1,28.4,Apr/01/2009 05:15:14
670171,AI.2009.GOKEY,Danny Gokey to Win,2,28.8,Apr/01/2009 05:15:33
670171,AI.2009.GOKEY,Danny Gokey to Win,5,29.9,Apr/01/2009 05:15:54
670171,AI.2009.GOKEY,Danny Gokey to Win,1,29.9,Apr/01/2009 05:16:16
670171,AI.2009.GOKEY,Danny Gokey to Win,1,28.2,Apr/01/2009 15:40:06
670171,AI.2009.GOKEY,Danny Gokey to Win,1,28.2,Apr/01/2009 15:41:50
670171,AI.2009.GOKEY,Danny Gokey to Win,3,28.2,Apr/01/2009 15:43:20
670171,AI.2009.GOKEY,Danny Gokey to Win,1,28.9,Apr/01/2009 15:44:55
670171,AI.2009.GOKEY,Danny Gokey to Win,1,28.9,Apr/01/2009 15:46:04
670171,AI.2009.GOKEY,Danny Gokey to Win,1,28.9,Apr/01/2009 15:47:03
670171,AI.2009.GOKEY,Danny Gokey to Win,1,28.9,Apr/01/2009 15:48:15
670171,AI.2009.GOKEY,Danny Gokey to Win,1,28.9,Apr/01/2009 15:49:02
670171,AI.2009.GOKEY,Danny Gokey to Win,4,29.9,Apr/01/2009 16:53:12
670171,AI.2009.GOKEY,Danny Gokey to Win,2,29.9,Apr/01/2009 16:53:12
670171,AI.2009.GOKEY,Danny Gokey to Win,1,30.0,Apr/01/2009 16:53:32
670171,AI.2009.GOKEY,Danny Gokey to Win,10,30.0,Apr/01/2009 16:53:32
670171,AI.2009.GOKEY,Danny Gokey to Win,7,29.9,Apr/01/2009 16:58:30
670171,AI.2009.GOKEY,Danny Gokey to Win,11,30.0,Apr/01/2009 16:58:59
670171,AI.2009.GOKEY,Danny Gokey to Win,5,29.9,Apr/02/2009 06:30:27
670171,AI.2009.GOKEY,Danny Gokey to Win,2,25.0,Apr/02/2009 12:37:07
670171,AI.2009.GOKEY,Danny Gokey to Win,3,25.1,Apr/02/2009 12:37:07
670171,AI.2009.GOKEY,Danny Gokey to Win,1,29.9,Apr/02/2009 16:17:10
670171,AI.2009.GOKEY,Danny Gokey to Win,30,26.1,Apr/03/2009 00:56:28
670171,AI.2009.GOKEY,Danny Gokey to Win,2,26.2,Apr/03/2009 00:56:28
670171,AI.2009.GOKEY,Danny Gokey to Win,3,28.8,Apr/03/2009 01:48:38
670171,AI.2009.GOKEY,Danny Gokey to Win,18,25.0,Apr/03/2009 09:27:08
670171,AI.2009.GOKEY,Danny Gokey to Win,5,24.8,Apr/03/2009 09:28:06
670171,AI.2009.GOKEY,Danny Gokey to Win,3,25.0,Apr/03/2009 21:13:51
670171,AI.2009.GOKEY,Danny Gokey to Win,32,25.0,Apr/03/2009 21:13:51
670171,AI.2009.GOKEY,Danny Gokey to Win,7,28.4,Apr/04/2009 23:19:11
670171,AI.2009.GOKEY,Danny Gokey to Win,4,29.9,Apr/04/2009 23:19:28
670171,AI.2009.GOKEY,Danny Gokey to Win,10,29.9,Apr/04/2009 23:19:28
670171,AI.2009.GOKEY,Danny Gokey to Win,8,30.0,Apr/04/2009 23:20:06
670171,AI.2009.GOKEY,Danny Gokey to Win,20,30.0,Apr/04/2009 23:20:06
670171,AI.2009.GOKEY,Danny Gokey to Win,10,26.0,Apr/05/2009 15:26:44
670171,AI.2009.GOKEY,Danny Gokey to Win,18,25.0,Apr/05/2009 17:23:55
670171,AI.2009.GOKEY,Danny Gokey to Win,12,25.0,Apr/05/2009 17:25:34
670171,AI.2009.GOKEY,Danny Gokey to Win,3,25.0,Apr/05/2009 17:25:59
670171,AI.2009.GOKEY,Danny Gokey to Win,1,25.0,Apr/06/2009 02:37:26
670171,AI.2009.GOKEY,Danny Gokey to Win,1,25.0,Apr/06/2009 02:37:35
670171,AI.2009.GOKEY,Danny Gokey to Win,2,25.0,Apr/06/2009 17:03:15
670171,AI.2009.GOKEY,Danny Gokey to Win,5,25.0,Apr/06/2009 17:04:49
670171,AI.2009.GOKEY,Danny Gokey to Win,3,25.0,Apr/06/2009 17:06:00
670171,AI.2009.GOKEY,Danny Gokey to Win,9,25.0,Apr/06/2009 17:07:31
670171,AI.2009.GOKEY,Danny Gokey to Win,5,25.0,Apr/06/2009 17:11:25
670171,AI.2009.GOKEY,Danny Gokey to Win,1,25.0,Apr/06/2009 17:15:11
670171,AI.2009.GOKEY,Danny Gokey to Win,10,24.9,Apr/06/2009 17:31:13
670171,AI.2009.GOKEY,Danny Gokey to Win,10,25.4,Apr/07/2009 05:20:05
670171,AI.2009.GOKEY,Danny Gokey to Win,10,28.9,Apr/07/2009 09:25:35
670171,AI.2009.GOKEY,Danny Gokey to Win,10,29.0,Apr/07/2009 09:25:45
670171,AI.2009.GOKEY,Danny Gokey to Win,10,29.8,Apr/07/2009 09:29:39
670171,AI.2009.GOKEY,Danny Gokey to Win,10,29.9,Apr/07/2009 09:30:20
670171,AI.2009.GOKEY,Danny Gokey to Win,10,30.1,Apr/07/2009 09:35:02
670171,AI.2009.GOKEY,Danny Gokey to Win,10,30.1,Apr/08/2009 00:08:02
670171,AI.2009.GOKEY,Danny Gokey to Win,10,30.5,Apr/08/2009 00:09:01
670171,AI.2009.GOKEY,Danny Gokey to Win,9,28.0,Apr/08/2009 00:36:19
670171,AI.2009.GOKEY,Danny Gokey to Win,2,26.0,Apr/08/2009 00:36:30
670171,AI.2009.GOKEY,Danny Gokey to Win,35,25.4,Apr/08/2009 01:07:31
670171,AI.2009.GOKEY,Danny Gokey to Win,15,25.6,Apr/08/2009 01:07:31
670171,AI.2009.GOKEY,Danny Gokey to Win,21,25.4,Apr/08/2009 01:26:32
670171,AI.2009.GOKEY,Danny Gokey to Win,2,28.0,Apr/08/2009 02:36:51
670171,AI.2009.GOKEY,Danny Gokey to Win,1,25.4,Apr/08/2009 03:37:02
670171,AI.2009.GOKEY,Danny Gokey to Win,1,27.9,Apr/08/2009 04:44:08
670171,AI.2009.GOKEY,Danny Gokey to Win,1,27.9,Apr/08/2009 04:56:35
670171,AI.2009.GOKEY,Danny Gokey to Win,33,25.4,Apr/08/2009 04:56:48
670171,AI.2009.GOKEY,Danny Gokey to Win,20,20.0,Apr/08/2009 04:56:57
670171,AI.2009.GOKEY,Danny Gokey to Win,1,10.0,Apr/08/2009 04:57:09
670171,AI.2009.GOKEY,Danny Gokey to Win,30,20.0,Apr/08/2009 07:19:44
670171,AI.2009.GOKEY,Danny Gokey to Win,29,20.0,Apr/08/2009 08:46:38
670171,AI.2009.GOKEY,Danny Gokey to Win,2,20.1,Apr/08/2009 14:20:53
670171,AI.2009.GOKEY,Danny Gokey to Win,1,20.1,Apr/08/2009 17:05:52
670171,AI.2009.GOKEY,Danny Gokey to Win,1,20.1,Apr/08/2009 17:05:52
670171,AI.2009.GOKEY,Danny Gokey to Win,2,20.1,Apr/08/2009 17:05:52
670171,AI.2009.GOKEY,Danny Gokey to Win,1,20.2,Apr/08/2009 17:05:52
670171,AI.2009.GOKEY,Danny Gokey to Win,5,22.8,Apr/08/2009 21:57:45
670171,AI.2009.GOKEY,Danny Gokey to Win,1,24.0,Apr/09/2009 19:31:27
670171,AI.2009.GOKEY,Danny Gokey to Win,2,24.0,Apr/09/2009 19:33:30
670171,AI.2009.GOKEY,Danny Gokey to Win,2,24.0,Apr/09/2009 19:34:24
670171,AI.2009.GOKEY,Danny Gokey to Win,2,24.0,Apr/09/2009 19:37:29
670171,AI.2009.GOKEY,Danny Gokey to Win,1,24.0,Apr/09/2009 19:39:40
670171,AI.2009.GOKEY,Danny Gokey to Win,2,24.0,Apr/09/2009 19:41:10
670171,AI.2009.GOKEY,Danny Gokey to Win,10,24.0,Apr/09/2009 20:27:14
670171,AI.2009.GOKEY,Danny Gokey to Win,20,24.0,Apr/09/2009 21:07:29
670171,AI.2009.GOKEY,Danny Gokey to Win,45,23.0,Apr/10/2009 15:03:29
670171,AI.2009.GOKEY,Danny Gokey to Win,1,23.1,Apr/11/2009 12:53:31
670171,AI.2009.GOKEY,Danny Gokey to Win,7,23.0,Apr/11/2009 12:53:31
670171,AI.2009.GOKEY,Danny Gokey to Win,1,23.9,Apr/13/2009 01:13:18
670171,AI.2009.GOKEY,Danny Gokey to Win,20,23.0,Apr/13/2009 13:34:13
670171,AI.2009.GOKEY,Danny Gokey to Win,8,23.0,Apr/13/2009 14:31:16
670171,AI.2009.GOKEY,Danny Gokey to Win,3,23.0,Apr/14/2009 00:37:00
670171,AI.2009.GOKEY,Danny Gokey to Win,3,23.0,Apr/14/2009 00:38:21
670171,AI.2009.GOKEY,Danny Gokey to Win,3,23.0,Apr/14/2009 00:39:26
670171,AI.2009.GOKEY,Danny Gokey to Win,4,23.0,Apr/14/2009 00:40:27
670171,AI.2009.GOKEY,Danny Gokey to Win,5,23.0,Apr/14/2009 00:41:45
670171,AI.2009.GOKEY,Danny Gokey to Win,5,23.0,Apr/14/2009 00:42:22
670171,AI.2009.GOKEY,Danny Gokey to Win,3,23.0,Apr/14/2009 00:43:04
670171,AI.2009.GOKEY,Danny Gokey to Win,5,23.0,Apr/14/2009 00:46:03
670171,AI.2009.GOKEY,Danny Gokey to Win,1,23.0,Apr/14/2009 00:46:47
670171,AI.2009.GOKEY,Danny Gokey to Win,7,23.0,Apr/14/2009 00:47:54
670171,AI.2009.GOKEY,Danny Gokey to Win,58,23.0,Apr/14/2009 06:37:55
670171,AI.2009.GOKEY,Danny Gokey to Win,10,24.0,Apr/14/2009 08:11:14
670171,AI.2009.GOKEY,Danny Gokey to Win,1,25.0,Apr/14/2009 08:11:14
670171,AI.2009.GOKEY,Danny Gokey to Win,2,23.8,Apr/14/2009 08:11:14
670171,AI.2009.GOKEY,Danny Gokey to Win,1,23.7,Apr/14/2009 08:11:14
670171,AI.2009.GOKEY,Danny Gokey to Win,8,23.0,Apr/14/2009 11:07:41
670171,AI.2009.GOKEY,Danny Gokey to Win,10,23.0,Apr/14/2009 13:10:43
670171,AI.2009.GOKEY,Danny Gokey to Win,3,23.1,Apr/15/2009 00:43:05
670171,AI.2009.GOKEY,Danny Gokey to Win,10,24.0,Apr/15/2009 00:54:35
670171,AI.2009.GOKEY,Danny Gokey to Win,10,24.0,Apr/15/2009 00:54:49
670171,AI.2009.GOKEY,Danny Gokey to Win,10,24.0,Apr/15/2009 01:06:47
670171,AI.2009.GOKEY,Danny Gokey to Win,1,24.0,Apr/15/2009 02:58:20
670171,AI.2009.GOKEY,Danny Gokey to Win,1,25.0,Apr/15/2009 03:36:53
670171,AI.2009.GOKEY,Danny Gokey to Win,1,25.0,Apr/15/2009 03:36:53
670171,AI.2009.GOKEY,Danny Gokey to Win,4,29.5,Apr/15/2009 04:13:34
670171,AI.2009.GOKEY,Danny Gokey to Win,1,29.7,Apr/15/2009 22:31:42
670171,AI.2009.GOKEY,Danny Gokey to Win,9,29.7,Apr/16/2009 01:04:32
670171,AI.2009.GOKEY,Danny Gokey to Win,20,26.5,Apr/16/2009 12:43:49
670171,AI.2009.GOKEY,Danny Gokey to Win,20,26.5,Apr/16/2009 12:43:49
670171,AI.2009.GOKEY,Danny Gokey to Win,48,25.5,Apr/16/2009 12:43:49
670171,AI.2009.GOKEY,Danny Gokey to Win,100,26.0,Apr/16/2009 12:43:49
670171,AI.2009.GOKEY,Danny Gokey to Win,40,26.6,Apr/16/2009 12:43:49
670171,AI.2009.GOKEY,Danny Gokey to Win,40,26.0,Apr/16/2009 17:18:53
670171,AI.2009.GOKEY,Danny Gokey to Win,52,25.5,Apr/16/2009 17:18:59
670171,AI.2009.GOKEY,Danny Gokey to Win,3,25.8,Apr/17/2009 00:26:12
670171,AI.2009.GOKEY,Danny Gokey to Win,40,25.2,Apr/17/2009 00:40:01
670171,AI.2009.GOKEY,Danny Gokey to Win,12,25.8,Apr/17/2009 02:44:51
670171,AI.2009.GOKEY,Danny Gokey to Win,5,25.8,Apr/17/2009 12:18:53
670171,AI.2009.GOKEY,Danny Gokey to Win,1,25.8,Apr/17/2009 20:48:12
670171,AI.2009.GOKEY,Danny Gokey to Win,22,25.8,Apr/18/2009 17:13:13
670171,AI.2009.GOKEY,Danny Gokey to Win,100,25.0,Apr/18/2009 17:13:49
670171,AI.2009.GOKEY,Danny Gokey to Win,6,24.6,Apr/19/2009 06:27:39
670171,AI.2009.GOKEY,Danny Gokey to Win,2,24.6,Apr/19/2009 15:43:08
670171,AI.2009.GOKEY,Danny Gokey to Win,1,24.7,Apr/19/2009 15:43:08
670171,AI.2009.GOKEY,Danny Gokey to Win,1,24.7,Apr/20/2009 12:58:35
670171,AI.2009.GOKEY,Danny Gokey to Win,1,24.8,Apr/20/2009 12:58:35
670171,AI.2009.GOKEY,Danny Gokey to Win,2,24.7,Apr/20/2009 14:23:13
670171,AI.2009.GOKEY,Danny Gokey to Win,1,24.7,Apr/20/2009 17:32:48
670171,AI.2009.GOKEY,Danny Gokey to Win,20,24.6,Apr/21/2009 23:43:53
670171,AI.2009.GOKEY,Danny Gokey to Win,100,24.5,Apr/21/2009 23:43:53
670171,AI.2009.GOKEY,Danny Gokey to Win,20,24.6,Apr/21/2009 23:43:53
670171,AI.2009.GOKEY,Danny Gokey to Win,1,24.6,Apr/21/2009 23:43:53
670171,AI.2009.GOKEY,Danny Gokey to Win,93,24.5,Apr/22/2009 00:09:37
670171,AI.2009.GOKEY,Danny Gokey to Win,3,24.4,Apr/22/2009 00:24:54
670171,AI.2009.GOKEY,Danny Gokey to Win,97,24.4,Apr/22/2009 00:25:14
670171,AI.2009.GOKEY,Danny Gokey to Win,200,24.0,Apr/22/2009 00:26:41
670171,AI.2009.GOKEY,Danny Gokey to Win,14,24.0,Apr/22/2009 00:34:07
670171,AI.2009.GOKEY,Danny Gokey to Win,8,23.9,Apr/22/2009 01:05:50
670171,AI.2009.GOKEY,Danny Gokey to Win,92,23.9,Apr/22/2009 12:58:22
670171,AI.2009.GOKEY,Danny Gokey to Win,1,24.0,Apr/22/2009 12:58:22
670171,AI.2009.GOKEY,Danny Gokey to Win,17,23.0,Apr/22/2009 13:01:20
670171,AI.2009.GOKEY,Danny Gokey to Win,5,23.0,Apr/22/2009 13:01:20
670171,AI.2009.GOKEY,Danny Gokey to Win,10,23.0,Apr/22/2009 14:04:31
670171,AI.2009.GOKEY,Danny Gokey to Win,9,23.0,Apr/22/2009 21:24:49
670171,AI.2009.GOKEY,Danny Gokey to Win,5,20.0,Apr/23/2009 05:31:38
670171,AI.2009.GOKEY,Danny Gokey to Win,20,15.0,Apr/23/2009 12:14:37
670171,AI.2009.GOKEY,Danny Gokey to Win,5,14.5,Apr/23/2009 13:35:01
670171,AI.2009.GOKEY,Danny Gokey to Win,1,15.4,Apr/23/2009 16:35:08
670171,AI.2009.GOKEY,Danny Gokey to Win,19,12.1,Apr/23/2009 16:35:08
670171,AI.2009.GOKEY,Danny Gokey to Win,1,12.1,Apr/23/2009 16:37:10
670171,AI.2009.GOKEY,Danny Gokey to Win,1,18.9,Apr/24/2009 04:47:40
670171,AI.2009.GOKEY,Danny Gokey to Win,1,18.0,Apr/24/2009 12:05:57
670171,AI.2009.GOKEY,Danny Gokey to Win,2,17.4,Apr/27/2009 23:37:26
670171,AI.2009.GOKEY,Danny Gokey to Win,2,17.4,Apr/28/2009 04:46:22
670171,AI.2009.GOKEY,Danny Gokey to Win,1,17.0,Apr/28/2009 18:48:04
670171,AI.2009.GOKEY,Danny Gokey to Win,2,19.8,Apr/28/2009 21:50:03
670171,AI.2009.GOKEY,Danny Gokey to Win,10,19.9,Apr/28/2009 23:19:21
670171,AI.2009.GOKEY,Danny Gokey to Win,20,20.0,Apr/28/2009 23:19:21
670171,AI.2009.GOKEY,Danny Gokey to Win,3,20.0,Apr/29/2009 00:14:27
670171,AI.2009.GOKEY,Danny Gokey to Win,61,19.8,Apr/29/2009 00:14:27
670171,AI.2009.GOKEY,Danny Gokey to Win,10,21.1,Apr/29/2009 00:42:49
670171,AI.2009.GOKEY,Danny Gokey to Win,5,21.6,Apr/29/2009 00:51:41
670171,AI.2009.GOKEY,Danny Gokey to Win,95,21.5,Apr/29/2009 00:51:41
670171,AI.2009.GOKEY,Danny Gokey to Win,5,21.5,Apr/29/2009 00:52:02
670171,AI.2009.GOKEY,Danny Gokey to Win,95,21.0,Apr/29/2009 00:52:02
670171,AI.2009.GOKEY,Danny Gokey to Win,106,21.5,Apr/29/2009 00:58:07
670171,AI.2009.GOKEY,Danny Gokey to Win,1,23.0,Apr/29/2009 02:41:16
670171,AI.2009.GOKEY,Danny Gokey to Win,1,24.0,Apr/29/2009 02:41:16
670171,AI.2009.GOKEY,Danny Gokey to Win,1,22.0,Apr/29/2009 02:41:16
670171,AI.2009.GOKEY,Danny Gokey to Win,3,22.0,Apr/29/2009 03:03:45
670171,AI.2009.GOKEY,Danny Gokey to Win,5,21.9,Apr/29/2009 04:48:41
670171,AI.2009.GOKEY,Danny Gokey to Win,1,21.9,Apr/29/2009 06:45:50
670171,AI.2009.GOKEY,Danny Gokey to Win,10,21.9,Apr/29/2009 06:46:27
670171,AI.2009.GOKEY,Danny Gokey to Win,10,21.9,Apr/29/2009 06:46:59
670171,AI.2009.GOKEY,Danny Gokey to Win,17,21.9,Apr/29/2009 06:47:44
670171,AI.2009.GOKEY,Danny Gokey to Win,23,21.9,Apr/29/2009 10:07:14
670171,AI.2009.GOKEY,Danny Gokey to Win,2,21.9,Apr/29/2009 20:46:16
670171,AI.2009.GOKEY,Danny Gokey to Win,10,22.1,Apr/30/2009 00:15:21
670171,AI.2009.GOKEY,Danny Gokey to Win,3,22.1,Apr/30/2009 00:16:39
670171,AI.2009.GOKEY,Danny Gokey to Win,4,23.9,Apr/30/2009 01:21:42
670171,AI.2009.GOKEY,Danny Gokey to Win,6,24.0,Apr/30/2009 01:21:54
670171,AI.2009.GOKEY,Danny Gokey to Win,5,24.9,Apr/30/2009 01:22:08
670171,AI.2009.GOKEY,Danny Gokey to Win,76,25.0,Apr/30/2009 01:22:20
670171,AI.2009.GOKEY,Danny Gokey to Win,8,25.0,Apr/30/2009 01:22:45
670171,AI.2009.GOKEY,Danny Gokey to Win,10,25.0,Apr/30/2009 01:24:14
670171,AI.2009.GOKEY,Danny Gokey to Win,5,27.0,Apr/30/2009 02:01:50
670171,AI.2009.GOKEY,Danny Gokey to Win,1,29.7,Apr/30/2009 13:04:10
670171,AI.2009.GOKEY,Danny Gokey to Win,10,26.0,Apr/30/2009 19:34:33
670171,AI.2009.GOKEY,Danny Gokey to Win,10,26.0,Apr/30/2009 19:56:40
670171,AI.2009.GOKEY,Danny Gokey to Win,10,25.5,Apr/30/2009 19:57:19
670171,AI.2009.GOKEY,Danny Gokey to Win,15,25.1,Apr/30/2009 19:57:34
670171,AI.2009.GOKEY,Danny Gokey to Win,3,29.7,Apr/30/2009 20:51:11
670171,AI.2009.GOKEY,Danny Gokey to Win,1,26.0,Apr/30/2009 20:56:22
670171,AI.2009.GOKEY,Danny Gokey to Win,14,25.1,Apr/30/2009 20:56:57
670171,AI.2009.GOKEY,Danny Gokey to Win,25,25.1,Apr/30/2009 20:57:18
670171,AI.2009.GOKEY,Danny Gokey to Win,10,25.1,Apr/30/2009 20:58:00
670171,AI.2009.GOKEY,Danny Gokey to Win,2,27.0,May/01/2009 14:38:03
670171,AI.2009.GOKEY,Danny Gokey to Win,41,25.2,May/01/2009 14:38:03
670171,AI.2009.GOKEY,Danny Gokey to Win,1,25.2,May/01/2009 17:02:07
670171,AI.2009.GOKEY,Danny Gokey to Win,1,25.2,May/01/2009 18:33:00
670171,AI.2009.GOKEY,Danny Gokey to Win,1,28.9,May/01/2009 21:05:49
670171,AI.2009.GOKEY,Danny Gokey to Win,1,29.0,May/01/2009 23:08:18
670171,AI.2009.GOKEY,Danny Gokey to Win,1,25.3,May/02/2009 12:31:16
670171,AI.2009.GOKEY,Danny Gokey to Win,1,25.3,May/04/2009 05:58:47
670171,AI.2009.GOKEY,Danny Gokey to Win,12,27.0,May/04/2009 18:54:32
670171,AI.2009.GOKEY,Danny Gokey to Win,1,27.0,May/04/2009 18:55:23
670171,AI.2009.GOKEY,Danny Gokey to Win,2,27.0,May/04/2009 18:57:20
670171,AI.2009.GOKEY,Danny Gokey to Win,2,27.0,May/04/2009 18:57:59
670171,AI.2009.GOKEY,Danny Gokey to Win,2,27.0,May/04/2009 18:58:32
670171,AI.2009.GOKEY,Danny Gokey to Win,3,27.0,May/05/2009 02:50:30
670171,AI.2009.GOKEY,Danny Gokey to Win,4,27.1,May/05/2009 15:57:51
670171,AI.2009.GOKEY,Danny Gokey to Win,13,27.1,May/05/2009 15:58:06
670171,AI.2009.GOKEY,Danny Gokey to Win,13,27.1,May/05/2009 15:58:21
670171,AI.2009.GOKEY,Danny Gokey to Win,13,27.1,May/05/2009 15:59:24
670171,AI.2009.GOKEY,Danny Gokey to Win,13,25.2,May/05/2009 16:00:44
670171,AI.2009.GOKEY,Danny Gokey to Win,28,27.0,May/05/2009 16:00:44
670171,AI.2009.GOKEY,Danny Gokey to Win,100,25.3,May/05/2009 16:00:44
670171,AI.2009.GOKEY,Danny Gokey to Win,21,27.1,May/05/2009 16:00:44
670171,AI.2009.GOKEY,Danny Gokey to Win,20,25.2,May/05/2009 17:54:56
670171,AI.2009.GOKEY,Danny Gokey to Win,26,25.2,May/05/2009 17:55:39
670171,AI.2009.GOKEY,Danny Gokey to Win,1,24.5,May/05/2009 18:26:01
670171,AI.2009.GOKEY,Danny Gokey to Win,2,24.5,May/05/2009 22:27:47
670171,AI.2009.GOKEY,Danny Gokey to Win,1,25.0,May/05/2009 23:42:52
670171,AI.2009.GOKEY,Danny Gokey to Win,77,25.0,May/05/2009 23:43:47
670171,AI.2009.GOKEY,Danny Gokey to Win,10,25.0,May/05/2009 23:44:02
670171,AI.2009.GOKEY,Danny Gokey to Win,1,27.5,May/06/2009 02:29:41
670171,AI.2009.GOKEY,Danny Gokey to Win,5,27.9,May/06/2009 03:17:43
670171,AI.2009.GOKEY,Danny Gokey to Win,1,27.8,May/06/2009 03:17:43
670171,AI.2009.GOKEY,Danny Gokey to Win,5,27.9,May/06/2009 03:46:08
670171,AI.2009.GOKEY,Danny Gokey to Win,1,27.9,May/06/2009 03:55:08
670171,AI.2009.GOKEY,Danny Gokey to Win,1,27.9,May/06/2009 03:55:13
670171,AI.2009.GOKEY,Danny Gokey to Win,100,26.1,May/06/2009 06:14:08
670171,AI.2009.GOKEY,Danny Gokey to Win,4,25.1,May/06/2009 20:00:37
670171,AI.2009.GOKEY,Danny Gokey to Win,1,25.2,May/06/2009 20:00:37
670171,AI.2009.GOKEY,Danny Gokey to Win,1,25.1,May/06/2009 20:12:18
670171,AI.2009.GOKEY,Danny Gokey to Win,20,22.0,May/07/2009 01:40:30
670171,AI.2009.GOKEY,Danny Gokey to Win,20,20.0,May/07/2009 01:41:04
670171,AI.2009.GOKEY,Danny Gokey to Win,10,26.0,May/07/2009 02:01:10
670171,AI.2009.GOKEY,Danny Gokey to Win,1,25.0,May/08/2009 05:13:09
670171,AI.2009.GOKEY,Danny Gokey to Win,6,25.0,May/08/2009 05:13:46
670171,AI.2009.GOKEY,Danny Gokey to Win,25,25.0,May/08/2009 22:19:46
670171,AI.2009.GOKEY,Danny Gokey to Win,1,25.0,May/09/2009 05:22:16
670171,AI.2009.GOKEY,Danny Gokey to Win,17,25.0,May/10/2009 01:36:57
670171,AI.2009.GOKEY,Danny Gokey to Win,3,26.1,May/10/2009 03:49:55
670171,AI.2009.GOKEY,Danny Gokey to Win,100,24.9,May/10/2009 18:29:55
670171,AI.2009.GOKEY,Danny Gokey to Win,1,24.5,May/11/2009 15:57:26
670171,AI.2009.GOKEY,Danny Gokey to Win,1,25.9,May/12/2009 14:27:58
670171,AI.2009.GOKEY,Danny Gokey to Win,1,26.1,May/12/2009 14:27:58
670171,AI.2009.GOKEY,Danny Gokey to Win,1,26.0,May/12/2009 14:27:58
670171,AI.2009.GOKEY,Danny Gokey to Win,1,24.7,May/12/2009 14:27:58
670171,AI.2009.GOKEY,Danny Gokey to Win,1,24.6,May/12/2009 14:27:58
670171,AI.2009.GOKEY,Danny Gokey to Win,10,24.5,May/12/2009 16:55:53
670171,AI.2009.GOKEY,Danny Gokey to Win,9,24.5,May/12/2009 17:12:05
670171,AI.2009.GOKEY,Danny Gokey to Win,20,24.0,May/12/2009 22:49:30
670171,AI.2009.GOKEY,Danny Gokey to Win,1,24.0,May/12/2009 22:49:30
670171,AI.2009.GOKEY,Danny Gokey to Win,1,24.1,May/12/2009 22:49:30
670171,AI.2009.GOKEY,Danny Gokey to Win,20,23.0,May/12/2009 22:53:10
670171,AI.2009.GOKEY,Danny Gokey to Win,20,23.5,May/12/2009 22:53:10
670171,AI.2009.GOKEY,Danny Gokey to Win,1,22.6,May/12/2009 23:08:07
670171,AI.2009.GOKEY,Danny Gokey to Win,20,22.5,May/12/2009 23:08:07
670171,AI.2009.GOKEY,Danny Gokey to Win,20,22.5,May/12/2009 23:08:07
670171,AI.2009.GOKEY,Danny Gokey to Win,10,22.2,May/12/2009 23:19:22
670171,AI.2009.GOKEY,Danny Gokey to Win,20,22.0,May/12/2009 23:19:22
670171,AI.2009.GOKEY,Danny Gokey to Win,70,22.0,May/12/2009 23:39:47
670171,AI.2009.GOKEY,Danny Gokey to Win,100,22.4,May/12/2009 23:40:00
670171,AI.2009.GOKEY,Danny Gokey to Win,159,22.5,May/12/2009 23:40:15
670171,AI.2009.GOKEY,Danny Gokey to Win,223,22.9,May/12/2009 23:41:01
670171,AI.2009.GOKEY,Danny Gokey to Win,8,22.9,May/12/2009 23:41:01
670171,AI.2009.GOKEY,Danny Gokey to Win,100,22.8,May/13/2009 00:02:43
670171,AI.2009.GOKEY,Danny Gokey to Win,20,22.5,May/13/2009 00:04:10
670171,AI.2009.GOKEY,Danny Gokey to Win,20,22.0,May/13/2009 00:10:50
670171,AI.2009.GOKEY,Danny Gokey to Win,20,20.1,May/13/2009 01:03:09
670171,AI.2009.GOKEY,Danny Gokey to Win,20,20.5,May/13/2009 01:03:09
670171,AI.2009.GOKEY,Danny Gokey to Win,20,20.0,May/13/2009 01:03:09
670171,AI.2009.GOKEY,Danny Gokey to Win,20,21.0,May/13/2009 01:03:09
670171,AI.2009.GOKEY,Danny Gokey to Win,50,20.0,May/13/2009 01:04:56
670171,AI.2009.GOKEY,Danny Gokey to Win,20,19.9,May/13/2009 02:27:32
670171,AI.2009.GOKEY,Danny Gokey to Win,20,19.5,May/13/2009 02:34:15
670171,AI.2009.GOKEY,Danny Gokey to Win,20,18.5,May/13/2009 02:43:08
670171,AI.2009.GOKEY,Danny Gokey to Win,20,19.0,May/13/2009 02:43:08
670171,AI.2009.GOKEY,Danny Gokey to Win,20,18.0,May/13/2009 03:01:29
670171,AI.2009.GOKEY,Danny Gokey to Win,20,17.5,May/13/2009 03:01:37
670171,AI.2009.GOKEY,Danny Gokey to Win,20,17.0,May/13/2009 03:01:46
670171,AI.2009.GOKEY,Danny Gokey to Win,10,16.0,May/13/2009 03:01:59
670171,AI.2009.GOKEY,Danny Gokey to Win,10,16.0,May/13/2009 03:02:17
670171,AI.2009.GOKEY,Danny Gokey to Win,1,19.5,May/13/2009 05:59:11
670171,AI.2009.GOKEY,Danny Gokey to Win,49,19.5,May/13/2009 08:12:17
670171,AI.2009.GOKEY,Danny Gokey to Win,295,19.6,May/13/2009 08:12:17
670171,AI.2009.GOKEY,Danny Gokey to Win,5,14.0,May/13/2009 11:06:32
670171,AI.2009.GOKEY,Danny Gokey to Win,15,17.0,May/13/2009 14:29:32
670171,AI.2009.GOKEY,Danny Gokey to Win,10,14.0,May/13/2009 17:08:08
670171,AI.2009.GOKEY,Danny Gokey to Win,5,18.8,May/13/2009 18:58:54
670171,AI.2009.GOKEY,Danny Gokey to Win,11,16.4,May/13/2009 19:52:44
670171,AI.2009.GOKEY,Danny Gokey to Win,10,18.1,May/13/2009 21:16:13
670171,AI.2009.GOKEY,Danny Gokey to Win,1,14.0,May/13/2009 22:19:52
670171,AI.2009.GOKEY,Danny Gokey to Win,5,14.0,May/14/2009 00:14:40
670171,AI.2009.GOKEY,Danny Gokey to Win,34,14.0,May/14/2009 00:42:02
670171,AI.2009.GOKEY,Danny Gokey to Win,16,13.5,May/14/2009 00:43:00
670171,AI.2009.GOKEY,Danny Gokey to Win,1,12.6,May/14/2009 01:33:04
670171,AI.2009.GOKEY,Danny Gokey to Win,7,10.0,May/14/2009 01:57:10
670171,AI.2009.GOKEY,Danny Gokey to Win,4,0.8,May/14/2009 01:58:00
670171,AI.2009.GOKEY,Danny Gokey to Win,7,0.7,May/14/2009 01:58:30
670171,AI.2009.GOKEY,Danny Gokey to Win,4,0.7,May/14/2009 01:59:05
670171,AI.2009.GOKEY,Danny Gokey to Win,2,0.6,May/14/2009 01:59:07
670171,AI.2009.GOKEY,Danny Gokey to Win,11,0.7,May/14/2009 01:59:14
670171,AI.2009.GOKEY,Danny Gokey to Win,2,0.6,May/14/2009 01:59:51
670171,AI.2009.GOKEY,Danny Gokey to Win,271,0.6,May/14/2009 02:03:56
670171,AI.2009.GOKEY,Danny Gokey to Win,2,0.6,May/14/2009 02:11:02
670171,AI.2009.GOKEY,Danny Gokey to Win,116,0.6,May/14/2009 02:11:02
670171,AI.2009.GOKEY,Danny Gokey to Win,21,0.5,May/14/2009 02:11:53
670171,AI.2009.GOKEY,Danny Gokey to Win,156,0.6,May/14/2009 02:42:10
670171,AI.2009.GOKEY,Danny Gokey to Win,20,0.5,May/14/2009 02:48:24
670171,AI.2009.GOKEY,Danny Gokey to Win,3,0.5,May/14/2009 13:27:49
670171,AI.2009.GOKEY,Danny Gokey to Win,23,0.6,May/14/2009 14:28:18
670171,AI.2009.GOKEY,Danny Gokey to Win,14,0.5,May/14/2009 15:04:47
670171,AI.2009.GOKEY,Danny Gokey to Win,1,0.6,May/14/2009 16:14:05
670171,AI.2009.GOKEY,Danny Gokey to Win,1,0.6,May/14/2009 16:14:09
670171,AI.2009.GOKEY,Danny Gokey to Win,1,0.6,May/14/2009 16:14:13
670171,AI.2009.GOKEY,Danny Gokey to Win,15,0.5,May/14/2009 17:09:04
670171,AI.2009.GOKEY,Danny Gokey to Win,19,0.5,May/15/2009 19:23:00
670171,AI.2009.GOKEY,Danny Gokey to Win,15,0.5,May/17/2009 22:26:38
670171,AI.2009.GOKEY,Danny Gokey to Win,6,0.6,May/19/2009 18:43:19
670171,AI.2009.GOKEY,Danny Gokey to Win,1,0.6,May/19/2009 18:51:42
670171,AI.2009.GOKEY,Danny Gokey to Win,1,0.6,May/19/2009 18:51:47
670171,AI.2009.GOKEY,Danny Gokey to Win,100,0.5,May/19/2009 19:53:21
670171,AI.2009.GOKEY,Danny Gokey to Win,156,0.5,May/19/2009 19:53:21
670171,AI.2009.GOKEY,Danny Gokey to Win,20,0.6,May/20/2009 01:18:39
670171,AI.2009.GOKEY,Danny Gokey to Win,1268,0.6,May/20/2009 01:18:39
670171,AI.2009.GOKEY,Danny Gokey to Win,20,1.0,May/20/2009 02:19:41
670171,AI.2009.GOKEY,Danny Gokey to Win,10,0.7,May/20/2009 11:17:58
670171,AI.2009.GOKEY,Danny Gokey to Win,14,0.7,May/20/2009 12:02:11
670171,AI.2009.GOKEY,Danny Gokey to Win,1,0.8,May/20/2009 13:09:03
670171,AI.2009.GOKEY,Danny Gokey to Win,1,0.8,May/20/2009 13:15:25
670171,AI.2009.GOKEY,Danny Gokey to Win,2,0.8,May/20/2009 13:15:38
670171,AI.2009.GOKEY,Danny Gokey to Win,4,0.8,May/20/2009 13:15:55
670171,AI.2009.GOKEY,Danny Gokey to Win,8,0.8,May/20/2009 16:30:02
670171,AI.2009.GOKEY,Danny Gokey to Win,2,0.8,May/20/2009 16:49:07
670171,AI.2009.GOKEY,Danny Gokey to Win,17,0.8,May/20/2009 18:40:11
670171,AI.2009.GOKEY,Danny Gokey to Win,8,0.8,May/20/2009 18:40:11
670171,AI.2009.GOKEY,Danny Gokey to Win,20,0.7,May/20/2009 18:48:34
670171,AI.2009.GOKEY,Danny Gokey to Win,1,0.7,May/20/2009 18:49:48
