market id,market symbol,market name,trade quantity,trade price,date/time [utc]
743476,2012.PRES.PALIN,Sarah Palin to be elected President in 2012,3,7.0,Dec/27/2010 16:08:22
743476,2012.PRES.PALIN,Sarah Palin to be elected President in 2012,30,5.0,Jan/18/2011 19:41:52
743476,2012.PRES.PALIN,Sarah Palin to be elected President in 2012,2,5.0,Jan/21/2011 20:26:09
743476,2012.PRES.PALIN,Sarah Palin to be elected President in 2012,25,4.5,Jan/25/2011 15:49:24
743476,2012.PRES.PALIN,Sarah Palin to be elected President in 2012,1,3.9,Feb/19/2011 07:24:58
743476,2012.PRES.PALIN,Sarah Palin to be elected President in 2012,22,3.5,Feb/20/2011 15:17:54
743476,2012.PRES.PALIN,Sarah Palin to be elected President in 2012,1,3.9,Feb/25/2011 18:51:07
743476,2012.PRES.PALIN,Sarah Palin to be elected President in 2012,3,3.8,Feb/25/2011 18:51:07
743476,2012.PRES.PALIN,Sarah Palin to be elected President in 2012,5,3.7,Feb/25/2011 18:51:07
743476,2012.PRES.PALIN,Sarah Palin to be elected President in 2012,26,3.5,Feb/28/2011 04:55:22
743476,2012.PRES.PALIN,Sarah Palin to be elected President in 2012,1,3.5,Feb/28/2011 17:10:26
743476,2012.PRES.PALIN,Sarah Palin to be elected President in 2012,1,3.5,Feb/28/2011 19:31:30
743476,2012.PRES.PALIN,Sarah Palin to be elected President in 2012,5,3.0,Mar/01/2011 00:47:39
743476,2012.PRES.PALIN,Sarah Palin to be elected President in 2012,2,2.2,Mar/18/2011 17:21:15
743476,2012.PRES.PALIN,Sarah Palin to be elected President in 2012,3,2.2,Mar/18/2011 17:47:33
743476,2012.PRES.PALIN,Sarah Palin to be elected President in 2012,10,2.3,Mar/18/2011 17:47:57
743476,2012.PRES.PALIN,Sarah Palin to be elected President in 2012,10,2.4,Mar/18/2011 17:48:15
743476,2012.PRES.PALIN,Sarah Palin to be elected President in 2012,10,2.4,Mar/18/2011 17:48:15
743476,2012.PRES.PALIN,Sarah Palin to be elected President in 2012,1,0.5,Mar/21/2011 23:27:48
743476,2012.PRES.PALIN,Sarah Palin to be elected President in 2012,40,2.1,Apr/04/2011 08:15:07
743476,2012.PRES.PALIN,Sarah Palin to be elected President in 2012,21,2.2,Apr/04/2011 08:16:02
743476,2012.PRES.PALIN,Sarah Palin to be elected President in 2012,29,2.3,Apr/04/2011 08:18:12
743476,2012.PRES.PALIN,Sarah Palin to be elected President in 2012,1,2.4,Apr/06/2011 05:47:28
743476,2012.PRES.PALIN,Sarah Palin to be elected President in 2012,1,2.5,Apr/06/2011 05:47:46
743476,2012.PRES.PALIN,Sarah Palin to be elected President in 2012,1,2.6,Apr/06/2011 05:48:00
743476,2012.PRES.PALIN,Sarah Palin to be elected President in 2012,2,2.7,Apr/06/2011 05:48:33
743476,2012.PRES.PALIN,Sarah Palin to be elected President in 2012,1,2.8,Apr/06/2011 05:48:46
743476,2012.PRES.PALIN,Sarah Palin to be elected President in 2012,1,2.6,Apr/06/2011 20:51:24
743476,2012.PRES.PALIN,Sarah Palin to be elected President in 2012,2,2.4,Apr/09/2011 12:41:48
743476,2012.PRES.PALIN,Sarah Palin to be elected President in 2012,3,2.5,Apr/09/2011 12:42:23
743476,2012.PRES.PALIN,Sarah Palin to be elected President in 2012,1,2.6,Apr/12/2011 18:07:34
743476,2012.PRES.PALIN,Sarah Palin to be elected President in 2012,10,2.1,Apr/13/2011 15:33:58
743476,2012.PRES.PALIN,Sarah Palin to be elected President in 2012,30,2.2,Apr/13/2011 15:39:06
743476,2012.PRES.PALIN,Sarah Palin to be elected President in 2012,1,1.8,Apr/16/2011 02:15:01
743476,2012.PRES.PALIN,Sarah Palin to be elected President in 2012,15,1.5,Apr/16/2011 17:28:07
743476,2012.PRES.PALIN,Sarah Palin to be elected President in 2012,5,1.6,Apr/17/2011 16:11:00
743476,2012.PRES.PALIN,Sarah Palin to be elected President in 2012,5,1.7,Apr/17/2011 16:11:32
743476,2012.PRES.PALIN,Sarah Palin to be elected President in 2012,5,1.8,Apr/17/2011 16:11:47
743476,2012.PRES.PALIN,Sarah Palin to be elected President in 2012,2,1.9,Apr/17/2011 16:12:03
743476,2012.PRES.PALIN,Sarah Palin to be elected President in 2012,5,1.9,Apr/17/2011 16:12:03
743476,2012.PRES.PALIN,Sarah Palin to be elected President in 2012,4,2.0,Apr/17/2011 16:14:37
743476,2012.PRES.PALIN,Sarah Palin to be elected President in 2012,5,2.0,Apr/17/2011 16:14:37
743476,2012.PRES.PALIN,Sarah Palin to be elected President in 2012,1,1.1,Apr/18/2011 19:01:40
743476,2012.PRES.PALIN,Sarah Palin to be elected President in 2012,1,1.1,Apr/18/2011 19:01:42
743476,2012.PRES.PALIN,Sarah Palin to be elected President in 2012,1,1.1,Apr/18/2011 19:01:43
743476,2012.PRES.PALIN,Sarah Palin to be elected President in 2012,28,1.8,Apr/21/2011 00:38:57
743476,2012.PRES.PALIN,Sarah Palin to be elected President in 2012,1,1.6,Apr/22/2011 16:24:29
743476,2012.PRES.PALIN,Sarah Palin to be elected President in 2012,9,1.6,Apr/23/2011 21:35:18
743476,2012.PRES.PALIN,Sarah Palin to be elected President in 2012,10,1.7,Apr/26/2011 06:55:55
743476,2012.PRES.PALIN,Sarah Palin to be elected President in 2012,10,1.7,Apr/26/2011 14:18:58
743476,2012.PRES.PALIN,Sarah Palin to be elected President in 2012,1,1.7,Apr/26/2011 15:25:12
743476,2012.PRES.PALIN,Sarah Palin to be elected President in 2012,7,1.7,Apr/27/2011 02:17:42
743476,2012.PRES.PALIN,Sarah Palin to be elected President in 2012,5,1.5,Apr/29/2011 07:06:48
743476,2012.PRES.PALIN,Sarah Palin to be elected President in 2012,10,1.5,Apr/29/2011 07:06:48
743476,2012.PRES.PALIN,Sarah Palin to be elected President in 2012,100,1.5,Apr/29/2011 07:06:48
743476,2012.PRES.PALIN,Sarah Palin to be elected President in 2012,10,1.6,May/02/2011 03:09:48
743476,2012.PRES.PALIN,Sarah Palin to be elected President in 2012,3,1.6,May/02/2011 03:54:29
743476,2012.PRES.PALIN,Sarah Palin to be elected President in 2012,3,1.6,May/02/2011 03:54:47
743476,2012.PRES.PALIN,Sarah Palin to be elected President in 2012,4,1.6,May/02/2011 03:54:48
743476,2012.PRES.PALIN,Sarah Palin to be elected President in 2012,3,1.5,May/02/2011 03:54:49
743476,2012.PRES.PALIN,Sarah Palin to be elected President in 2012,2,1.5,May/02/2011 04:09:46
743476,2012.PRES.PALIN,Sarah Palin to be elected President in 2012,6,1.5,May/02/2011 04:09:48
743476,2012.PRES.PALIN,Sarah Palin to be elected President in 2012,4,1.5,May/02/2011 04:09:50
743476,2012.PRES.PALIN,Sarah Palin to be elected President in 2012,1,1.5,May/02/2011 04:09:52
743476,2012.PRES.PALIN,Sarah Palin to be elected President in 2012,4,1.5,May/02/2011 04:09:54
743476,2012.PRES.PALIN,Sarah Palin to be elected President in 2012,10,1.5,May/02/2011 04:09:56
743476,2012.PRES.PALIN,Sarah Palin to be elected President in 2012,5,1.5,May/02/2011 04:09:58
743476,2012.PRES.PALIN,Sarah Palin to be elected President in 2012,10,1.5,May/02/2011 04:10:00
743476,2012.PRES.PALIN,Sarah Palin to be elected President in 2012,10,1.5,May/02/2011 04:10:02
743476,2012.PRES.PALIN,Sarah Palin to be elected President in 2012,6,1.5,May/02/2011 04:10:04
743476,2012.PRES.PALIN,Sarah Palin to be elected President in 2012,10,1.5,May/02/2011 04:10:06
743476,2012.PRES.PALIN,Sarah Palin to be elected President in 2012,5,1.5,May/02/2011 04:12:03
743476,2012.PRES.PALIN,Sarah Palin to be elected President in 2012,10,1.5,May/05/2011 15:43:35
743476,2012.PRES.PALIN,Sarah Palin to be elected President in 2012,10,1.6,May/05/2011 15:43:52
743476,2012.PRES.PALIN,Sarah Palin to be elected President in 2012,10,1.6,May/05/2011 15:43:52
743476,2012.PRES.PALIN,Sarah Palin to be elected President in 2012,2,1.7,May/05/2011 15:44:08
743476,2012.PRES.PALIN,Sarah Palin to be elected President in 2012,10,1.7,May/05/2011 15:44:08
743476,2012.PRES.PALIN,Sarah Palin to be elected President in 2012,10,1.7,May/05/2011 15:44:08
743476,2012.PRES.PALIN,Sarah Palin to be elected President in 2012,10,1.7,May/05/2011 15:44:08
743476,2012.PRES.PALIN,Sarah Palin to be elected President in 2012,72,1.8,May/05/2011 15:44:26
743476,2012.PRES.PALIN,Sarah Palin to be elected President in 2012,5,1.9,May/05/2011 15:44:44
743476,2012.PRES.PALIN,Sarah Palin to be elected President in 2012,95,1.9,May/05/2011 15:44:44
743476,2012.PRES.PALIN,Sarah Palin to be elected President in 2012,5,2.0,May/05/2011 15:45:01
743476,2012.PRES.PALIN,Sarah Palin to be elected President in 2012,5,2.1,May/05/2011 15:45:29
743476,2012.PRES.PALIN,Sarah Palin to be elected President in 2012,4,2.1,May/05/2011 15:45:29
743476,2012.PRES.PALIN,Sarah Palin to be elected President in 2012,10,1.9,May/05/2011 22:23:59
743476,2012.PRES.PALIN,Sarah Palin to be elected President in 2012,1,2.1,May/05/2011 22:24:10
743476,2012.PRES.PALIN,Sarah Palin to be elected President in 2012,18,2.1,May/05/2011 22:24:10
743476,2012.PRES.PALIN,Sarah Palin to be elected President in 2012,82,2.1,May/05/2011 22:24:30
743476,2012.PRES.PALIN,Sarah Palin to be elected President in 2012,5,2.2,May/05/2011 22:24:43
743476,2012.PRES.PALIN,Sarah Palin to be elected President in 2012,5,2.2,May/05/2011 22:24:43
743476,2012.PRES.PALIN,Sarah Palin to be elected President in 2012,5,2.3,May/05/2011 22:25:01
743476,2012.PRES.PALIN,Sarah Palin to be elected President in 2012,5,2.3,May/05/2011 22:25:01
743476,2012.PRES.PALIN,Sarah Palin to be elected President in 2012,5,2.4,May/05/2011 22:25:14
743476,2012.PRES.PALIN,Sarah Palin to be elected President in 2012,5,2.4,May/05/2011 22:25:14
743476,2012.PRES.PALIN,Sarah Palin to be elected President in 2012,15,2.5,May/05/2011 22:25:27
743476,2012.PRES.PALIN,Sarah Palin to be elected President in 2012,10,2.6,May/05/2011 22:25:42
743476,2012.PRES.PALIN,Sarah Palin to be elected President in 2012,10,2.4,May/05/2011 22:25:42
743476,2012.PRES.PALIN,Sarah Palin to be elected President in 2012,10,2.6,May/05/2011 22:25:52
743476,2012.PRES.PALIN,Sarah Palin to be elected President in 2012,25,2.7,May/05/2011 22:26:51
743476,2012.PRES.PALIN,Sarah Palin to be elected President in 2012,3,8.0,May/05/2011 22:32:33
743476,2012.PRES.PALIN,Sarah Palin to be elected President in 2012,9,1.9,May/06/2011 03:30:57
743476,2012.PRES.PALIN,Sarah Palin to be elected President in 2012,10,1.5,May/07/2011 01:42:24
743476,2012.PRES.PALIN,Sarah Palin to be elected President in 2012,10,1.5,May/07/2011 14:29:19
743476,2012.PRES.PALIN,Sarah Palin to be elected President in 2012,50,1.5,May/07/2011 14:29:19
743476,2012.PRES.PALIN,Sarah Palin to be elected President in 2012,10,1.5,May/07/2011 15:54:34
743476,2012.PRES.PALIN,Sarah Palin to be elected President in 2012,40,1.6,May/07/2011 16:35:07
743476,2012.PRES.PALIN,Sarah Palin to be elected President in 2012,40,1.7,May/07/2011 16:35:26
743476,2012.PRES.PALIN,Sarah Palin to be elected President in 2012,20,1.8,May/07/2011 16:35:47
743476,2012.PRES.PALIN,Sarah Palin to be elected President in 2012,1,1.6,May/08/2011 20:13:40
743476,2012.PRES.PALIN,Sarah Palin to be elected President in 2012,10,1.4,May/09/2011 22:13:19
743476,2012.PRES.PALIN,Sarah Palin to be elected President in 2012,38,1.4,May/09/2011 22:13:19
743476,2012.PRES.PALIN,Sarah Palin to be elected President in 2012,2,1.5,May/09/2011 22:13:19
743476,2012.PRES.PALIN,Sarah Palin to be elected President in 2012,1,1.5,May/09/2011 22:33:03
743476,2012.PRES.PALIN,Sarah Palin to be elected President in 2012,1,1.4,May/09/2011 22:49:17
743476,2012.PRES.PALIN,Sarah Palin to be elected President in 2012,20,1.4,May/10/2011 00:07:09
743476,2012.PRES.PALIN,Sarah Palin to be elected President in 2012,17,1.4,May/10/2011 05:54:49
743476,2012.PRES.PALIN,Sarah Palin to be elected President in 2012,23,1.4,May/10/2011 16:36:39
743476,2012.PRES.PALIN,Sarah Palin to be elected President in 2012,1,1.4,May/10/2011 16:39:14
743476,2012.PRES.PALIN,Sarah Palin to be elected President in 2012,10,1.3,May/10/2011 21:47:22
743476,2012.PRES.PALIN,Sarah Palin to be elected President in 2012,9,1.4,May/10/2011 23:06:23
743476,2012.PRES.PALIN,Sarah Palin to be elected President in 2012,10,1.4,May/10/2011 23:06:23
743476,2012.PRES.PALIN,Sarah Palin to be elected President in 2012,10,1.4,May/10/2011 23:06:23
743476,2012.PRES.PALIN,Sarah Palin to be elected President in 2012,9,1.5,May/10/2011 23:06:38
743476,2012.PRES.PALIN,Sarah Palin to be elected President in 2012,10,1.5,May/10/2011 23:06:38
743476,2012.PRES.PALIN,Sarah Palin to be elected President in 2012,10,1.5,May/10/2011 23:06:38
743476,2012.PRES.PALIN,Sarah Palin to be elected President in 2012,10,1.5,May/10/2011 23:06:38
743476,2012.PRES.PALIN,Sarah Palin to be elected President in 2012,10,1.5,May/10/2011 23:06:38
743476,2012.PRES.PALIN,Sarah Palin to be elected President in 2012,10,1.5,May/10/2011 23:06:38
743476,2012.PRES.PALIN,Sarah Palin to be elected President in 2012,30,1.6,May/10/2011 23:06:51
743476,2012.PRES.PALIN,Sarah Palin to be elected President in 2012,20,1.6,May/10/2011 23:06:51
743476,2012.PRES.PALIN,Sarah Palin to be elected President in 2012,10,1.7,May/10/2011 23:07:05
743476,2012.PRES.PALIN,Sarah Palin to be elected President in 2012,10,1.9,May/10/2011 23:07:18
743476,2012.PRES.PALIN,Sarah Palin to be elected President in 2012,10,1.9,May/10/2011 23:07:28
743476,2012.PRES.PALIN,Sarah Palin to be elected President in 2012,1,1.9,May/10/2011 23:07:28
743476,2012.PRES.PALIN,Sarah Palin to be elected President in 2012,10,2.0,May/10/2011 23:07:50
743476,2012.PRES.PALIN,Sarah Palin to be elected President in 2012,10,2.0,May/10/2011 23:07:50
743476,2012.PRES.PALIN,Sarah Palin to be elected President in 2012,10,2.0,May/10/2011 23:07:50
743476,2012.PRES.PALIN,Sarah Palin to be elected President in 2012,2,2.0,May/10/2011 23:07:50
743476,2012.PRES.PALIN,Sarah Palin to be elected President in 2012,1,2.1,May/10/2011 23:09:53
743476,2012.PRES.PALIN,Sarah Palin to be elected President in 2012,2,2.1,May/10/2011 23:10:07
743476,2012.PRES.PALIN,Sarah Palin to be elected President in 2012,4,2.2,May/10/2011 23:10:17
743476,2012.PRES.PALIN,Sarah Palin to be elected President in 2012,5,2.3,May/10/2011 23:10:30
743476,2012.PRES.PALIN,Sarah Palin to be elected President in 2012,6,1.9,May/11/2011 02:28:37
743476,2012.PRES.PALIN,Sarah Palin to be elected President in 2012,4,1.9,May/11/2011 02:45:25
743476,2012.PRES.PALIN,Sarah Palin to be elected President in 2012,11,1.9,May/11/2011 02:45:25
743476,2012.PRES.PALIN,Sarah Palin to be elected President in 2012,24,1.4,May/11/2011 22:42:40
743476,2012.PRES.PALIN,Sarah Palin to be elected President in 2012,10,1.5,May/13/2011 17:18:31
743476,2012.PRES.PALIN,Sarah Palin to be elected President in 2012,10,1.5,May/13/2011 17:18:31
743476,2012.PRES.PALIN,Sarah Palin to be elected President in 2012,10,1.5,May/13/2011 17:18:31
743476,2012.PRES.PALIN,Sarah Palin to be elected President in 2012,10,1.5,May/13/2011 17:18:31
743476,2012.PRES.PALIN,Sarah Palin to be elected President in 2012,10,2.0,May/13/2011 17:56:53
743476,2012.PRES.PALIN,Sarah Palin to be elected President in 2012,10,1.7,May/13/2011 17:56:53
743476,2012.PRES.PALIN,Sarah Palin to be elected President in 2012,10,1.9,May/13/2011 17:56:53
743476,2012.PRES.PALIN,Sarah Palin to be elected President in 2012,10,2.0,May/13/2011 17:56:53
743476,2012.PRES.PALIN,Sarah Palin to be elected President in 2012,10,1.9,May/13/2011 17:56:53
743476,2012.PRES.PALIN,Sarah Palin to be elected President in 2012,10,1.8,May/13/2011 17:56:53
743476,2012.PRES.PALIN,Sarah Palin to be elected President in 2012,10,1.9,May/13/2011 17:56:53
743476,2012.PRES.PALIN,Sarah Palin to be elected President in 2012,10,1.6,May/13/2011 17:56:53
743476,2012.PRES.PALIN,Sarah Palin to be elected President in 2012,4,1.7,May/13/2011 17:56:53
743476,2012.PRES.PALIN,Sarah Palin to be elected President in 2012,10,1.8,May/13/2011 17:56:53
743476,2012.PRES.PALIN,Sarah Palin to be elected President in 2012,10,1.7,May/13/2011 17:56:53
743476,2012.PRES.PALIN,Sarah Palin to be elected President in 2012,10,2.0,May/13/2011 17:56:53
743476,2012.PRES.PALIN,Sarah Palin to be elected President in 2012,10,1.8,May/13/2011 17:56:53
743476,2012.PRES.PALIN,Sarah Palin to be elected President in 2012,10,1.6,May/13/2011 17:56:53
743476,2012.PRES.PALIN,Sarah Palin to be elected President in 2012,6,2.0,May/13/2011 17:56:53
743476,2012.PRES.PALIN,Sarah Palin to be elected President in 2012,10,1.9,May/13/2011 17:56:53
743476,2012.PRES.PALIN,Sarah Palin to be elected President in 2012,10,1.7,May/13/2011 22:26:16
743476,2012.PRES.PALIN,Sarah Palin to be elected President in 2012,1,1.8,May/13/2011 22:26:23
743476,2012.PRES.PALIN,Sarah Palin to be elected President in 2012,10,1.8,May/13/2011 22:26:23
743476,2012.PRES.PALIN,Sarah Palin to be elected President in 2012,5,1.4,May/14/2011 14:11:38
743476,2012.PRES.PALIN,Sarah Palin to be elected President in 2012,6,1.5,May/14/2011 14:11:45
743476,2012.PRES.PALIN,Sarah Palin to be elected President in 2012,90,1.0,May/14/2011 18:09:53
743476,2012.PRES.PALIN,Sarah Palin to be elected President in 2012,50,1.4,May/15/2011 13:27:41
743476,2012.PRES.PALIN,Sarah Palin to be elected President in 2012,5,1.2,May/15/2011 14:00:28
743476,2012.PRES.PALIN,Sarah Palin to be elected President in 2012,5,1.2,May/15/2011 14:00:28
743476,2012.PRES.PALIN,Sarah Palin to be elected President in 2012,5,1.6,May/15/2011 15:41:52
743476,2012.PRES.PALIN,Sarah Palin to be elected President in 2012,10,1.7,May/15/2011 15:42:20
743476,2012.PRES.PALIN,Sarah Palin to be elected President in 2012,10,1.7,May/15/2011 15:42:20
743476,2012.PRES.PALIN,Sarah Palin to be elected President in 2012,10,1.8,May/15/2011 15:42:28
743476,2012.PRES.PALIN,Sarah Palin to be elected President in 2012,10,1.8,May/15/2011 15:42:28
743476,2012.PRES.PALIN,Sarah Palin to be elected President in 2012,15,1.8,May/15/2011 15:42:28
743476,2012.PRES.PALIN,Sarah Palin to be elected President in 2012,10,1.9,May/15/2011 15:42:43
743476,2012.PRES.PALIN,Sarah Palin to be elected President in 2012,10,1.9,May/15/2011 15:42:43
743476,2012.PRES.PALIN,Sarah Palin to be elected President in 2012,10,1.9,May/15/2011 15:42:43
743476,2012.PRES.PALIN,Sarah Palin to be elected President in 2012,5,1.9,May/15/2011 15:42:43
743476,2012.PRES.PALIN,Sarah Palin to be elected President in 2012,20,1.9,May/15/2011 15:42:43
743476,2012.PRES.PALIN,Sarah Palin to be elected President in 2012,4,2.0,May/15/2011 15:42:49
743476,2012.PRES.PALIN,Sarah Palin to be elected President in 2012,10,2.0,May/15/2011 15:42:49
743476,2012.PRES.PALIN,Sarah Palin to be elected President in 2012,10,2.0,May/15/2011 15:42:49
743476,2012.PRES.PALIN,Sarah Palin to be elected President in 2012,10,2.0,May/15/2011 15:42:49
743476,2012.PRES.PALIN,Sarah Palin to be elected President in 2012,10,2.0,May/15/2011 15:42:49
743476,2012.PRES.PALIN,Sarah Palin to be elected President in 2012,10,2.0,May/15/2011 15:42:49
743476,2012.PRES.PALIN,Sarah Palin to be elected President in 2012,25,2.0,May/15/2011 15:42:49
743476,2012.PRES.PALIN,Sarah Palin to be elected President in 2012,10,1.8,May/15/2011 19:20:28
743476,2012.PRES.PALIN,Sarah Palin to be elected President in 2012,10,1.7,May/15/2011 19:20:28
743476,2012.PRES.PALIN,Sarah Palin to be elected President in 2012,10,1.6,May/15/2011 19:20:28
743476,2012.PRES.PALIN,Sarah Palin to be elected President in 2012,90,1.8,May/15/2011 19:28:05
743476,2012.PRES.PALIN,Sarah Palin to be elected President in 2012,10,1.8,May/16/2011 16:12:46
743476,2012.PRES.PALIN,Sarah Palin to be elected President in 2012,5,1.9,May/16/2011 16:12:57
743476,2012.PRES.PALIN,Sarah Palin to be elected President in 2012,5,1.9,May/16/2011 16:12:57
743476,2012.PRES.PALIN,Sarah Palin to be elected President in 2012,10,1.9,May/16/2011 16:13:09
743476,2012.PRES.PALIN,Sarah Palin to be elected President in 2012,10,1.9,May/16/2011 16:13:09
743476,2012.PRES.PALIN,Sarah Palin to be elected President in 2012,10,2.0,May/16/2011 16:13:35
743476,2012.PRES.PALIN,Sarah Palin to be elected President in 2012,10,2.0,May/16/2011 16:13:35
743476,2012.PRES.PALIN,Sarah Palin to be elected President in 2012,10,2.0,May/16/2011 16:13:35
743476,2012.PRES.PALIN,Sarah Palin to be elected President in 2012,10,2.0,May/16/2011 16:13:35
743476,2012.PRES.PALIN,Sarah Palin to be elected President in 2012,10,2.0,May/16/2011 16:13:35
743476,2012.PRES.PALIN,Sarah Palin to be elected President in 2012,10,2.1,May/16/2011 16:13:51
743476,2012.PRES.PALIN,Sarah Palin to be elected President in 2012,15,2.1,May/16/2011 16:13:51
743476,2012.PRES.PALIN,Sarah Palin to be elected President in 2012,25,2.1,May/16/2011 16:13:51
743476,2012.PRES.PALIN,Sarah Palin to be elected President in 2012,20,2.2,May/16/2011 16:14:06
743476,2012.PRES.PALIN,Sarah Palin to be elected President in 2012,25,2.2,May/16/2011 16:14:06
743476,2012.PRES.PALIN,Sarah Palin to be elected President in 2012,10,2.3,May/16/2011 16:14:20
743476,2012.PRES.PALIN,Sarah Palin to be elected President in 2012,10,2.5,May/16/2011 16:14:32
743476,2012.PRES.PALIN,Sarah Palin to be elected President in 2012,12,2.8,May/16/2011 16:15:03
743476,2012.PRES.PALIN,Sarah Palin to be elected President in 2012,3,2.2,May/18/2011 12:01:03
743476,2012.PRES.PALIN,Sarah Palin to be elected President in 2012,2,2.1,May/18/2011 12:01:03
743476,2012.PRES.PALIN,Sarah Palin to be elected President in 2012,7,2.2,May/18/2011 18:49:26
743476,2012.PRES.PALIN,Sarah Palin to be elected President in 2012,2,2.2,May/18/2011 18:49:26
743476,2012.PRES.PALIN,Sarah Palin to be elected President in 2012,10,2.0,May/19/2011 01:43:39
743476,2012.PRES.PALIN,Sarah Palin to be elected President in 2012,10,2.1,May/19/2011 20:16:28
743476,2012.PRES.PALIN,Sarah Palin to be elected President in 2012,5,2.2,May/19/2011 20:17:21
743476,2012.PRES.PALIN,Sarah Palin to be elected President in 2012,10,2.2,May/19/2011 20:17:21
743476,2012.PRES.PALIN,Sarah Palin to be elected President in 2012,10,2.2,May/19/2011 20:17:21
743476,2012.PRES.PALIN,Sarah Palin to be elected President in 2012,10,2.3,May/19/2011 20:17:35
743476,2012.PRES.PALIN,Sarah Palin to be elected President in 2012,10,2.3,May/19/2011 20:17:35
743476,2012.PRES.PALIN,Sarah Palin to be elected President in 2012,10,2.4,May/19/2011 20:17:47
743476,2012.PRES.PALIN,Sarah Palin to be elected President in 2012,10,2.5,May/19/2011 20:18:15
743476,2012.PRES.PALIN,Sarah Palin to be elected President in 2012,10,2.5,May/19/2011 20:18:15
743476,2012.PRES.PALIN,Sarah Palin to be elected President in 2012,97,2.6,May/19/2011 20:18:27
743476,2012.PRES.PALIN,Sarah Palin to be elected President in 2012,10,2.6,May/19/2011 20:18:27
743476,2012.PRES.PALIN,Sarah Palin to be elected President in 2012,10,2.7,May/19/2011 20:19:26
743476,2012.PRES.PALIN,Sarah Palin to be elected President in 2012,10,2.9,May/19/2011 20:19:39
743476,2012.PRES.PALIN,Sarah Palin to be elected President in 2012,10,3.0,May/19/2011 20:20:02
743476,2012.PRES.PALIN,Sarah Palin to be elected President in 2012,100,3.0,May/19/2011 20:20:02
743476,2012.PRES.PALIN,Sarah Palin to be elected President in 2012,1,2.3,May/19/2011 20:53:19
743476,2012.PRES.PALIN,Sarah Palin to be elected President in 2012,1,2.4,May/19/2011 20:53:31
743476,2012.PRES.PALIN,Sarah Palin to be elected President in 2012,1,2.5,May/19/2011 20:53:43
743476,2012.PRES.PALIN,Sarah Palin to be elected President in 2012,1,2.6,May/19/2011 20:54:14
743476,2012.PRES.PALIN,Sarah Palin to be elected President in 2012,1,2.9,May/19/2011 20:54:28
743476,2012.PRES.PALIN,Sarah Palin to be elected President in 2012,1,3.0,May/19/2011 20:54:39
743476,2012.PRES.PALIN,Sarah Palin to be elected President in 2012,2,3.0,May/19/2011 20:54:39
743476,2012.PRES.PALIN,Sarah Palin to be elected President in 2012,30,3.0,May/19/2011 20:54:39
743476,2012.PRES.PALIN,Sarah Palin to be elected President in 2012,10,3.0,May/20/2011 15:32:20
743476,2012.PRES.PALIN,Sarah Palin to be elected President in 2012,37,2.9,May/20/2011 15:32:20
743476,2012.PRES.PALIN,Sarah Palin to be elected President in 2012,10,2.8,May/20/2011 15:32:20
743476,2012.PRES.PALIN,Sarah Palin to be elected President in 2012,10,2.7,May/20/2011 15:32:20
743476,2012.PRES.PALIN,Sarah Palin to be elected President in 2012,23,3.0,May/20/2011 15:32:20
743476,2012.PRES.PALIN,Sarah Palin to be elected President in 2012,10,2.8,May/20/2011 15:32:20
743476,2012.PRES.PALIN,Sarah Palin to be elected President in 2012,10,2.6,May/20/2011 15:32:20
743476,2012.PRES.PALIN,Sarah Palin to be elected President in 2012,77,3.0,May/20/2011 15:34:14
743476,2012.PRES.PALIN,Sarah Palin to be elected President in 2012,10,3.5,May/20/2011 15:48:15
743476,2012.PRES.PALIN,Sarah Palin to be elected President in 2012,50,3.5,May/20/2011 15:48:15
743476,2012.PRES.PALIN,Sarah Palin to be elected President in 2012,10,3.9,May/20/2011 15:48:51
743476,2012.PRES.PALIN,Sarah Palin to be elected President in 2012,100,4.0,May/20/2011 15:49:01
743476,2012.PRES.PALIN,Sarah Palin to be elected President in 2012,100,5.0,May/20/2011 15:49:14
743476,2012.PRES.PALIN,Sarah Palin to be elected President in 2012,100,5.0,May/20/2011 15:49:14
743476,2012.PRES.PALIN,Sarah Palin to be elected President in 2012,5,3.7,May/20/2011 22:55:04
743476,2012.PRES.PALIN,Sarah Palin to be elected President in 2012,5,3.6,May/21/2011 00:03:09
743476,2012.PRES.PALIN,Sarah Palin to be elected President in 2012,2,3.4,May/21/2011 19:55:41
743476,2012.PRES.PALIN,Sarah Palin to be elected President in 2012,10,3.4,May/21/2011 19:55:41
743476,2012.PRES.PALIN,Sarah Palin to be elected President in 2012,10,3.5,May/21/2011 21:56:03
743476,2012.PRES.PALIN,Sarah Palin to be elected President in 2012,30,3.5,May/21/2011 21:56:03
743476,2012.PRES.PALIN,Sarah Palin to be elected President in 2012,6,3.4,May/22/2011 02:43:21
743476,2012.PRES.PALIN,Sarah Palin to be elected President in 2012,100,3.5,May/22/2011 02:43:42
743476,2012.PRES.PALIN,Sarah Palin to be elected President in 2012,1,3.4,May/22/2011 09:15:49
743476,2012.PRES.PALIN,Sarah Palin to be elected President in 2012,2,3.5,May/22/2011 09:15:49
743476,2012.PRES.PALIN,Sarah Palin to be elected President in 2012,1,2.9,May/22/2011 13:32:35
743476,2012.PRES.PALIN,Sarah Palin to be elected President in 2012,2,3.0,May/22/2011 13:32:35
743476,2012.PRES.PALIN,Sarah Palin to be elected President in 2012,2,3.1,May/22/2011 13:32:35
743476,2012.PRES.PALIN,Sarah Palin to be elected President in 2012,1,3.1,May/22/2011 15:55:27
743476,2012.PRES.PALIN,Sarah Palin to be elected President in 2012,4,3.2,May/22/2011 15:55:27
743476,2012.PRES.PALIN,Sarah Palin to be elected President in 2012,19,2.9,May/22/2011 19:47:19
743476,2012.PRES.PALIN,Sarah Palin to be elected President in 2012,13,2.7,May/22/2011 20:34:49
743476,2012.PRES.PALIN,Sarah Palin to be elected President in 2012,46,2.8,May/22/2011 20:34:49
743476,2012.PRES.PALIN,Sarah Palin to be elected President in 2012,1,2.7,May/23/2011 14:13:35
743476,2012.PRES.PALIN,Sarah Palin to be elected President in 2012,18,2.7,May/23/2011 16:44:36
743476,2012.PRES.PALIN,Sarah Palin to be elected President in 2012,1,2.8,May/24/2011 03:03:39
743476,2012.PRES.PALIN,Sarah Palin to be elected President in 2012,2,2.9,May/24/2011 03:03:39
743476,2012.PRES.PALIN,Sarah Palin to be elected President in 2012,5,3.0,May/24/2011 03:03:39
743476,2012.PRES.PALIN,Sarah Palin to be elected President in 2012,10,2.7,May/24/2011 14:16:29
743476,2012.PRES.PALIN,Sarah Palin to be elected President in 2012,8,2.7,May/24/2011 14:41:58
743476,2012.PRES.PALIN,Sarah Palin to be elected President in 2012,5,2.3,May/24/2011 21:30:33
743476,2012.PRES.PALIN,Sarah Palin to be elected President in 2012,5,2.4,May/24/2011 21:30:33
743476,2012.PRES.PALIN,Sarah Palin to be elected President in 2012,5,2.5,May/24/2011 21:30:33
743476,2012.PRES.PALIN,Sarah Palin to be elected President in 2012,5,2.6,May/24/2011 21:30:33
743476,2012.PRES.PALIN,Sarah Palin to be elected President in 2012,5,2.3,May/24/2011 21:54:46
743476,2012.PRES.PALIN,Sarah Palin to be elected President in 2012,5,2.4,May/24/2011 21:54:46
743476,2012.PRES.PALIN,Sarah Palin to be elected President in 2012,5,2.5,May/24/2011 21:54:46
743476,2012.PRES.PALIN,Sarah Palin to be elected President in 2012,5,2.9,May/25/2011 01:36:17
743476,2012.PRES.PALIN,Sarah Palin to be elected President in 2012,2,2.7,May/25/2011 01:36:17
743476,2012.PRES.PALIN,Sarah Palin to be elected President in 2012,10,2.8,May/25/2011 01:36:17
743476,2012.PRES.PALIN,Sarah Palin to be elected President in 2012,3,2.7,May/25/2011 01:36:17
743476,2012.PRES.PALIN,Sarah Palin to be elected President in 2012,5,2.7,May/25/2011 01:36:17
743476,2012.PRES.PALIN,Sarah Palin to be elected President in 2012,5,2.6,May/25/2011 01:36:17
743476,2012.PRES.PALIN,Sarah Palin to be elected President in 2012,5,2.7,May/25/2011 01:36:17
743476,2012.PRES.PALIN,Sarah Palin to be elected President in 2012,5,2.8,May/25/2011 01:36:17
743476,2012.PRES.PALIN,Sarah Palin to be elected President in 2012,15,2.6,May/25/2011 01:36:17
743476,2012.PRES.PALIN,Sarah Palin to be elected President in 2012,5,2.5,May/25/2011 01:36:17
743476,2012.PRES.PALIN,Sarah Palin to be elected President in 2012,5,3.0,May/25/2011 01:36:24
743476,2012.PRES.PALIN,Sarah Palin to be elected President in 2012,15,2.9,May/25/2011 01:36:24
743476,2012.PRES.PALIN,Sarah Palin to be elected President in 2012,10,3.0,May/25/2011 01:36:24
743476,2012.PRES.PALIN,Sarah Palin to be elected President in 2012,3,3.6,May/25/2011 01:36:39
743476,2012.PRES.PALIN,Sarah Palin to be elected President in 2012,10,3.5,May/25/2011 01:36:39
743476,2012.PRES.PALIN,Sarah Palin to be elected President in 2012,10,3.2,May/25/2011 01:36:39
743476,2012.PRES.PALIN,Sarah Palin to be elected President in 2012,10,3.9,May/25/2011 01:36:39
743476,2012.PRES.PALIN,Sarah Palin to be elected President in 2012,1,4.4,May/25/2011 01:36:39
743476,2012.PRES.PALIN,Sarah Palin to be elected President in 2012,1,3.4,May/26/2011 16:16:28
743476,2012.PRES.PALIN,Sarah Palin to be elected President in 2012,10,3.5,May/26/2011 16:16:47
743476,2012.PRES.PALIN,Sarah Palin to be elected President in 2012,40,3.5,May/26/2011 16:16:47
743476,2012.PRES.PALIN,Sarah Palin to be elected President in 2012,100,3.6,May/26/2011 16:16:55
743476,2012.PRES.PALIN,Sarah Palin to be elected President in 2012,10,3.5,May/26/2011 19:50:32
743476,2012.PRES.PALIN,Sarah Palin to be elected President in 2012,50,3.7,May/27/2011 00:05:22
743476,2012.PRES.PALIN,Sarah Palin to be elected President in 2012,1,3.7,May/27/2011 05:47:35
743476,2012.PRES.PALIN,Sarah Palin to be elected President in 2012,100,3.6,May/27/2011 12:13:30
743476,2012.PRES.PALIN,Sarah Palin to be elected President in 2012,8,3.0,May/27/2011 21:51:43
743476,2012.PRES.PALIN,Sarah Palin to be elected President in 2012,1,3.1,May/27/2011 21:51:43
743476,2012.PRES.PALIN,Sarah Palin to be elected President in 2012,100,3.1,May/27/2011 22:22:17
743476,2012.PRES.PALIN,Sarah Palin to be elected President in 2012,100,3.1,May/27/2011 23:24:10
743476,2012.PRES.PALIN,Sarah Palin to be elected President in 2012,100,3.1,May/28/2011 00:40:43
743476,2012.PRES.PALIN,Sarah Palin to be elected President in 2012,70,3.0,May/29/2011 00:22:59
743476,2012.PRES.PALIN,Sarah Palin to be elected President in 2012,20,3.0,May/29/2011 00:23:24
743476,2012.PRES.PALIN,Sarah Palin to be elected President in 2012,2,3.0,May/29/2011 16:01:44
743476,2012.PRES.PALIN,Sarah Palin to be elected President in 2012,205,2.5,May/29/2011 16:01:44
743476,2012.PRES.PALIN,Sarah Palin to be elected President in 2012,33,2.6,May/29/2011 16:01:44
743476,2012.PRES.PALIN,Sarah Palin to be elected President in 2012,10,2.6,May/29/2011 16:01:44
743476,2012.PRES.PALIN,Sarah Palin to be elected President in 2012,1,2.9,May/31/2011 18:14:34
743476,2012.PRES.PALIN,Sarah Palin to be elected President in 2012,1,2.9,May/31/2011 19:09:35
743476,2012.PRES.PALIN,Sarah Palin to be elected President in 2012,10,2.9,May/31/2011 22:00:46
743476,2012.PRES.PALIN,Sarah Palin to be elected President in 2012,10,2.9,Jun/01/2011 02:24:29
743476,2012.PRES.PALIN,Sarah Palin to be elected President in 2012,10,3.0,Jun/01/2011 19:15:19
743476,2012.PRES.PALIN,Sarah Palin to be elected President in 2012,2,3.0,Jun/01/2011 19:15:19
743476,2012.PRES.PALIN,Sarah Palin to be elected President in 2012,1,3.0,Jun/01/2011 19:15:19
743476,2012.PRES.PALIN,Sarah Palin to be elected President in 2012,1,3.0,Jun/01/2011 19:15:19
743476,2012.PRES.PALIN,Sarah Palin to be elected President in 2012,3,3.1,Jun/01/2011 20:44:09
743476,2012.PRES.PALIN,Sarah Palin to be elected President in 2012,7,3.1,Jun/01/2011 20:44:09
743476,2012.PRES.PALIN,Sarah Palin to be elected President in 2012,5,3.0,Jun/02/2011 23:26:42
743476,2012.PRES.PALIN,Sarah Palin to be elected President in 2012,5,3.0,Jun/02/2011 23:26:42
743476,2012.PRES.PALIN,Sarah Palin to be elected President in 2012,6,2.9,Jun/02/2011 23:48:30
743476,2012.PRES.PALIN,Sarah Palin to be elected President in 2012,64,2.9,Jun/02/2011 23:48:30
743476,2012.PRES.PALIN,Sarah Palin to be elected President in 2012,3,3.1,Jun/03/2011 18:12:08
743476,2012.PRES.PALIN,Sarah Palin to be elected President in 2012,10,3.1,Jun/03/2011 18:12:08
743476,2012.PRES.PALIN,Sarah Palin to be elected President in 2012,22,3.1,Jun/03/2011 18:12:08
743476,2012.PRES.PALIN,Sarah Palin to be elected President in 2012,3,3.1,Jun/03/2011 18:12:08
743476,2012.PRES.PALIN,Sarah Palin to be elected President in 2012,22,3.1,Jun/03/2011 18:12:08
743476,2012.PRES.PALIN,Sarah Palin to be elected President in 2012,11,3.1,Jun/03/2011 18:12:08
743476,2012.PRES.PALIN,Sarah Palin to be elected President in 2012,11,3.1,Jun/03/2011 18:12:08
743476,2012.PRES.PALIN,Sarah Palin to be elected President in 2012,10,3.2,Jun/03/2011 18:12:19
743476,2012.PRES.PALIN,Sarah Palin to be elected President in 2012,100,3.2,Jun/03/2011 18:12:19
743476,2012.PRES.PALIN,Sarah Palin to be elected President in 2012,36,2.9,Jun/03/2011 22:50:02
743476,2012.PRES.PALIN,Sarah Palin to be elected President in 2012,10,2.7,Jun/04/2011 00:26:25
743476,2012.PRES.PALIN,Sarah Palin to be elected President in 2012,14,2.5,Jun/04/2011 06:47:14
743476,2012.PRES.PALIN,Sarah Palin to be elected President in 2012,10,2.6,Jun/04/2011 06:47:14
743476,2012.PRES.PALIN,Sarah Palin to be elected President in 2012,10,2.6,Jun/04/2011 06:47:14
743476,2012.PRES.PALIN,Sarah Palin to be elected President in 2012,10,2.6,Jun/04/2011 06:47:14
743476,2012.PRES.PALIN,Sarah Palin to be elected President in 2012,24,2.5,Jun/04/2011 06:54:16
743476,2012.PRES.PALIN,Sarah Palin to be elected President in 2012,3,2.5,Jun/04/2011 07:00:06
743476,2012.PRES.PALIN,Sarah Palin to be elected President in 2012,80,2.5,Jun/04/2011 09:12:43
743476,2012.PRES.PALIN,Sarah Palin to be elected President in 2012,10,2.7,Jun/04/2011 12:07:10
743476,2012.PRES.PALIN,Sarah Palin to be elected President in 2012,13,2.5,Jun/04/2011 18:48:08
743476,2012.PRES.PALIN,Sarah Palin to be elected President in 2012,100,2.5,Jun/05/2011 07:11:20
743476,2012.PRES.PALIN,Sarah Palin to be elected President in 2012,10,2.8,Jun/06/2011 02:40:58
743476,2012.PRES.PALIN,Sarah Palin to be elected President in 2012,6,2.5,Jun/06/2011 22:18:55
743476,2012.PRES.PALIN,Sarah Palin to be elected President in 2012,15,2.5,Jun/06/2011 22:22:21
743476,2012.PRES.PALIN,Sarah Palin to be elected President in 2012,9,2.5,Jun/06/2011 22:27:10
743476,2012.PRES.PALIN,Sarah Palin to be elected President in 2012,16,2.5,Jun/06/2011 22:31:58
743476,2012.PRES.PALIN,Sarah Palin to be elected President in 2012,2,2.5,Jun/06/2011 22:33:40
743476,2012.PRES.PALIN,Sarah Palin to be elected President in 2012,1,2.5,Jun/06/2011 22:34:54
743476,2012.PRES.PALIN,Sarah Palin to be elected President in 2012,4,2.7,Jun/08/2011 19:23:37
743476,2012.PRES.PALIN,Sarah Palin to be elected President in 2012,1,2.6,Jun/08/2011 19:23:37
743476,2012.PRES.PALIN,Sarah Palin to be elected President in 2012,1,2.6,Jun/08/2011 19:23:37
743476,2012.PRES.PALIN,Sarah Palin to be elected President in 2012,2,2.7,Jun/08/2011 19:23:37
743476,2012.PRES.PALIN,Sarah Palin to be elected President in 2012,1,2.5,Jun/08/2011 20:42:46
743476,2012.PRES.PALIN,Sarah Palin to be elected President in 2012,1,2.6,Jun/09/2011 20:31:36
743476,2012.PRES.PALIN,Sarah Palin to be elected President in 2012,11,2.5,Jun/09/2011 21:17:38
743476,2012.PRES.PALIN,Sarah Palin to be elected President in 2012,10,2.0,Jun/11/2011 02:41:33
743476,2012.PRES.PALIN,Sarah Palin to be elected President in 2012,10,2.1,Jun/11/2011 21:03:17
743476,2012.PRES.PALIN,Sarah Palin to be elected President in 2012,5,2.1,Jun/11/2011 21:03:17
743476,2012.PRES.PALIN,Sarah Palin to be elected President in 2012,10,2.1,Jun/11/2011 21:03:17
743476,2012.PRES.PALIN,Sarah Palin to be elected President in 2012,1,2.0,Jun/12/2011 22:18:26
743476,2012.PRES.PALIN,Sarah Palin to be elected President in 2012,89,2.0,Jun/12/2011 23:39:12
743476,2012.PRES.PALIN,Sarah Palin to be elected President in 2012,110,2.0,Jun/12/2011 23:39:12
743476,2012.PRES.PALIN,Sarah Palin to be elected President in 2012,20,1.9,Jun/12/2011 23:58:27
743476,2012.PRES.PALIN,Sarah Palin to be elected President in 2012,10,2.0,Jun/13/2011 22:39:45
743476,2012.PRES.PALIN,Sarah Palin to be elected President in 2012,100,1.9,Jun/14/2011 01:10:30
743476,2012.PRES.PALIN,Sarah Palin to be elected President in 2012,50,1.9,Jun/14/2011 03:11:44
743476,2012.PRES.PALIN,Sarah Palin to be elected President in 2012,5,1.5,Jun/15/2011 19:40:44
743476,2012.PRES.PALIN,Sarah Palin to be elected President in 2012,10,1.5,Jun/15/2011 19:40:44
743476,2012.PRES.PALIN,Sarah Palin to be elected President in 2012,6,1.6,Jun/16/2011 14:55:54
743476,2012.PRES.PALIN,Sarah Palin to be elected President in 2012,10,1.6,Jun/16/2011 14:55:54
743476,2012.PRES.PALIN,Sarah Palin to be elected President in 2012,10,1.6,Jun/16/2011 14:55:54
743476,2012.PRES.PALIN,Sarah Palin to be elected President in 2012,82,1.5,Jun/16/2011 22:57:15
743476,2012.PRES.PALIN,Sarah Palin to be elected President in 2012,20,1.6,Jun/17/2011 00:16:22
743476,2012.PRES.PALIN,Sarah Palin to be elected President in 2012,7,1.9,Jun/17/2011 00:23:42
743476,2012.PRES.PALIN,Sarah Palin to be elected President in 2012,10,1.8,Jun/17/2011 00:23:42
743476,2012.PRES.PALIN,Sarah Palin to be elected President in 2012,7,1.7,Jun/17/2011 00:23:42
743476,2012.PRES.PALIN,Sarah Palin to be elected President in 2012,8,1.8,Jun/17/2011 00:23:42
743476,2012.PRES.PALIN,Sarah Palin to be elected President in 2012,10,1.7,Jun/17/2011 00:23:42
743476,2012.PRES.PALIN,Sarah Palin to be elected President in 2012,10,1.7,Jun/17/2011 00:23:42
743476,2012.PRES.PALIN,Sarah Palin to be elected President in 2012,10,1.7,Jun/17/2011 00:23:42
743476,2012.PRES.PALIN,Sarah Palin to be elected President in 2012,1,1.7,Jun/17/2011 20:57:18
743476,2012.PRES.PALIN,Sarah Palin to be elected President in 2012,16,1.6,Jun/18/2011 18:58:01
743476,2012.PRES.PALIN,Sarah Palin to be elected President in 2012,10,1.6,Jun/19/2011 02:32:59
743476,2012.PRES.PALIN,Sarah Palin to be elected President in 2012,74,1.6,Jun/19/2011 13:59:34
743476,2012.PRES.PALIN,Sarah Palin to be elected President in 2012,75,1.6,Jun/20/2011 13:41:51
743476,2012.PRES.PALIN,Sarah Palin to be elected President in 2012,20,1.7,Jun/21/2011 18:35:09
743476,2012.PRES.PALIN,Sarah Palin to be elected President in 2012,10,1.7,Jun/21/2011 18:35:09
743476,2012.PRES.PALIN,Sarah Palin to be elected President in 2012,20,1.8,Jun/22/2011 01:32:04
743476,2012.PRES.PALIN,Sarah Palin to be elected President in 2012,3,1.9,Jun/22/2011 01:32:17
743476,2012.PRES.PALIN,Sarah Palin to be elected President in 2012,10,1.9,Jun/22/2011 01:32:17
743476,2012.PRES.PALIN,Sarah Palin to be elected President in 2012,10,1.9,Jun/22/2011 01:32:17
743476,2012.PRES.PALIN,Sarah Palin to be elected President in 2012,10,1.9,Jun/22/2011 01:32:17
743476,2012.PRES.PALIN,Sarah Palin to be elected President in 2012,10,2.0,Jun/22/2011 01:32:26
743476,2012.PRES.PALIN,Sarah Palin to be elected President in 2012,10,2.0,Jun/22/2011 01:32:26
743476,2012.PRES.PALIN,Sarah Palin to be elected President in 2012,10,2.0,Jun/22/2011 01:32:26
743476,2012.PRES.PALIN,Sarah Palin to be elected President in 2012,10,2.0,Jun/22/2011 01:32:26
743476,2012.PRES.PALIN,Sarah Palin to be elected President in 2012,1,1.9,Jun/22/2011 12:16:55
743476,2012.PRES.PALIN,Sarah Palin to be elected President in 2012,10,1.8,Jun/22/2011 18:50:40
743476,2012.PRES.PALIN,Sarah Palin to be elected President in 2012,1,1.9,Jun/24/2011 18:39:02
743476,2012.PRES.PALIN,Sarah Palin to be elected President in 2012,10,1.9,Jun/24/2011 18:39:02
743476,2012.PRES.PALIN,Sarah Palin to be elected President in 2012,5,1.9,Jun/24/2011 18:39:02
743476,2012.PRES.PALIN,Sarah Palin to be elected President in 2012,2,1.9,Jun/24/2011 18:39:02
743476,2012.PRES.PALIN,Sarah Palin to be elected President in 2012,10,1.9,Jun/24/2011 18:39:02
743476,2012.PRES.PALIN,Sarah Palin to be elected President in 2012,10,2.0,Jun/24/2011 18:39:21
743476,2012.PRES.PALIN,Sarah Palin to be elected President in 2012,2,2.0,Jun/24/2011 18:39:21
743476,2012.PRES.PALIN,Sarah Palin to be elected President in 2012,20,2.0,Jun/24/2011 18:39:21
743476,2012.PRES.PALIN,Sarah Palin to be elected President in 2012,10,2.1,Jun/24/2011 18:40:04
743476,2012.PRES.PALIN,Sarah Palin to be elected President in 2012,3,2.1,Jun/24/2011 18:40:04
743476,2012.PRES.PALIN,Sarah Palin to be elected President in 2012,12,2.1,Jun/24/2011 18:40:04
743476,2012.PRES.PALIN,Sarah Palin to be elected President in 2012,2,1.9,Jun/25/2011 07:09:34
743476,2012.PRES.PALIN,Sarah Palin to be elected President in 2012,2,2.0,Jun/25/2011 07:10:05
743476,2012.PRES.PALIN,Sarah Palin to be elected President in 2012,10,2.0,Jun/25/2011 07:10:05
743476,2012.PRES.PALIN,Sarah Palin to be elected President in 2012,2,2.1,Jun/25/2011 07:10:28
743476,2012.PRES.PALIN,Sarah Palin to be elected President in 2012,10,2.2,Jun/25/2011 07:10:56
743476,2012.PRES.PALIN,Sarah Palin to be elected President in 2012,3,2.2,Jun/25/2011 07:10:56
743476,2012.PRES.PALIN,Sarah Palin to be elected President in 2012,10,2.3,Jun/25/2011 07:11:14
743476,2012.PRES.PALIN,Sarah Palin to be elected President in 2012,3,2.3,Jun/25/2011 07:11:14
743476,2012.PRES.PALIN,Sarah Palin to be elected President in 2012,10,2.4,Jun/25/2011 07:11:32
743476,2012.PRES.PALIN,Sarah Palin to be elected President in 2012,3,2.4,Jun/25/2011 07:11:32
743476,2012.PRES.PALIN,Sarah Palin to be elected President in 2012,10,2.5,Jun/25/2011 07:12:09
743476,2012.PRES.PALIN,Sarah Palin to be elected President in 2012,4,2.5,Jun/25/2011 07:12:09
743476,2012.PRES.PALIN,Sarah Palin to be elected President in 2012,4,2.6,Jun/25/2011 07:12:57
743476,2012.PRES.PALIN,Sarah Palin to be elected President in 2012,5,2.7,Jun/25/2011 07:13:29
743476,2012.PRES.PALIN,Sarah Palin to be elected President in 2012,15,2.9,Jun/25/2011 07:14:07
743476,2012.PRES.PALIN,Sarah Palin to be elected President in 2012,32,3.2,Jun/25/2011 07:14:56
743476,2012.PRES.PALIN,Sarah Palin to be elected President in 2012,68,3.2,Jun/25/2011 07:15:22
743476,2012.PRES.PALIN,Sarah Palin to be elected President in 2012,100,3.5,Jun/25/2011 07:16:04
743476,2012.PRES.PALIN,Sarah Palin to be elected President in 2012,1,3.0,Jun/25/2011 12:11:28
743476,2012.PRES.PALIN,Sarah Palin to be elected President in 2012,9,3.0,Jun/25/2011 12:35:13
743476,2012.PRES.PALIN,Sarah Palin to be elected President in 2012,74,2.9,Jun/25/2011 13:41:40
743476,2012.PRES.PALIN,Sarah Palin to be elected President in 2012,3,2.9,Jun/25/2011 14:04:25
743476,2012.PRES.PALIN,Sarah Palin to be elected President in 2012,13,2.4,Jun/25/2011 16:18:56
743476,2012.PRES.PALIN,Sarah Palin to be elected President in 2012,14,2.5,Jun/25/2011 16:18:56
743476,2012.PRES.PALIN,Sarah Palin to be elected President in 2012,4,2.6,Jun/25/2011 16:18:56
743476,2012.PRES.PALIN,Sarah Palin to be elected President in 2012,5,2.7,Jun/25/2011 16:18:56
743476,2012.PRES.PALIN,Sarah Palin to be elected President in 2012,23,2.9,Jun/25/2011 16:18:56
743476,2012.PRES.PALIN,Sarah Palin to be elected President in 2012,30,2.8,Jun/25/2011 22:25:49
743476,2012.PRES.PALIN,Sarah Palin to be elected President in 2012,100,2.9,Jun/25/2011 22:28:34
743476,2012.PRES.PALIN,Sarah Palin to be elected President in 2012,10,3.0,Jun/25/2011 22:29:48
743476,2012.PRES.PALIN,Sarah Palin to be elected President in 2012,10,3.3,Jun/25/2011 22:32:35
743476,2012.PRES.PALIN,Sarah Palin to be elected President in 2012,100,3.4,Jun/25/2011 22:34:09
743476,2012.PRES.PALIN,Sarah Palin to be elected President in 2012,10,3.0,Jun/26/2011 02:33:06
743476,2012.PRES.PALIN,Sarah Palin to be elected President in 2012,4,3.0,Jun/26/2011 18:12:40
743476,2012.PRES.PALIN,Sarah Palin to be elected President in 2012,90,2.0,Jun/27/2011 01:49:19
743476,2012.PRES.PALIN,Sarah Palin to be elected President in 2012,1,3.0,Jun/27/2011 01:49:27
743476,2012.PRES.PALIN,Sarah Palin to be elected President in 2012,1,3.0,Jun/27/2011 01:49:33
743476,2012.PRES.PALIN,Sarah Palin to be elected President in 2012,1,3.0,Jun/27/2011 01:49:38
743476,2012.PRES.PALIN,Sarah Palin to be elected President in 2012,1,3.0,Jun/27/2011 01:49:43
743476,2012.PRES.PALIN,Sarah Palin to be elected President in 2012,1,3.0,Jun/27/2011 01:49:47
743476,2012.PRES.PALIN,Sarah Palin to be elected President in 2012,20,2.5,Jun/29/2011 08:14:41
743476,2012.PRES.PALIN,Sarah Palin to be elected President in 2012,33,2.5,Jun/29/2011 11:31:53
743476,2012.PRES.PALIN,Sarah Palin to be elected President in 2012,10,2.5,Jun/30/2011 03:14:27
743476,2012.PRES.PALIN,Sarah Palin to be elected President in 2012,37,2.5,Jun/30/2011 14:49:39
743476,2012.PRES.PALIN,Sarah Palin to be elected President in 2012,1,1.6,Jul/01/2011 01:41:43
743476,2012.PRES.PALIN,Sarah Palin to be elected President in 2012,2,1.7,Jul/01/2011 01:41:43
743476,2012.PRES.PALIN,Sarah Palin to be elected President in 2012,1,1.7,Jul/01/2011 01:42:26
743476,2012.PRES.PALIN,Sarah Palin to be elected President in 2012,5,2.0,Jul/01/2011 17:16:28
743476,2012.PRES.PALIN,Sarah Palin to be elected President in 2012,5,2.3,Jul/01/2011 17:16:40
743476,2012.PRES.PALIN,Sarah Palin to be elected President in 2012,1,2.4,Jul/01/2011 17:16:47
743476,2012.PRES.PALIN,Sarah Palin to be elected President in 2012,10,2.4,Jul/01/2011 17:16:47
743476,2012.PRES.PALIN,Sarah Palin to be elected President in 2012,2,2.5,Jul/01/2011 17:17:03
743476,2012.PRES.PALIN,Sarah Palin to be elected President in 2012,10,2.5,Jul/01/2011 17:17:03
743476,2012.PRES.PALIN,Sarah Palin to be elected President in 2012,2,2.6,Jul/01/2011 17:17:15
743476,2012.PRES.PALIN,Sarah Palin to be elected President in 2012,20,2.6,Jul/01/2011 17:17:15
743476,2012.PRES.PALIN,Sarah Palin to be elected President in 2012,1,2.7,Jul/01/2011 17:17:22
743476,2012.PRES.PALIN,Sarah Palin to be elected President in 2012,10,2.7,Jul/01/2011 17:17:22
743476,2012.PRES.PALIN,Sarah Palin to be elected President in 2012,20,2.7,Jul/01/2011 17:17:22
743476,2012.PRES.PALIN,Sarah Palin to be elected President in 2012,3,2.7,Jul/01/2011 17:17:22
743476,2012.PRES.PALIN,Sarah Palin to be elected President in 2012,10,2.8,Jul/01/2011 17:17:36
743476,2012.PRES.PALIN,Sarah Palin to be elected President in 2012,4,2.8,Jul/01/2011 17:17:36
743476,2012.PRES.PALIN,Sarah Palin to be elected President in 2012,2,2.8,Jul/01/2011 17:17:36
743476,2012.PRES.PALIN,Sarah Palin to be elected President in 2012,10,2.8,Jul/01/2011 17:17:36
743476,2012.PRES.PALIN,Sarah Palin to be elected President in 2012,1,2.8,Jul/01/2011 17:17:47
743476,2012.PRES.PALIN,Sarah Palin to be elected President in 2012,10,2.9,Jul/01/2011 17:17:53
743476,2012.PRES.PALIN,Sarah Palin to be elected President in 2012,10,2.9,Jul/01/2011 17:17:53
743476,2012.PRES.PALIN,Sarah Palin to be elected President in 2012,5,2.9,Jul/01/2011 17:17:53
743476,2012.PRES.PALIN,Sarah Palin to be elected President in 2012,2,2.9,Jul/01/2011 17:17:53
743476,2012.PRES.PALIN,Sarah Palin to be elected President in 2012,10,2.9,Jul/01/2011 17:17:53
743476,2012.PRES.PALIN,Sarah Palin to be elected President in 2012,10,3.0,Jul/01/2011 17:18:10
743476,2012.PRES.PALIN,Sarah Palin to be elected President in 2012,10,3.4,Jul/01/2011 17:18:17
743476,2012.PRES.PALIN,Sarah Palin to be elected President in 2012,3,3.4,Jul/01/2011 17:18:24
743476,2012.PRES.PALIN,Sarah Palin to be elected President in 2012,100,3.5,Jul/01/2011 17:18:31
743476,2012.PRES.PALIN,Sarah Palin to be elected President in 2012,1,3.5,Jul/01/2011 17:18:38
743476,2012.PRES.PALIN,Sarah Palin to be elected President in 2012,10,3.7,Jul/01/2011 17:18:44
743476,2012.PRES.PALIN,Sarah Palin to be elected President in 2012,2,3.7,Jul/01/2011 17:18:50
743476,2012.PRES.PALIN,Sarah Palin to be elected President in 2012,1,3.7,Jul/01/2011 17:19:00
743476,2012.PRES.PALIN,Sarah Palin to be elected President in 2012,7,3.7,Jul/01/2011 17:20:48
743476,2012.PRES.PALIN,Sarah Palin to be elected President in 2012,10,3.5,Jul/01/2011 17:33:18
743476,2012.PRES.PALIN,Sarah Palin to be elected President in 2012,3,3.7,Jul/01/2011 17:52:02
743476,2012.PRES.PALIN,Sarah Palin to be elected President in 2012,1,4.2,Jul/01/2011 17:52:15
743476,2012.PRES.PALIN,Sarah Palin to be elected President in 2012,7,3.5,Jul/01/2011 17:52:20
743476,2012.PRES.PALIN,Sarah Palin to be elected President in 2012,3,3.7,Jul/01/2011 17:52:20
743476,2012.PRES.PALIN,Sarah Palin to be elected President in 2012,1,4.2,Jul/01/2011 17:53:12
743476,2012.PRES.PALIN,Sarah Palin to be elected President in 2012,82,3.5,Jul/01/2011 19:42:08
743476,2012.PRES.PALIN,Sarah Palin to be elected President in 2012,7,3.4,Jul/01/2011 19:43:04
743476,2012.PRES.PALIN,Sarah Palin to be elected President in 2012,12,2.9,Jul/01/2011 20:02:17
743476,2012.PRES.PALIN,Sarah Palin to be elected President in 2012,25,2.8,Jul/01/2011 20:47:08
743476,2012.PRES.PALIN,Sarah Palin to be elected President in 2012,25,2.9,Jul/01/2011 20:47:08
743476,2012.PRES.PALIN,Sarah Palin to be elected President in 2012,34,2.7,Jul/01/2011 20:48:03
743476,2012.PRES.PALIN,Sarah Palin to be elected President in 2012,1,4.3,Jul/01/2011 20:56:35
743476,2012.PRES.PALIN,Sarah Palin to be elected President in 2012,1,4.4,Jul/02/2011 06:58:37
743476,2012.PRES.PALIN,Sarah Palin to be elected President in 2012,2,3.9,Jul/02/2011 15:52:26
743476,2012.PRES.PALIN,Sarah Palin to be elected President in 2012,2,4.0,Jul/02/2011 15:52:37
743476,2012.PRES.PALIN,Sarah Palin to be elected President in 2012,2,4.0,Jul/02/2011 15:52:51
743476,2012.PRES.PALIN,Sarah Palin to be elected President in 2012,3,4.1,Jul/02/2011 15:53:01
743476,2012.PRES.PALIN,Sarah Palin to be elected President in 2012,1,4.2,Jul/02/2011 15:53:11
743476,2012.PRES.PALIN,Sarah Palin to be elected President in 2012,3,4.2,Jul/02/2011 15:53:11
743476,2012.PRES.PALIN,Sarah Palin to be elected President in 2012,2,4.3,Jul/02/2011 15:53:21
743476,2012.PRES.PALIN,Sarah Palin to be elected President in 2012,3,4.3,Jul/02/2011 15:53:21
743476,2012.PRES.PALIN,Sarah Palin to be elected President in 2012,5,4.3,Jul/02/2011 15:53:32
743476,2012.PRES.PALIN,Sarah Palin to be elected President in 2012,1,4.4,Jul/02/2011 15:53:44
743476,2012.PRES.PALIN,Sarah Palin to be elected President in 2012,10,4.0,Jul/02/2011 16:31:05
743476,2012.PRES.PALIN,Sarah Palin to be elected President in 2012,2,4.3,Jul/02/2011 16:31:18
743476,2012.PRES.PALIN,Sarah Palin to be elected President in 2012,1,4.4,Jul/02/2011 16:31:26
743476,2012.PRES.PALIN,Sarah Palin to be elected President in 2012,30,3.2,Jul/02/2011 19:21:26
743476,2012.PRES.PALIN,Sarah Palin to be elected President in 2012,1,3.4,Jul/02/2011 20:01:19
743476,2012.PRES.PALIN,Sarah Palin to be elected President in 2012,1,3.4,Jul/02/2011 20:01:27
743476,2012.PRES.PALIN,Sarah Palin to be elected President in 2012,1,3.5,Jul/02/2011 20:01:37
743476,2012.PRES.PALIN,Sarah Palin to be elected President in 2012,10,3.5,Jul/02/2011 20:01:37
743476,2012.PRES.PALIN,Sarah Palin to be elected President in 2012,10,3.5,Jul/02/2011 20:01:50
743476,2012.PRES.PALIN,Sarah Palin to be elected President in 2012,2,3.6,Jul/02/2011 20:01:56
743476,2012.PRES.PALIN,Sarah Palin to be elected President in 2012,1,3.5,Jul/02/2011 20:01:57
743476,2012.PRES.PALIN,Sarah Palin to be elected President in 2012,2,3.6,Jul/02/2011 20:02:08
743476,2012.PRES.PALIN,Sarah Palin to be elected President in 2012,1,3.7,Jul/02/2011 20:02:15
743476,2012.PRES.PALIN,Sarah Palin to be elected President in 2012,10,3.7,Jul/02/2011 20:02:15
743476,2012.PRES.PALIN,Sarah Palin to be elected President in 2012,10,3.7,Jul/02/2011 20:02:26
743476,2012.PRES.PALIN,Sarah Palin to be elected President in 2012,1,3.7,Jul/02/2011 20:02:33
743476,2012.PRES.PALIN,Sarah Palin to be elected President in 2012,10,3.9,Jul/02/2011 20:02:37
743476,2012.PRES.PALIN,Sarah Palin to be elected President in 2012,10,3.9,Jul/02/2011 20:02:49
743476,2012.PRES.PALIN,Sarah Palin to be elected President in 2012,10,4.0,Jul/02/2011 20:02:57
743476,2012.PRES.PALIN,Sarah Palin to be elected President in 2012,1,4.4,Jul/02/2011 20:05:36
743476,2012.PRES.PALIN,Sarah Palin to be elected President in 2012,1,4.0,Jul/03/2011 00:10:25
743476,2012.PRES.PALIN,Sarah Palin to be elected President in 2012,1,4.3,Jul/03/2011 00:12:06
743476,2012.PRES.PALIN,Sarah Palin to be elected President in 2012,1,3.5,Jul/03/2011 00:19:04
743476,2012.PRES.PALIN,Sarah Palin to be elected President in 2012,1,3.8,Jul/03/2011 00:19:04
743476,2012.PRES.PALIN,Sarah Palin to be elected President in 2012,2,2.6,Jul/03/2011 00:44:06
743476,2012.PRES.PALIN,Sarah Palin to be elected President in 2012,1,4.2,Jul/03/2011 00:44:15
743476,2012.PRES.PALIN,Sarah Palin to be elected President in 2012,9,3.5,Jul/05/2011 06:43:14
743476,2012.PRES.PALIN,Sarah Palin to be elected President in 2012,1,3.5,Jul/05/2011 06:43:55
743476,2012.PRES.PALIN,Sarah Palin to be elected President in 2012,1,3.9,Jul/05/2011 16:31:18
743476,2012.PRES.PALIN,Sarah Palin to be elected President in 2012,15,3.9,Jul/05/2011 19:16:55
743476,2012.PRES.PALIN,Sarah Palin to be elected President in 2012,2,4.0,Jul/05/2011 19:17:23
743476,2012.PRES.PALIN,Sarah Palin to be elected President in 2012,10,4.0,Jul/05/2011 19:17:23
743476,2012.PRES.PALIN,Sarah Palin to be elected President in 2012,2,4.1,Jul/05/2011 19:17:46
743476,2012.PRES.PALIN,Sarah Palin to be elected President in 2012,10,4.1,Jul/05/2011 19:17:46
743476,2012.PRES.PALIN,Sarah Palin to be elected President in 2012,7,4.2,Jul/05/2011 19:18:20
743476,2012.PRES.PALIN,Sarah Palin to be elected President in 2012,7,4.3,Jul/05/2011 19:18:49
743476,2012.PRES.PALIN,Sarah Palin to be elected President in 2012,10,4.3,Jul/05/2011 19:18:49
743476,2012.PRES.PALIN,Sarah Palin to be elected President in 2012,3,4.4,Jul/05/2011 19:19:17
743476,2012.PRES.PALIN,Sarah Palin to be elected President in 2012,17,4.3,Jul/05/2011 19:40:03
743476,2012.PRES.PALIN,Sarah Palin to be elected President in 2012,7,4.2,Jul/05/2011 19:40:22
743476,2012.PRES.PALIN,Sarah Palin to be elected President in 2012,12,4.1,Jul/05/2011 19:40:41
743476,2012.PRES.PALIN,Sarah Palin to be elected President in 2012,1,2.8,Jul/06/2011 20:49:13
743476,2012.PRES.PALIN,Sarah Palin to be elected President in 2012,1,2.9,Jul/06/2011 20:49:13
743476,2012.PRES.PALIN,Sarah Palin to be elected President in 2012,13,2.7,Jul/08/2011 02:44:07
743476,2012.PRES.PALIN,Sarah Palin to be elected President in 2012,2,2.3,Jul/09/2011 09:49:03
743476,2012.PRES.PALIN,Sarah Palin to be elected President in 2012,2,2.4,Jul/09/2011 09:49:03
743476,2012.PRES.PALIN,Sarah Palin to be elected President in 2012,1,2.5,Jul/09/2011 09:49:03
743476,2012.PRES.PALIN,Sarah Palin to be elected President in 2012,1,2.6,Jul/09/2011 09:49:03
743476,2012.PRES.PALIN,Sarah Palin to be elected President in 2012,2,2.7,Jul/09/2011 09:49:03
743476,2012.PRES.PALIN,Sarah Palin to be elected President in 2012,6,2.9,Jul/10/2011 12:42:12
743476,2012.PRES.PALIN,Sarah Palin to be elected President in 2012,10,3.1,Jul/10/2011 12:42:44
743476,2012.PRES.PALIN,Sarah Palin to be elected President in 2012,10,3.2,Jul/10/2011 12:43:33
743476,2012.PRES.PALIN,Sarah Palin to be elected President in 2012,10,3.2,Jul/10/2011 12:43:33
743476,2012.PRES.PALIN,Sarah Palin to be elected President in 2012,6,2.9,Jul/10/2011 15:03:51
743476,2012.PRES.PALIN,Sarah Palin to be elected President in 2012,10,3.1,Jul/12/2011 14:37:02
743476,2012.PRES.PALIN,Sarah Palin to be elected President in 2012,46,3.2,Jul/12/2011 14:38:07
743476,2012.PRES.PALIN,Sarah Palin to be elected President in 2012,10,3.3,Jul/12/2011 14:43:19
743476,2012.PRES.PALIN,Sarah Palin to be elected President in 2012,10,3.4,Jul/12/2011 14:43:59
743476,2012.PRES.PALIN,Sarah Palin to be elected President in 2012,5,3.4,Jul/12/2011 14:43:59
743476,2012.PRES.PALIN,Sarah Palin to be elected President in 2012,10,3.5,Jul/12/2011 14:51:54
743476,2012.PRES.PALIN,Sarah Palin to be elected President in 2012,2,3.5,Jul/12/2011 14:51:54
743476,2012.PRES.PALIN,Sarah Palin to be elected President in 2012,10,3.5,Jul/12/2011 14:51:54
743476,2012.PRES.PALIN,Sarah Palin to be elected President in 2012,10,3.5,Jul/12/2011 14:51:54
743476,2012.PRES.PALIN,Sarah Palin to be elected President in 2012,10,3.7,Jul/12/2011 14:53:39
743476,2012.PRES.PALIN,Sarah Palin to be elected President in 2012,10,4.0,Jul/12/2011 14:57:46
743476,2012.PRES.PALIN,Sarah Palin to be elected President in 2012,10,4.1,Jul/12/2011 14:58:01
743476,2012.PRES.PALIN,Sarah Palin to be elected President in 2012,10,4.4,Jul/12/2011 14:58:43
743476,2012.PRES.PALIN,Sarah Palin to be elected President in 2012,100,4.5,Jul/12/2011 14:59:04
743476,2012.PRES.PALIN,Sarah Palin to be elected President in 2012,100,4.5,Jul/12/2011 14:59:04
743476,2012.PRES.PALIN,Sarah Palin to be elected President in 2012,1,4.1,Jul/12/2011 17:24:48
743476,2012.PRES.PALIN,Sarah Palin to be elected President in 2012,9,4.1,Jul/12/2011 19:32:29
743476,2012.PRES.PALIN,Sarah Palin to be elected President in 2012,1,3.1,Jul/13/2011 01:38:00
743476,2012.PRES.PALIN,Sarah Palin to be elected President in 2012,3,3.9,Jul/14/2011 19:36:01
743476,2012.PRES.PALIN,Sarah Palin to be elected President in 2012,20,3.9,Jul/14/2011 19:36:01
743476,2012.PRES.PALIN,Sarah Palin to be elected President in 2012,23,3.9,Jul/14/2011 20:37:47
743476,2012.PRES.PALIN,Sarah Palin to be elected President in 2012,1,3.2,Jul/16/2011 16:28:11
743476,2012.PRES.PALIN,Sarah Palin to be elected President in 2012,1,3.3,Jul/16/2011 16:28:11
743476,2012.PRES.PALIN,Sarah Palin to be elected President in 2012,1,3.4,Jul/16/2011 16:28:11
743476,2012.PRES.PALIN,Sarah Palin to be elected President in 2012,1,3.1,Jul/16/2011 16:28:11
743476,2012.PRES.PALIN,Sarah Palin to be elected President in 2012,16,3.1,Jul/16/2011 23:58:38
743476,2012.PRES.PALIN,Sarah Palin to be elected President in 2012,10,3.2,Jul/16/2011 23:59:06
743476,2012.PRES.PALIN,Sarah Palin to be elected President in 2012,1,2.9,Jul/17/2011 23:08:45
743476,2012.PRES.PALIN,Sarah Palin to be elected President in 2012,2,2.9,Jul/17/2011 23:10:27
743476,2012.PRES.PALIN,Sarah Palin to be elected President in 2012,5,2.8,Jul/19/2011 18:30:33
743476,2012.PRES.PALIN,Sarah Palin to be elected President in 2012,11,2.8,Jul/19/2011 18:30:33
743476,2012.PRES.PALIN,Sarah Palin to be elected President in 2012,8,2.9,Jul/19/2011 18:37:28
743476,2012.PRES.PALIN,Sarah Palin to be elected President in 2012,1,2.9,Jul/19/2011 18:37:28
743476,2012.PRES.PALIN,Sarah Palin to be elected President in 2012,10,3.0,Jul/19/2011 18:41:17
743476,2012.PRES.PALIN,Sarah Palin to be elected President in 2012,1,3.0,Jul/19/2011 18:41:17
743476,2012.PRES.PALIN,Sarah Palin to be elected President in 2012,4,2.7,Jul/19/2011 22:38:59
743476,2012.PRES.PALIN,Sarah Palin to be elected President in 2012,1,2.9,Jul/20/2011 02:50:34
743476,2012.PRES.PALIN,Sarah Palin to be elected President in 2012,9,2.9,Jul/20/2011 16:45:41
743476,2012.PRES.PALIN,Sarah Palin to be elected President in 2012,10,2.7,Jul/20/2011 16:59:20
743476,2012.PRES.PALIN,Sarah Palin to be elected President in 2012,86,2.7,Jul/20/2011 17:56:34
743476,2012.PRES.PALIN,Sarah Palin to be elected President in 2012,1,2.5,Jul/20/2011 21:09:23
743476,2012.PRES.PALIN,Sarah Palin to be elected President in 2012,1,2.6,Jul/20/2011 21:09:23
743476,2012.PRES.PALIN,Sarah Palin to be elected President in 2012,8,2.5,Jul/20/2011 21:09:23
743476,2012.PRES.PALIN,Sarah Palin to be elected President in 2012,1,2.5,Jul/20/2011 21:37:00
743476,2012.PRES.PALIN,Sarah Palin to be elected President in 2012,2,2.5,Jul/21/2011 00:58:30
743476,2012.PRES.PALIN,Sarah Palin to be elected President in 2012,3,2.5,Jul/21/2011 14:38:01
743476,2012.PRES.PALIN,Sarah Palin to be elected President in 2012,7,2.5,Jul/21/2011 15:02:12
743476,2012.PRES.PALIN,Sarah Palin to be elected President in 2012,10,2.5,Jul/21/2011 15:32:49
743476,2012.PRES.PALIN,Sarah Palin to be elected President in 2012,3,2.5,Jul/21/2011 15:35:18
743476,2012.PRES.PALIN,Sarah Palin to be elected President in 2012,2,2.5,Jul/21/2011 15:35:49
743476,2012.PRES.PALIN,Sarah Palin to be elected President in 2012,2,2.5,Jul/21/2011 15:37:15
743476,2012.PRES.PALIN,Sarah Palin to be elected President in 2012,8,2.5,Jul/21/2011 15:37:41
743476,2012.PRES.PALIN,Sarah Palin to be elected President in 2012,10,2.5,Jul/21/2011 15:39:09
743476,2012.PRES.PALIN,Sarah Palin to be elected President in 2012,8,2.5,Jul/21/2011 15:42:18
743476,2012.PRES.PALIN,Sarah Palin to be elected President in 2012,15,2.6,Jul/21/2011 18:45:49
743476,2012.PRES.PALIN,Sarah Palin to be elected President in 2012,5,2.5,Jul/21/2011 20:03:49
743476,2012.PRES.PALIN,Sarah Palin to be elected President in 2012,5,2.5,Jul/21/2011 20:09:56
743476,2012.PRES.PALIN,Sarah Palin to be elected President in 2012,15,2.8,Jul/21/2011 20:55:33
743476,2012.PRES.PALIN,Sarah Palin to be elected President in 2012,4,2.9,Jul/21/2011 20:55:49
743476,2012.PRES.PALIN,Sarah Palin to be elected President in 2012,5,3.0,Jul/21/2011 20:56:03
743476,2012.PRES.PALIN,Sarah Palin to be elected President in 2012,10,3.0,Jul/21/2011 20:56:03
743476,2012.PRES.PALIN,Sarah Palin to be elected President in 2012,10,3.2,Jul/21/2011 20:56:15
743476,2012.PRES.PALIN,Sarah Palin to be elected President in 2012,10,3.3,Jul/21/2011 20:56:30
743476,2012.PRES.PALIN,Sarah Palin to be elected President in 2012,10,3.3,Jul/21/2011 20:56:43
743476,2012.PRES.PALIN,Sarah Palin to be elected President in 2012,10,3.4,Jul/21/2011 20:57:00
743476,2012.PRES.PALIN,Sarah Palin to be elected President in 2012,10,3.4,Jul/21/2011 20:57:00
743476,2012.PRES.PALIN,Sarah Palin to be elected President in 2012,10,3.5,Jul/21/2011 20:57:19
743476,2012.PRES.PALIN,Sarah Palin to be elected President in 2012,190,3.5,Jul/21/2011 20:57:19
743476,2012.PRES.PALIN,Sarah Palin to be elected President in 2012,10,3.5,Jul/21/2011 20:57:19
743476,2012.PRES.PALIN,Sarah Palin to be elected President in 2012,10,3.5,Jul/21/2011 20:57:19
743476,2012.PRES.PALIN,Sarah Palin to be elected President in 2012,10,3.5,Jul/21/2011 20:57:19
743476,2012.PRES.PALIN,Sarah Palin to be elected President in 2012,10,3.9,Jul/21/2011 21:19:39
743476,2012.PRES.PALIN,Sarah Palin to be elected President in 2012,10,4.0,Jul/21/2011 21:20:05
743476,2012.PRES.PALIN,Sarah Palin to be elected President in 2012,10,4.0,Jul/21/2011 21:20:05
743476,2012.PRES.PALIN,Sarah Palin to be elected President in 2012,10,4.0,Jul/21/2011 21:20:05
743476,2012.PRES.PALIN,Sarah Palin to be elected President in 2012,10,4.1,Jul/21/2011 21:20:25
743476,2012.PRES.PALIN,Sarah Palin to be elected President in 2012,10,2.9,Jul/21/2011 21:53:29
743476,2012.PRES.PALIN,Sarah Palin to be elected President in 2012,5,3.0,Jul/21/2011 21:55:02
743476,2012.PRES.PALIN,Sarah Palin to be elected President in 2012,5,2.9,Jul/21/2011 21:56:07
743476,2012.PRES.PALIN,Sarah Palin to be elected President in 2012,5,2.8,Jul/21/2011 21:57:53
743476,2012.PRES.PALIN,Sarah Palin to be elected President in 2012,6,2.7,Jul/21/2011 21:58:52
743476,2012.PRES.PALIN,Sarah Palin to be elected President in 2012,10,2.7,Jul/21/2011 22:01:40
743476,2012.PRES.PALIN,Sarah Palin to be elected President in 2012,10,2.7,Jul/22/2011 02:28:49
743476,2012.PRES.PALIN,Sarah Palin to be elected President in 2012,5,2.6,Jul/22/2011 13:15:34
743476,2012.PRES.PALIN,Sarah Palin to be elected President in 2012,2,2.5,Jul/22/2011 14:16:50
743476,2012.PRES.PALIN,Sarah Palin to be elected President in 2012,1,2.5,Jul/22/2011 14:17:28
743476,2012.PRES.PALIN,Sarah Palin to be elected President in 2012,2,2.5,Jul/22/2011 17:40:33
743476,2012.PRES.PALIN,Sarah Palin to be elected President in 2012,1,2.5,Jul/23/2011 16:55:09
743476,2012.PRES.PALIN,Sarah Palin to be elected President in 2012,7,2.6,Jul/23/2011 18:03:12
743476,2012.PRES.PALIN,Sarah Palin to be elected President in 2012,3,2.6,Jul/23/2011 18:04:21
743476,2012.PRES.PALIN,Sarah Palin to be elected President in 2012,7,2.6,Jul/23/2011 18:04:21
743476,2012.PRES.PALIN,Sarah Palin to be elected President in 2012,10,2.5,Jul/24/2011 15:25:35
743476,2012.PRES.PALIN,Sarah Palin to be elected President in 2012,10,2.5,Jul/24/2011 15:25:41
743476,2012.PRES.PALIN,Sarah Palin to be elected President in 2012,5,2.5,Jul/24/2011 15:25:47
743476,2012.PRES.PALIN,Sarah Palin to be elected President in 2012,1,2.5,Jul/24/2011 23:32:08
743476,2012.PRES.PALIN,Sarah Palin to be elected President in 2012,10,2.7,Jul/25/2011 21:57:33
743476,2012.PRES.PALIN,Sarah Palin to be elected President in 2012,11,2.8,Jul/25/2011 21:57:50
743476,2012.PRES.PALIN,Sarah Palin to be elected President in 2012,5,3.4,Jul/25/2011 22:02:42
743476,2012.PRES.PALIN,Sarah Palin to be elected President in 2012,17,3.4,Jul/25/2011 22:02:42
743476,2012.PRES.PALIN,Sarah Palin to be elected President in 2012,10,3.8,Jul/25/2011 22:02:58
743476,2012.PRES.PALIN,Sarah Palin to be elected President in 2012,7,3.9,Jul/25/2011 22:03:49
743476,2012.PRES.PALIN,Sarah Palin to be elected President in 2012,1,3.0,Jul/26/2011 17:06:31
743476,2012.PRES.PALIN,Sarah Palin to be elected President in 2012,9,3.0,Jul/26/2011 17:06:55
743476,2012.PRES.PALIN,Sarah Palin to be elected President in 2012,10,2.8,Jul/26/2011 21:23:14
743476,2012.PRES.PALIN,Sarah Palin to be elected President in 2012,1,2.7,Jul/27/2011 04:12:04
743476,2012.PRES.PALIN,Sarah Palin to be elected President in 2012,4,2.7,Jul/27/2011 14:09:56
743476,2012.PRES.PALIN,Sarah Palin to be elected President in 2012,6,2.7,Jul/27/2011 14:09:56
743476,2012.PRES.PALIN,Sarah Palin to be elected President in 2012,9,2.7,Jul/27/2011 14:13:20
743476,2012.PRES.PALIN,Sarah Palin to be elected President in 2012,1,2.7,Jul/27/2011 14:13:20
743476,2012.PRES.PALIN,Sarah Palin to be elected President in 2012,1,3.3,Jul/27/2011 15:59:41
743476,2012.PRES.PALIN,Sarah Palin to be elected President in 2012,10,3.3,Jul/27/2011 16:05:34
743476,2012.PRES.PALIN,Sarah Palin to be elected President in 2012,10,3.3,Jul/27/2011 16:06:30
743476,2012.PRES.PALIN,Sarah Palin to be elected President in 2012,9,3.3,Jul/27/2011 16:07:47
743476,2012.PRES.PALIN,Sarah Palin to be elected President in 2012,10,3.3,Jul/27/2011 16:08:33
743476,2012.PRES.PALIN,Sarah Palin to be elected President in 2012,10,3.3,Jul/27/2011 16:08:57
743476,2012.PRES.PALIN,Sarah Palin to be elected President in 2012,10,3.3,Jul/27/2011 16:10:05
743476,2012.PRES.PALIN,Sarah Palin to be elected President in 2012,10,3.3,Jul/27/2011 16:16:00
743476,2012.PRES.PALIN,Sarah Palin to be elected President in 2012,9,3.3,Jul/27/2011 16:21:39
743476,2012.PRES.PALIN,Sarah Palin to be elected President in 2012,1,3.3,Jul/27/2011 16:43:21
743476,2012.PRES.PALIN,Sarah Palin to be elected President in 2012,10,3.3,Jul/27/2011 17:25:19
743476,2012.PRES.PALIN,Sarah Palin to be elected President in 2012,10,3.3,Jul/27/2011 20:13:04
743476,2012.PRES.PALIN,Sarah Palin to be elected President in 2012,10,3.3,Jul/27/2011 20:14:15
743476,2012.PRES.PALIN,Sarah Palin to be elected President in 2012,12,3.3,Jul/28/2011 03:56:50
743476,2012.PRES.PALIN,Sarah Palin to be elected President in 2012,7,3.3,Jul/28/2011 04:11:44
743476,2012.PRES.PALIN,Sarah Palin to be elected President in 2012,1,3.3,Jul/28/2011 04:46:20
743476,2012.PRES.PALIN,Sarah Palin to be elected President in 2012,1,3.3,Jul/28/2011 06:30:26
743476,2012.PRES.PALIN,Sarah Palin to be elected President in 2012,5,3.3,Jul/29/2011 00:57:48
743476,2012.PRES.PALIN,Sarah Palin to be elected President in 2012,10,3.3,Jul/29/2011 00:58:12
743476,2012.PRES.PALIN,Sarah Palin to be elected President in 2012,10,3.3,Jul/29/2011 00:58:25
743476,2012.PRES.PALIN,Sarah Palin to be elected President in 2012,10,3.3,Jul/29/2011 00:58:33
743476,2012.PRES.PALIN,Sarah Palin to be elected President in 2012,10,3.3,Jul/29/2011 00:59:07
743476,2012.PRES.PALIN,Sarah Palin to be elected President in 2012,10,3.3,Jul/29/2011 00:59:24
743476,2012.PRES.PALIN,Sarah Palin to be elected President in 2012,4,3.4,Jul/29/2011 02:26:28
743476,2012.PRES.PALIN,Sarah Palin to be elected President in 2012,1,3.5,Jul/29/2011 02:26:56
743476,2012.PRES.PALIN,Sarah Palin to be elected President in 2012,7,3.5,Jul/29/2011 02:27:59
743476,2012.PRES.PALIN,Sarah Palin to be elected President in 2012,1,3.6,Jul/29/2011 03:43:02
743476,2012.PRES.PALIN,Sarah Palin to be elected President in 2012,8,3.6,Jul/29/2011 03:43:02
743476,2012.PRES.PALIN,Sarah Palin to be elected President in 2012,1,3.8,Jul/29/2011 03:43:19
743476,2012.PRES.PALIN,Sarah Palin to be elected President in 2012,10,3.8,Jul/29/2011 03:43:19
743476,2012.PRES.PALIN,Sarah Palin to be elected President in 2012,3,3.9,Jul/29/2011 03:43:30
743476,2012.PRES.PALIN,Sarah Palin to be elected President in 2012,10,4.0,Jul/29/2011 03:43:58
743476,2012.PRES.PALIN,Sarah Palin to be elected President in 2012,5,4.0,Jul/29/2011 03:43:58
743476,2012.PRES.PALIN,Sarah Palin to be elected President in 2012,10,4.0,Jul/29/2011 03:43:58
743476,2012.PRES.PALIN,Sarah Palin to be elected President in 2012,10,4.0,Jul/29/2011 03:43:58
743476,2012.PRES.PALIN,Sarah Palin to be elected President in 2012,10,4.4,Jul/29/2011 03:46:35
743476,2012.PRES.PALIN,Sarah Palin to be elected President in 2012,10,4.4,Jul/29/2011 03:46:35
743476,2012.PRES.PALIN,Sarah Palin to be elected President in 2012,5,4.2,Jul/29/2011 03:48:56
743476,2012.PRES.PALIN,Sarah Palin to be elected President in 2012,10,4.1,Jul/29/2011 03:49:15
743476,2012.PRES.PALIN,Sarah Palin to be elected President in 2012,5,4.1,Jul/29/2011 03:49:24
743476,2012.PRES.PALIN,Sarah Palin to be elected President in 2012,10,4.1,Jul/29/2011 03:49:59
743476,2012.PRES.PALIN,Sarah Palin to be elected President in 2012,5,4.1,Jul/29/2011 03:50:06
743476,2012.PRES.PALIN,Sarah Palin to be elected President in 2012,2,4.1,Jul/29/2011 04:17:37
743476,2012.PRES.PALIN,Sarah Palin to be elected President in 2012,2,3.9,Jul/29/2011 17:07:13
743476,2012.PRES.PALIN,Sarah Palin to be elected President in 2012,3,4.0,Jul/29/2011 17:07:32
743476,2012.PRES.PALIN,Sarah Palin to be elected President in 2012,1,4.4,Jul/29/2011 17:07:45
743476,2012.PRES.PALIN,Sarah Palin to be elected President in 2012,2,3.6,Jul/29/2011 17:17:31
743476,2012.PRES.PALIN,Sarah Palin to be elected President in 2012,5,3.6,Jul/29/2011 17:57:04
743476,2012.PRES.PALIN,Sarah Palin to be elected President in 2012,3,3.6,Jul/29/2011 18:34:43
743476,2012.PRES.PALIN,Sarah Palin to be elected President in 2012,2,3.3,Jul/29/2011 18:40:17
743476,2012.PRES.PALIN,Sarah Palin to be elected President in 2012,8,3.4,Jul/29/2011 18:41:46
743476,2012.PRES.PALIN,Sarah Palin to be elected President in 2012,1,4.0,Jul/29/2011 19:40:30
743476,2012.PRES.PALIN,Sarah Palin to be elected President in 2012,3,3.5,Jul/29/2011 21:54:40
743476,2012.PRES.PALIN,Sarah Palin to be elected President in 2012,1,4.0,Jul/30/2011 00:06:48
743476,2012.PRES.PALIN,Sarah Palin to be elected President in 2012,6,4.0,Jul/30/2011 00:07:22
743476,2012.PRES.PALIN,Sarah Palin to be elected President in 2012,1,4.4,Jul/30/2011 00:07:37
743476,2012.PRES.PALIN,Sarah Palin to be elected President in 2012,1,3.7,Jul/30/2011 00:35:39
743476,2012.PRES.PALIN,Sarah Palin to be elected President in 2012,1,4.3,Jul/30/2011 01:50:34
743476,2012.PRES.PALIN,Sarah Palin to be elected President in 2012,1,3.4,Jul/30/2011 02:09:54
743476,2012.PRES.PALIN,Sarah Palin to be elected President in 2012,1,3.4,Jul/30/2011 02:12:45
743476,2012.PRES.PALIN,Sarah Palin to be elected President in 2012,3,3.4,Jul/30/2011 02:13:28
743476,2012.PRES.PALIN,Sarah Palin to be elected President in 2012,1,3.4,Jul/30/2011 02:14:24
743476,2012.PRES.PALIN,Sarah Palin to be elected President in 2012,5,3.4,Jul/30/2011 02:15:44
743476,2012.PRES.PALIN,Sarah Palin to be elected President in 2012,1,3.3,Jul/30/2011 02:24:03
743476,2012.PRES.PALIN,Sarah Palin to be elected President in 2012,3,3.3,Jul/30/2011 02:25:15
743476,2012.PRES.PALIN,Sarah Palin to be elected President in 2012,10,3.4,Jul/30/2011 02:28:38
743476,2012.PRES.PALIN,Sarah Palin to be elected President in 2012,8,3.3,Jul/30/2011 02:44:52
743476,2012.PRES.PALIN,Sarah Palin to be elected President in 2012,2,3.3,Jul/30/2011 02:44:52
743476,2012.PRES.PALIN,Sarah Palin to be elected President in 2012,4,3.3,Jul/30/2011 02:45:29
743476,2012.PRES.PALIN,Sarah Palin to be elected President in 2012,10,3.1,Jul/30/2011 02:47:28
743476,2012.PRES.PALIN,Sarah Palin to be elected President in 2012,10,3.1,Jul/30/2011 02:47:34
743476,2012.PRES.PALIN,Sarah Palin to be elected President in 2012,8,3.1,Jul/30/2011 02:47:44
743476,2012.PRES.PALIN,Sarah Palin to be elected President in 2012,1,3.8,Jul/30/2011 08:02:23
743476,2012.PRES.PALIN,Sarah Palin to be elected President in 2012,1,3.0,Jul/30/2011 12:47:39
743476,2012.PRES.PALIN,Sarah Palin to be elected President in 2012,1,3.0,Jul/30/2011 15:11:15
743476,2012.PRES.PALIN,Sarah Palin to be elected President in 2012,1,3.0,Jul/30/2011 15:11:15
743476,2012.PRES.PALIN,Sarah Palin to be elected President in 2012,1,3.1,Jul/30/2011 15:50:09
743476,2012.PRES.PALIN,Sarah Palin to be elected President in 2012,5,3.1,Jul/30/2011 15:54:03
743476,2012.PRES.PALIN,Sarah Palin to be elected President in 2012,5,3.1,Jul/30/2011 15:54:30
743476,2012.PRES.PALIN,Sarah Palin to be elected President in 2012,1,3.7,Jul/30/2011 17:14:32
743476,2012.PRES.PALIN,Sarah Palin to be elected President in 2012,1,3.0,Jul/30/2011 19:39:47
743476,2012.PRES.PALIN,Sarah Palin to be elected President in 2012,1,3.0,Jul/30/2011 19:40:26
743476,2012.PRES.PALIN,Sarah Palin to be elected President in 2012,1,3.0,Jul/30/2011 19:40:39
743476,2012.PRES.PALIN,Sarah Palin to be elected President in 2012,1,3.0,Jul/30/2011 19:41:20
743476,2012.PRES.PALIN,Sarah Palin to be elected President in 2012,1,3.0,Jul/30/2011 19:42:17
743476,2012.PRES.PALIN,Sarah Palin to be elected President in 2012,1,3.0,Jul/30/2011 19:44:31
743476,2012.PRES.PALIN,Sarah Palin to be elected President in 2012,1,2.9,Jul/30/2011 19:45:25
743476,2012.PRES.PALIN,Sarah Palin to be elected President in 2012,1,3.0,Jul/30/2011 20:17:46
743476,2012.PRES.PALIN,Sarah Palin to be elected President in 2012,1,2.9,Jul/30/2011 20:19:37
743476,2012.PRES.PALIN,Sarah Palin to be elected President in 2012,1,3.5,Jul/30/2011 23:52:50
743476,2012.PRES.PALIN,Sarah Palin to be elected President in 2012,10,3.2,Jul/31/2011 15:27:24
743476,2012.PRES.PALIN,Sarah Palin to be elected President in 2012,1,3.4,Jul/31/2011 21:10:34
743476,2012.PRES.PALIN,Sarah Palin to be elected President in 2012,10,3.2,Aug/01/2011 02:10:15
743476,2012.PRES.PALIN,Sarah Palin to be elected President in 2012,1,3.3,Aug/01/2011 02:10:48
743476,2012.PRES.PALIN,Sarah Palin to be elected President in 2012,9,3.3,Aug/01/2011 02:12:41
743476,2012.PRES.PALIN,Sarah Palin to be elected President in 2012,1,3.4,Aug/01/2011 02:12:53
743476,2012.PRES.PALIN,Sarah Palin to be elected President in 2012,2,3.6,Aug/01/2011 02:13:19
743476,2012.PRES.PALIN,Sarah Palin to be elected President in 2012,1,3.7,Aug/01/2011 02:13:47
743476,2012.PRES.PALIN,Sarah Palin to be elected President in 2012,1,3.3,Aug/01/2011 18:30:32
743476,2012.PRES.PALIN,Sarah Palin to be elected President in 2012,1,3.2,Aug/01/2011 20:54:07
743476,2012.PRES.PALIN,Sarah Palin to be elected President in 2012,3,3.1,Aug/01/2011 21:25:11
743476,2012.PRES.PALIN,Sarah Palin to be elected President in 2012,1,3.0,Aug/01/2011 21:32:47
743476,2012.PRES.PALIN,Sarah Palin to be elected President in 2012,1,3.0,Aug/01/2011 21:32:47
743476,2012.PRES.PALIN,Sarah Palin to be elected President in 2012,10,3.0,Aug/01/2011 22:30:48
743476,2012.PRES.PALIN,Sarah Palin to be elected President in 2012,4,3.0,Aug/02/2011 00:34:10
743476,2012.PRES.PALIN,Sarah Palin to be elected President in 2012,7,3.1,Aug/02/2011 02:25:56
743476,2012.PRES.PALIN,Sarah Palin to be elected President in 2012,5,3.2,Aug/02/2011 02:26:43
743476,2012.PRES.PALIN,Sarah Palin to be elected President in 2012,10,3.0,Aug/02/2011 20:09:39
743476,2012.PRES.PALIN,Sarah Palin to be elected President in 2012,5,3.2,Aug/02/2011 20:39:32
743476,2012.PRES.PALIN,Sarah Palin to be elected President in 2012,1,3.3,Aug/02/2011 20:39:51
743476,2012.PRES.PALIN,Sarah Palin to be elected President in 2012,10,3.0,Aug/02/2011 22:17:14
743476,2012.PRES.PALIN,Sarah Palin to be elected President in 2012,10,3.0,Aug/02/2011 22:32:14
743476,2012.PRES.PALIN,Sarah Palin to be elected President in 2012,1,3.0,Aug/02/2011 22:38:46
743476,2012.PRES.PALIN,Sarah Palin to be elected President in 2012,1,3.0,Aug/02/2011 22:40:55
743476,2012.PRES.PALIN,Sarah Palin to be elected President in 2012,1,3.0,Aug/02/2011 22:49:47
743476,2012.PRES.PALIN,Sarah Palin to be elected President in 2012,1,3.1,Aug/03/2011 00:50:05
743476,2012.PRES.PALIN,Sarah Palin to be elected President in 2012,2,2.9,Aug/03/2011 14:17:59
743476,2012.PRES.PALIN,Sarah Palin to be elected President in 2012,6,2.9,Aug/03/2011 14:17:59
743476,2012.PRES.PALIN,Sarah Palin to be elected President in 2012,2,2.9,Aug/03/2011 14:17:59
743476,2012.PRES.PALIN,Sarah Palin to be elected President in 2012,7,2.8,Aug/03/2011 14:18:10
743476,2012.PRES.PALIN,Sarah Palin to be elected President in 2012,3,2.9,Aug/03/2011 14:18:10
743476,2012.PRES.PALIN,Sarah Palin to be elected President in 2012,9,2.8,Aug/03/2011 14:18:48
743476,2012.PRES.PALIN,Sarah Palin to be elected President in 2012,1,3.1,Aug/03/2011 15:34:42
743476,2012.PRES.PALIN,Sarah Palin to be elected President in 2012,3,2.9,Aug/03/2011 20:32:17
743476,2012.PRES.PALIN,Sarah Palin to be elected President in 2012,10,2.9,Aug/03/2011 23:06:43
743476,2012.PRES.PALIN,Sarah Palin to be elected President in 2012,2,3.0,Aug/04/2011 01:16:52
743476,2012.PRES.PALIN,Sarah Palin to be elected President in 2012,10,3.0,Aug/04/2011 01:16:52
743476,2012.PRES.PALIN,Sarah Palin to be elected President in 2012,1,2.9,Aug/04/2011 11:53:51
743476,2012.PRES.PALIN,Sarah Palin to be elected President in 2012,1,3.0,Aug/04/2011 16:38:22
743476,2012.PRES.PALIN,Sarah Palin to be elected President in 2012,2,2.9,Aug/04/2011 18:01:14
743476,2012.PRES.PALIN,Sarah Palin to be elected President in 2012,9,3.0,Aug/04/2011 23:58:55
743476,2012.PRES.PALIN,Sarah Palin to be elected President in 2012,10,3.0,Aug/04/2011 23:58:55
743476,2012.PRES.PALIN,Sarah Palin to be elected President in 2012,10,3.0,Aug/05/2011 01:16:58
743476,2012.PRES.PALIN,Sarah Palin to be elected President in 2012,1,3.0,Aug/05/2011 01:17:07
743476,2012.PRES.PALIN,Sarah Palin to be elected President in 2012,4,3.5,Aug/05/2011 03:52:54
743476,2012.PRES.PALIN,Sarah Palin to be elected President in 2012,10,3.5,Aug/05/2011 03:52:54
743476,2012.PRES.PALIN,Sarah Palin to be elected President in 2012,10,3.4,Aug/05/2011 03:52:54
743476,2012.PRES.PALIN,Sarah Palin to be elected President in 2012,9,3.1,Aug/05/2011 03:52:54
743476,2012.PRES.PALIN,Sarah Palin to be elected President in 2012,10,3.5,Aug/05/2011 03:52:54
743476,2012.PRES.PALIN,Sarah Palin to be elected President in 2012,1,3.3,Aug/05/2011 03:52:54
743476,2012.PRES.PALIN,Sarah Palin to be elected President in 2012,10,3.3,Aug/05/2011 03:52:54
743476,2012.PRES.PALIN,Sarah Palin to be elected President in 2012,10,3.5,Aug/05/2011 03:52:54
743476,2012.PRES.PALIN,Sarah Palin to be elected President in 2012,10,3.5,Aug/05/2011 03:52:54
743476,2012.PRES.PALIN,Sarah Palin to be elected President in 2012,10,3.5,Aug/05/2011 03:52:54
743476,2012.PRES.PALIN,Sarah Palin to be elected President in 2012,10,3.5,Aug/05/2011 03:52:54
743476,2012.PRES.PALIN,Sarah Palin to be elected President in 2012,10,3.7,Aug/05/2011 12:44:55
743476,2012.PRES.PALIN,Sarah Palin to be elected President in 2012,10,3.6,Aug/05/2011 12:44:55
743476,2012.PRES.PALIN,Sarah Palin to be elected President in 2012,10,3.7,Aug/05/2011 13:09:10
743476,2012.PRES.PALIN,Sarah Palin to be elected President in 2012,10,3.7,Aug/05/2011 13:09:25
743476,2012.PRES.PALIN,Sarah Palin to be elected President in 2012,4,3.7,Aug/05/2011 13:09:44
743476,2012.PRES.PALIN,Sarah Palin to be elected President in 2012,11,3.7,Aug/05/2011 14:38:07
743476,2012.PRES.PALIN,Sarah Palin to be elected President in 2012,5,3.8,Aug/05/2011 15:08:05
743476,2012.PRES.PALIN,Sarah Palin to be elected President in 2012,10,3.9,Aug/05/2011 15:08:05
743476,2012.PRES.PALIN,Sarah Palin to be elected President in 2012,10,3.9,Aug/05/2011 15:08:05
743476,2012.PRES.PALIN,Sarah Palin to be elected President in 2012,10,3.8,Aug/05/2011 15:08:05
743476,2012.PRES.PALIN,Sarah Palin to be elected President in 2012,10,4.0,Aug/05/2011 15:16:34
743476,2012.PRES.PALIN,Sarah Palin to be elected President in 2012,13,4.0,Aug/05/2011 15:16:34
743476,2012.PRES.PALIN,Sarah Palin to be elected President in 2012,10,4.0,Aug/05/2011 15:16:34
743476,2012.PRES.PALIN,Sarah Palin to be elected President in 2012,10,4.0,Aug/05/2011 15:16:34
743476,2012.PRES.PALIN,Sarah Palin to be elected President in 2012,10,4.0,Aug/05/2011 15:16:34
743476,2012.PRES.PALIN,Sarah Palin to be elected President in 2012,10,4.0,Aug/05/2011 15:44:16
743476,2012.PRES.PALIN,Sarah Palin to be elected President in 2012,1,4.0,Aug/05/2011 22:23:28
743476,2012.PRES.PALIN,Sarah Palin to be elected President in 2012,10,4.0,Aug/06/2011 00:32:38
743476,2012.PRES.PALIN,Sarah Palin to be elected President in 2012,212,4.0,Aug/06/2011 05:16:13
743476,2012.PRES.PALIN,Sarah Palin to be elected President in 2012,1,3.8,Aug/06/2011 19:02:13
743476,2012.PRES.PALIN,Sarah Palin to be elected President in 2012,9,3.8,Aug/07/2011 15:09:02
743476,2012.PRES.PALIN,Sarah Palin to be elected President in 2012,10,3.9,Aug/07/2011 15:11:39
743476,2012.PRES.PALIN,Sarah Palin to be elected President in 2012,7,3.9,Aug/07/2011 15:11:39
743476,2012.PRES.PALIN,Sarah Palin to be elected President in 2012,1,4.0,Aug/07/2011 15:11:39
743476,2012.PRES.PALIN,Sarah Palin to be elected President in 2012,1,3.8,Aug/08/2011 02:15:07
743476,2012.PRES.PALIN,Sarah Palin to be elected President in 2012,9,3.8,Aug/08/2011 03:27:33
743476,2012.PRES.PALIN,Sarah Palin to be elected President in 2012,10,3.9,Aug/08/2011 04:13:17
743476,2012.PRES.PALIN,Sarah Palin to be elected President in 2012,10,4.0,Aug/08/2011 04:13:17
743476,2012.PRES.PALIN,Sarah Palin to be elected President in 2012,10,4.0,Aug/08/2011 04:13:17
743476,2012.PRES.PALIN,Sarah Palin to be elected President in 2012,10,4.0,Aug/08/2011 16:19:42
743476,2012.PRES.PALIN,Sarah Palin to be elected President in 2012,10,4.1,Aug/08/2011 16:20:27
743476,2012.PRES.PALIN,Sarah Palin to be elected President in 2012,10,4.2,Aug/08/2011 16:22:48
743476,2012.PRES.PALIN,Sarah Palin to be elected President in 2012,10,4.3,Aug/08/2011 16:23:04
743476,2012.PRES.PALIN,Sarah Palin to be elected President in 2012,14,4.4,Aug/08/2011 16:23:20
743476,2012.PRES.PALIN,Sarah Palin to be elected President in 2012,10,4.4,Aug/08/2011 16:23:20
743476,2012.PRES.PALIN,Sarah Palin to be elected President in 2012,6,4.4,Aug/08/2011 16:23:20
743476,2012.PRES.PALIN,Sarah Palin to be elected President in 2012,100,4.5,Aug/08/2011 16:23:57
743476,2012.PRES.PALIN,Sarah Palin to be elected President in 2012,10,4.9,Aug/08/2011 16:24:17
743476,2012.PRES.PALIN,Sarah Palin to be elected President in 2012,2,4.9,Aug/08/2011 16:24:43
743476,2012.PRES.PALIN,Sarah Palin to be elected President in 2012,1,4.9,Aug/08/2011 16:24:51
743476,2012.PRES.PALIN,Sarah Palin to be elected President in 2012,7,4.9,Aug/08/2011 16:25:53
743476,2012.PRES.PALIN,Sarah Palin to be elected President in 2012,3,4.9,Aug/08/2011 16:29:50
743476,2012.PRES.PALIN,Sarah Palin to be elected President in 2012,10,5.0,Aug/08/2011 16:30:04
743476,2012.PRES.PALIN,Sarah Palin to be elected President in 2012,9,5.9,Aug/08/2011 16:30:29
743476,2012.PRES.PALIN,Sarah Palin to be elected President in 2012,1,4.8,Aug/08/2011 16:30:29
743476,2012.PRES.PALIN,Sarah Palin to be elected President in 2012,1,5.9,Aug/08/2011 16:30:38
743476,2012.PRES.PALIN,Sarah Palin to be elected President in 2012,10,9.9,Aug/08/2011 16:30:49
743476,2012.PRES.PALIN,Sarah Palin to be elected President in 2012,14,10.0,Aug/08/2011 16:31:23
743476,2012.PRES.PALIN,Sarah Palin to be elected President in 2012,1,4.7,Aug/08/2011 16:31:23
743476,2012.PRES.PALIN,Sarah Palin to be elected President in 2012,50,3.8,Aug/08/2011 17:47:58
743476,2012.PRES.PALIN,Sarah Palin to be elected President in 2012,13,3.8,Aug/08/2011 17:48:29
743476,2012.PRES.PALIN,Sarah Palin to be elected President in 2012,1,4.1,Aug/08/2011 18:04:26
743476,2012.PRES.PALIN,Sarah Palin to be elected President in 2012,1,4.0,Aug/08/2011 18:04:26
743476,2012.PRES.PALIN,Sarah Palin to be elected President in 2012,1,3.9,Aug/08/2011 18:04:26
743476,2012.PRES.PALIN,Sarah Palin to be elected President in 2012,1,4.0,Aug/08/2011 18:04:26
743476,2012.PRES.PALIN,Sarah Palin to be elected President in 2012,3,4.0,Aug/08/2011 18:04:26
743476,2012.PRES.PALIN,Sarah Palin to be elected President in 2012,2,4.1,Aug/08/2011 18:04:26
743476,2012.PRES.PALIN,Sarah Palin to be elected President in 2012,1,4.2,Aug/08/2011 20:16:49
743476,2012.PRES.PALIN,Sarah Palin to be elected President in 2012,10,4.1,Aug/08/2011 21:37:43
743476,2012.PRES.PALIN,Sarah Palin to be elected President in 2012,20,4.1,Aug/09/2011 22:35:38
743476,2012.PRES.PALIN,Sarah Palin to be elected President in 2012,61,4.1,Aug/10/2011 03:37:54
743476,2012.PRES.PALIN,Sarah Palin to be elected President in 2012,1,3.8,Aug/10/2011 20:58:34
743476,2012.PRES.PALIN,Sarah Palin to be elected President in 2012,105,3.9,Aug/10/2011 22:16:34
743476,2012.PRES.PALIN,Sarah Palin to be elected President in 2012,2,4.0,Aug/11/2011 01:04:20
743476,2012.PRES.PALIN,Sarah Palin to be elected President in 2012,1,3.6,Aug/11/2011 17:35:49
743476,2012.PRES.PALIN,Sarah Palin to be elected President in 2012,10,3.8,Aug/11/2011 21:41:30
743476,2012.PRES.PALIN,Sarah Palin to be elected President in 2012,1,3.8,Aug/11/2011 21:41:37
743476,2012.PRES.PALIN,Sarah Palin to be elected President in 2012,10,3.8,Aug/12/2011 00:25:23
743476,2012.PRES.PALIN,Sarah Palin to be elected President in 2012,2,3.8,Aug/12/2011 00:25:32
743476,2012.PRES.PALIN,Sarah Palin to be elected President in 2012,10,3.8,Aug/12/2011 00:26:17
743476,2012.PRES.PALIN,Sarah Palin to be elected President in 2012,2,3.6,Aug/12/2011 03:28:15
743476,2012.PRES.PALIN,Sarah Palin to be elected President in 2012,10,3.8,Aug/12/2011 15:44:33
743476,2012.PRES.PALIN,Sarah Palin to be elected President in 2012,10,3.9,Aug/12/2011 16:41:52
743476,2012.PRES.PALIN,Sarah Palin to be elected President in 2012,6,4.0,Aug/12/2011 17:34:57
743476,2012.PRES.PALIN,Sarah Palin to be elected President in 2012,1,4.0,Aug/12/2011 17:34:57
743476,2012.PRES.PALIN,Sarah Palin to be elected President in 2012,1,4.0,Aug/12/2011 17:34:57
743476,2012.PRES.PALIN,Sarah Palin to be elected President in 2012,1,4.0,Aug/12/2011 17:34:57
743476,2012.PRES.PALIN,Sarah Palin to be elected President in 2012,1,4.0,Aug/12/2011 17:34:57
743476,2012.PRES.PALIN,Sarah Palin to be elected President in 2012,10,4.0,Aug/12/2011 17:34:57
743476,2012.PRES.PALIN,Sarah Palin to be elected President in 2012,10,4.0,Aug/12/2011 17:34:57
743476,2012.PRES.PALIN,Sarah Palin to be elected President in 2012,10,4.0,Aug/12/2011 17:34:57
743476,2012.PRES.PALIN,Sarah Palin to be elected President in 2012,10,4.0,Aug/12/2011 17:34:57
743476,2012.PRES.PALIN,Sarah Palin to be elected President in 2012,10,4.0,Aug/12/2011 17:34:57
743476,2012.PRES.PALIN,Sarah Palin to be elected President in 2012,10,4.0,Aug/12/2011 17:34:57
743476,2012.PRES.PALIN,Sarah Palin to be elected President in 2012,10,4.0,Aug/12/2011 17:34:57
743476,2012.PRES.PALIN,Sarah Palin to be elected President in 2012,10,4.0,Aug/12/2011 17:34:57
743476,2012.PRES.PALIN,Sarah Palin to be elected President in 2012,10,4.0,Aug/12/2011 21:14:30
743476,2012.PRES.PALIN,Sarah Palin to be elected President in 2012,20,4.0,Aug/12/2011 21:26:00
743476,2012.PRES.PALIN,Sarah Palin to be elected President in 2012,10,4.2,Aug/12/2011 21:37:11
743476,2012.PRES.PALIN,Sarah Palin to be elected President in 2012,10,4.1,Aug/12/2011 21:37:11
743476,2012.PRES.PALIN,Sarah Palin to be elected President in 2012,10,4.4,Aug/12/2011 21:37:11
743476,2012.PRES.PALIN,Sarah Palin to be elected President in 2012,10,4.3,Aug/12/2011 21:37:11
743476,2012.PRES.PALIN,Sarah Palin to be elected President in 2012,10,4.4,Aug/12/2011 21:37:26
743476,2012.PRES.PALIN,Sarah Palin to be elected President in 2012,10,4.0,Aug/13/2011 01:51:54
743476,2012.PRES.PALIN,Sarah Palin to be elected President in 2012,10,4.0,Aug/13/2011 01:52:39
743476,2012.PRES.PALIN,Sarah Palin to be elected President in 2012,10,4.0,Aug/13/2011 01:57:21
743476,2012.PRES.PALIN,Sarah Palin to be elected President in 2012,1,4.0,Aug/13/2011 02:34:59
743476,2012.PRES.PALIN,Sarah Palin to be elected President in 2012,10,4.0,Aug/13/2011 02:38:53
743476,2012.PRES.PALIN,Sarah Palin to be elected President in 2012,10,4.0,Aug/13/2011 02:54:24
743476,2012.PRES.PALIN,Sarah Palin to be elected President in 2012,10,4.0,Aug/13/2011 15:15:41
743476,2012.PRES.PALIN,Sarah Palin to be elected President in 2012,1,3.6,Aug/13/2011 17:21:21
743476,2012.PRES.PALIN,Sarah Palin to be elected President in 2012,1,3.6,Aug/13/2011 17:21:41
743476,2012.PRES.PALIN,Sarah Palin to be elected President in 2012,12,3.6,Aug/13/2011 20:40:51
743476,2012.PRES.PALIN,Sarah Palin to be elected President in 2012,2,4.0,Aug/13/2011 23:08:26
743476,2012.PRES.PALIN,Sarah Palin to be elected President in 2012,10,4.0,Aug/13/2011 23:08:26
743476,2012.PRES.PALIN,Sarah Palin to be elected President in 2012,10,4.0,Aug/14/2011 05:33:42
743476,2012.PRES.PALIN,Sarah Palin to be elected President in 2012,20,4.0,Aug/14/2011 05:33:42
743476,2012.PRES.PALIN,Sarah Palin to be elected President in 2012,2,3.7,Aug/14/2011 08:41:46
743476,2012.PRES.PALIN,Sarah Palin to be elected President in 2012,2,4.0,Aug/14/2011 17:02:35
743476,2012.PRES.PALIN,Sarah Palin to be elected President in 2012,20,4.0,Aug/14/2011 17:02:35
743476,2012.PRES.PALIN,Sarah Palin to be elected President in 2012,4,3.8,Aug/14/2011 19:35:51
743476,2012.PRES.PALIN,Sarah Palin to be elected President in 2012,2,3.7,Aug/15/2011 04:07:19
743476,2012.PRES.PALIN,Sarah Palin to be elected President in 2012,44,3.7,Aug/15/2011 04:07:19
743476,2012.PRES.PALIN,Sarah Palin to be elected President in 2012,100,3.5,Aug/15/2011 14:57:03
743476,2012.PRES.PALIN,Sarah Palin to be elected President in 2012,100,3.0,Aug/15/2011 14:57:03
743476,2012.PRES.PALIN,Sarah Palin to be elected President in 2012,2,2.9,Aug/15/2011 16:25:02
743476,2012.PRES.PALIN,Sarah Palin to be elected President in 2012,1,1.8,Aug/15/2011 16:50:45
743476,2012.PRES.PALIN,Sarah Palin to be elected President in 2012,1,2.8,Aug/15/2011 23:59:02
743476,2012.PRES.PALIN,Sarah Palin to be elected President in 2012,1,2.8,Aug/16/2011 01:37:54
743476,2012.PRES.PALIN,Sarah Palin to be elected President in 2012,1,2.9,Aug/16/2011 01:38:01
743476,2012.PRES.PALIN,Sarah Palin to be elected President in 2012,1,2.9,Aug/16/2011 01:38:18
743476,2012.PRES.PALIN,Sarah Palin to be elected President in 2012,1,3.0,Aug/16/2011 01:38:32
743476,2012.PRES.PALIN,Sarah Palin to be elected President in 2012,4,3.0,Aug/16/2011 01:38:45
743476,2012.PRES.PALIN,Sarah Palin to be elected President in 2012,6,3.0,Aug/16/2011 01:39:07
743476,2012.PRES.PALIN,Sarah Palin to be elected President in 2012,4,3.1,Aug/16/2011 01:39:21
743476,2012.PRES.PALIN,Sarah Palin to be elected President in 2012,6,2.6,Aug/16/2011 11:45:30
743476,2012.PRES.PALIN,Sarah Palin to be elected President in 2012,5,3.0,Aug/16/2011 16:25:56
743476,2012.PRES.PALIN,Sarah Palin to be elected President in 2012,7,2.8,Aug/17/2011 15:18:11
743476,2012.PRES.PALIN,Sarah Palin to be elected President in 2012,10,2.7,Aug/17/2011 22:25:04
743476,2012.PRES.PALIN,Sarah Palin to be elected President in 2012,11,2.8,Aug/18/2011 21:09:30
743476,2012.PRES.PALIN,Sarah Palin to be elected President in 2012,15,3.0,Aug/19/2011 05:00:51
743476,2012.PRES.PALIN,Sarah Palin to be elected President in 2012,2,2.9,Aug/19/2011 05:00:51
743476,2012.PRES.PALIN,Sarah Palin to be elected President in 2012,10,2.9,Aug/19/2011 05:00:51
743476,2012.PRES.PALIN,Sarah Palin to be elected President in 2012,20,3.0,Aug/19/2011 05:00:51
743476,2012.PRES.PALIN,Sarah Palin to be elected President in 2012,18,2.9,Aug/19/2011 05:00:51
743476,2012.PRES.PALIN,Sarah Palin to be elected President in 2012,10,3.0,Aug/19/2011 05:00:51
743476,2012.PRES.PALIN,Sarah Palin to be elected President in 2012,20,3.0,Aug/19/2011 05:00:51
743476,2012.PRES.PALIN,Sarah Palin to be elected President in 2012,20,3.0,Aug/19/2011 19:33:42
743476,2012.PRES.PALIN,Sarah Palin to be elected President in 2012,10,3.3,Aug/20/2011 00:06:26
743476,2012.PRES.PALIN,Sarah Palin to be elected President in 2012,10,3.2,Aug/20/2011 00:06:26
743476,2012.PRES.PALIN,Sarah Palin to be elected President in 2012,6,3.1,Aug/20/2011 00:06:26
743476,2012.PRES.PALIN,Sarah Palin to be elected President in 2012,6,3.1,Aug/20/2011 00:06:26
743476,2012.PRES.PALIN,Sarah Palin to be elected President in 2012,18,3.1,Aug/20/2011 00:06:26
743476,2012.PRES.PALIN,Sarah Palin to be elected President in 2012,18,3.2,Aug/20/2011 00:06:26
743476,2012.PRES.PALIN,Sarah Palin to be elected President in 2012,18,3.3,Aug/20/2011 00:06:26
743476,2012.PRES.PALIN,Sarah Palin to be elected President in 2012,20,3.6,Aug/20/2011 03:56:21
743476,2012.PRES.PALIN,Sarah Palin to be elected President in 2012,10,3.6,Aug/20/2011 03:56:21
743476,2012.PRES.PALIN,Sarah Palin to be elected President in 2012,10,3.5,Aug/20/2011 03:56:21
743476,2012.PRES.PALIN,Sarah Palin to be elected President in 2012,10,3.4,Aug/20/2011 03:56:21
743476,2012.PRES.PALIN,Sarah Palin to be elected President in 2012,10,3.5,Aug/20/2011 03:56:21
743476,2012.PRES.PALIN,Sarah Palin to be elected President in 2012,20,3.5,Aug/20/2011 03:56:21
743476,2012.PRES.PALIN,Sarah Palin to be elected President in 2012,20,3.5,Aug/20/2011 03:56:21
743476,2012.PRES.PALIN,Sarah Palin to be elected President in 2012,10,3.4,Aug/20/2011 03:56:21
743476,2012.PRES.PALIN,Sarah Palin to be elected President in 2012,3,3.4,Aug/20/2011 03:56:21
743476,2012.PRES.PALIN,Sarah Palin to be elected President in 2012,10,3.3,Aug/20/2011 03:56:21
743476,2012.PRES.PALIN,Sarah Palin to be elected President in 2012,10,4.8,Aug/20/2011 14:09:21
743476,2012.PRES.PALIN,Sarah Palin to be elected President in 2012,10,4.7,Aug/20/2011 14:09:21
743476,2012.PRES.PALIN,Sarah Palin to be elected President in 2012,10,4.5,Aug/20/2011 14:09:21
743476,2012.PRES.PALIN,Sarah Palin to be elected President in 2012,20,4.5,Aug/20/2011 14:09:21
743476,2012.PRES.PALIN,Sarah Palin to be elected President in 2012,10,4.5,Aug/20/2011 14:09:21
743476,2012.PRES.PALIN,Sarah Palin to be elected President in 2012,10,4.4,Aug/20/2011 14:09:21
743476,2012.PRES.PALIN,Sarah Palin to be elected President in 2012,10,4.3,Aug/20/2011 14:09:21
743476,2012.PRES.PALIN,Sarah Palin to be elected President in 2012,10,4.2,Aug/20/2011 14:09:21
743476,2012.PRES.PALIN,Sarah Palin to be elected President in 2012,10,4.1,Aug/20/2011 14:09:21
743476,2012.PRES.PALIN,Sarah Palin to be elected President in 2012,10,4.0,Aug/20/2011 14:09:21
743476,2012.PRES.PALIN,Sarah Palin to be elected President in 2012,20,4.0,Aug/20/2011 14:09:21
743476,2012.PRES.PALIN,Sarah Palin to be elected President in 2012,10,3.8,Aug/20/2011 14:09:21
743476,2012.PRES.PALIN,Sarah Palin to be elected President in 2012,10,3.9,Aug/20/2011 14:09:21
743476,2012.PRES.PALIN,Sarah Palin to be elected President in 2012,10,3.7,Aug/20/2011 14:09:21
743476,2012.PRES.PALIN,Sarah Palin to be elected President in 2012,10,4.9,Aug/20/2011 16:34:08
743476,2012.PRES.PALIN,Sarah Palin to be elected President in 2012,10,5.0,Aug/20/2011 16:34:08
743476,2012.PRES.PALIN,Sarah Palin to be elected President in 2012,10,4.9,Aug/20/2011 16:34:08
743476,2012.PRES.PALIN,Sarah Palin to be elected President in 2012,10,5.0,Aug/20/2011 22:20:24
743476,2012.PRES.PALIN,Sarah Palin to be elected President in 2012,10,4.9,Aug/20/2011 22:20:24
743476,2012.PRES.PALIN,Sarah Palin to be elected President in 2012,90,4.8,Aug/20/2011 22:20:24
743476,2012.PRES.PALIN,Sarah Palin to be elected President in 2012,10,4.7,Aug/20/2011 22:20:24
743476,2012.PRES.PALIN,Sarah Palin to be elected President in 2012,10,4.5,Aug/20/2011 22:20:24
743476,2012.PRES.PALIN,Sarah Palin to be elected President in 2012,1,4.6,Aug/20/2011 22:20:24
743476,2012.PRES.PALIN,Sarah Palin to be elected President in 2012,1,5.5,Aug/20/2011 23:51:14
743476,2012.PRES.PALIN,Sarah Palin to be elected President in 2012,1,5.5,Aug/21/2011 02:48:38
743476,2012.PRES.PALIN,Sarah Palin to be elected President in 2012,10,4.9,Aug/22/2011 14:02:51
743476,2012.PRES.PALIN,Sarah Palin to be elected President in 2012,1,3.6,Aug/22/2011 14:03:16
743476,2012.PRES.PALIN,Sarah Palin to be elected President in 2012,1,3.5,Aug/22/2011 14:03:22
743476,2012.PRES.PALIN,Sarah Palin to be elected President in 2012,1,3.4,Aug/22/2011 14:03:31
743476,2012.PRES.PALIN,Sarah Palin to be elected President in 2012,1,3.3,Aug/22/2011 14:03:44
743476,2012.PRES.PALIN,Sarah Palin to be elected President in 2012,3,3.3,Aug/22/2011 14:03:44
743476,2012.PRES.PALIN,Sarah Palin to be elected President in 2012,1,5.0,Aug/22/2011 15:30:07
743476,2012.PRES.PALIN,Sarah Palin to be elected President in 2012,9,5.0,Aug/22/2011 17:25:22
743476,2012.PRES.PALIN,Sarah Palin to be elected President in 2012,1,5.4,Aug/22/2011 20:43:03
743476,2012.PRES.PALIN,Sarah Palin to be elected President in 2012,10,3.0,Aug/23/2011 22:23:09
743476,2012.PRES.PALIN,Sarah Palin to be elected President in 2012,2,2.8,Aug/23/2011 22:23:16
743476,2012.PRES.PALIN,Sarah Palin to be elected President in 2012,250,2.2,Aug/24/2011 00:03:38
743476,2012.PRES.PALIN,Sarah Palin to be elected President in 2012,100,2.3,Aug/24/2011 00:03:38
743476,2012.PRES.PALIN,Sarah Palin to be elected President in 2012,50,2.2,Aug/24/2011 01:10:21
743476,2012.PRES.PALIN,Sarah Palin to be elected President in 2012,10,2.9,Aug/24/2011 14:36:34
743476,2012.PRES.PALIN,Sarah Palin to be elected President in 2012,44,3.0,Aug/24/2011 14:37:51
743476,2012.PRES.PALIN,Sarah Palin to be elected President in 2012,56,3.0,Aug/24/2011 20:52:52
743476,2012.PRES.PALIN,Sarah Palin to be elected President in 2012,6,2.9,Aug/24/2011 20:52:52
743476,2012.PRES.PALIN,Sarah Palin to be elected President in 2012,57,4.0,Aug/25/2011 01:03:54
743476,2012.PRES.PALIN,Sarah Palin to be elected President in 2012,5,2.4,Aug/25/2011 01:08:03
743476,2012.PRES.PALIN,Sarah Palin to be elected President in 2012,10,2.4,Aug/25/2011 01:08:03
743476,2012.PRES.PALIN,Sarah Palin to be elected President in 2012,5,3.0,Aug/25/2011 01:08:03
743476,2012.PRES.PALIN,Sarah Palin to be elected President in 2012,7,2.9,Aug/25/2011 01:08:03
743476,2012.PRES.PALIN,Sarah Palin to be elected President in 2012,9,2.8,Aug/25/2011 01:08:03
743476,2012.PRES.PALIN,Sarah Palin to be elected President in 2012,11,2.7,Aug/25/2011 01:08:03
