market id,market symbol,market name,trade quantity,trade price,date/time [utc]
748416,2012.PRES.HUNTSMAN,Jon Huntsman Jr to be elected President in 2012,1,1.6,Apr/13/2011 22:59:26
748416,2012.PRES.HUNTSMAN,Jon Huntsman Jr to be elected President in 2012,200,2.0,Apr/15/2011 22:56:06
748416,2012.PRES.HUNTSMAN,Jon Huntsman Jr to be elected President in 2012,109,1.8,Apr/16/2011 08:08:31
748416,2012.PRES.HUNTSMAN,Jon Huntsman Jr to be elected President in 2012,6,2.0,Apr/17/2011 22:10:38
748416,2012.PRES.HUNTSMAN,Jon Huntsman Jr to be elected President in 2012,1,2.0,Apr/18/2011 19:01:40
748416,2012.PRES.HUNTSMAN,Jon Huntsman Jr to be elected President in 2012,1,2.0,Apr/18/2011 19:01:42
748416,2012.PRES.HUNTSMAN,Jon Huntsman Jr to be elected President in 2012,1,2.0,Apr/18/2011 19:01:43
748416,2012.PRES.HUNTSMAN,Jon Huntsman Jr to be elected President in 2012,147,2.0,Apr/20/2011 12:08:05
748416,2012.PRES.HUNTSMAN,Jon Huntsman Jr to be elected President in 2012,53,2.0,Apr/20/2011 15:26:01
748416,2012.PRES.HUNTSMAN,Jon Huntsman Jr to be elected President in 2012,5,2.1,Apr/20/2011 18:47:26
748416,2012.PRES.HUNTSMAN,Jon Huntsman Jr to be elected President in 2012,100,2.2,Apr/21/2011 04:36:00
748416,2012.PRES.HUNTSMAN,Jon Huntsman Jr to be elected President in 2012,5,2.2,Apr/21/2011 04:36:00
748416,2012.PRES.HUNTSMAN,Jon Huntsman Jr to be elected President in 2012,5,2.2,Apr/21/2011 04:36:00
748416,2012.PRES.HUNTSMAN,Jon Huntsman Jr to be elected President in 2012,5,2.3,Apr/22/2011 03:32:56
748416,2012.PRES.HUNTSMAN,Jon Huntsman Jr to be elected President in 2012,10,2.3,Apr/22/2011 03:32:56
748416,2012.PRES.HUNTSMAN,Jon Huntsman Jr to be elected President in 2012,10,2.1,Apr/27/2011 19:00:34
748416,2012.PRES.HUNTSMAN,Jon Huntsman Jr to be elected President in 2012,1,2.2,Apr/29/2011 22:05:48
748416,2012.PRES.HUNTSMAN,Jon Huntsman Jr to be elected President in 2012,10,2.1,Apr/29/2011 22:05:48
748416,2012.PRES.HUNTSMAN,Jon Huntsman Jr to be elected President in 2012,100,2.5,May/01/2011 17:41:03
748416,2012.PRES.HUNTSMAN,Jon Huntsman Jr to be elected President in 2012,10,2.3,May/01/2011 17:41:03
748416,2012.PRES.HUNTSMAN,Jon Huntsman Jr to be elected President in 2012,10,2.4,May/01/2011 17:41:03
748416,2012.PRES.HUNTSMAN,Jon Huntsman Jr to be elected President in 2012,10,2.4,May/01/2011 17:41:03
748416,2012.PRES.HUNTSMAN,Jon Huntsman Jr to be elected President in 2012,3,2.5,May/02/2011 03:54:29
748416,2012.PRES.HUNTSMAN,Jon Huntsman Jr to be elected President in 2012,3,2.5,May/02/2011 03:54:47
748416,2012.PRES.HUNTSMAN,Jon Huntsman Jr to be elected President in 2012,4,2.5,May/02/2011 03:54:48
748416,2012.PRES.HUNTSMAN,Jon Huntsman Jr to be elected President in 2012,3,2.5,May/02/2011 03:54:49
748416,2012.PRES.HUNTSMAN,Jon Huntsman Jr to be elected President in 2012,2,2.5,May/02/2011 04:09:46
748416,2012.PRES.HUNTSMAN,Jon Huntsman Jr to be elected President in 2012,6,2.5,May/02/2011 04:09:48
748416,2012.PRES.HUNTSMAN,Jon Huntsman Jr to be elected President in 2012,4,2.5,May/02/2011 04:09:50
748416,2012.PRES.HUNTSMAN,Jon Huntsman Jr to be elected President in 2012,1,2.5,May/02/2011 04:09:52
748416,2012.PRES.HUNTSMAN,Jon Huntsman Jr to be elected President in 2012,4,2.5,May/02/2011 04:09:54
748416,2012.PRES.HUNTSMAN,Jon Huntsman Jr to be elected President in 2012,10,2.5,May/02/2011 04:09:56
748416,2012.PRES.HUNTSMAN,Jon Huntsman Jr to be elected President in 2012,5,2.5,May/02/2011 04:09:58
748416,2012.PRES.HUNTSMAN,Jon Huntsman Jr to be elected President in 2012,10,2.5,May/02/2011 04:10:00
748416,2012.PRES.HUNTSMAN,Jon Huntsman Jr to be elected President in 2012,10,2.5,May/02/2011 04:10:02
748416,2012.PRES.HUNTSMAN,Jon Huntsman Jr to be elected President in 2012,6,2.5,May/02/2011 04:10:04
748416,2012.PRES.HUNTSMAN,Jon Huntsman Jr to be elected President in 2012,10,2.5,May/02/2011 04:10:06
748416,2012.PRES.HUNTSMAN,Jon Huntsman Jr to be elected President in 2012,5,2.5,May/02/2011 04:12:03
748416,2012.PRES.HUNTSMAN,Jon Huntsman Jr to be elected President in 2012,5,2.9,May/02/2011 16:15:29
748416,2012.PRES.HUNTSMAN,Jon Huntsman Jr to be elected President in 2012,10,2.9,May/02/2011 16:15:29
748416,2012.PRES.HUNTSMAN,Jon Huntsman Jr to be elected President in 2012,100,3.0,May/02/2011 21:41:06
748416,2012.PRES.HUNTSMAN,Jon Huntsman Jr to be elected President in 2012,5,3.0,May/02/2011 21:41:06
748416,2012.PRES.HUNTSMAN,Jon Huntsman Jr to be elected President in 2012,5,3.1,May/02/2011 21:41:06
748416,2012.PRES.HUNTSMAN,Jon Huntsman Jr to be elected President in 2012,10,3.9,May/02/2011 21:41:06
748416,2012.PRES.HUNTSMAN,Jon Huntsman Jr to be elected President in 2012,5,3.2,May/02/2011 21:41:06
748416,2012.PRES.HUNTSMAN,Jon Huntsman Jr to be elected President in 2012,6,3.3,May/02/2011 21:41:06
748416,2012.PRES.HUNTSMAN,Jon Huntsman Jr to be elected President in 2012,7,3.4,May/02/2011 21:41:06
748416,2012.PRES.HUNTSMAN,Jon Huntsman Jr to be elected President in 2012,8,3.5,May/02/2011 21:41:06
748416,2012.PRES.HUNTSMAN,Jon Huntsman Jr to be elected President in 2012,9,3.6,May/02/2011 21:41:06
748416,2012.PRES.HUNTSMAN,Jon Huntsman Jr to be elected President in 2012,10,3.7,May/02/2011 21:41:06
748416,2012.PRES.HUNTSMAN,Jon Huntsman Jr to be elected President in 2012,11,3.8,May/02/2011 21:41:06
748416,2012.PRES.HUNTSMAN,Jon Huntsman Jr to be elected President in 2012,12,3.9,May/02/2011 21:41:06
748416,2012.PRES.HUNTSMAN,Jon Huntsman Jr to be elected President in 2012,16,3.2,May/02/2011 21:58:20
748416,2012.PRES.HUNTSMAN,Jon Huntsman Jr to be elected President in 2012,4,3.2,May/03/2011 14:15:06
748416,2012.PRES.HUNTSMAN,Jon Huntsman Jr to be elected President in 2012,10,4.5,May/03/2011 20:46:19
748416,2012.PRES.HUNTSMAN,Jon Huntsman Jr to be elected President in 2012,1,3.9,May/03/2011 20:46:19
748416,2012.PRES.HUNTSMAN,Jon Huntsman Jr to be elected President in 2012,1,3.5,May/03/2011 20:46:19
748416,2012.PRES.HUNTSMAN,Jon Huntsman Jr to be elected President in 2012,13,3.9,May/03/2011 20:46:19
748416,2012.PRES.HUNTSMAN,Jon Huntsman Jr to be elected President in 2012,4,3.5,May/03/2011 20:46:19
748416,2012.PRES.HUNTSMAN,Jon Huntsman Jr to be elected President in 2012,10,4.0,May/03/2011 20:46:19
748416,2012.PRES.HUNTSMAN,Jon Huntsman Jr to be elected President in 2012,2,3.2,May/03/2011 20:46:19
748416,2012.PRES.HUNTSMAN,Jon Huntsman Jr to be elected President in 2012,1,3.1,May/03/2011 20:46:19
748416,2012.PRES.HUNTSMAN,Jon Huntsman Jr to be elected President in 2012,23,3.2,May/03/2011 21:03:43
748416,2012.PRES.HUNTSMAN,Jon Huntsman Jr to be elected President in 2012,23,3.2,May/03/2011 21:04:45
748416,2012.PRES.HUNTSMAN,Jon Huntsman Jr to be elected President in 2012,17,3.2,May/03/2011 21:05:45
748416,2012.PRES.HUNTSMAN,Jon Huntsman Jr to be elected President in 2012,24,3.2,May/03/2011 21:06:55
748416,2012.PRES.HUNTSMAN,Jon Huntsman Jr to be elected President in 2012,24,3.2,May/03/2011 21:07:54
748416,2012.PRES.HUNTSMAN,Jon Huntsman Jr to be elected President in 2012,25,3.2,May/03/2011 21:08:52
748416,2012.PRES.HUNTSMAN,Jon Huntsman Jr to be elected President in 2012,19,3.2,May/03/2011 21:09:52
748416,2012.PRES.HUNTSMAN,Jon Huntsman Jr to be elected President in 2012,24,3.2,May/03/2011 21:11:03
748416,2012.PRES.HUNTSMAN,Jon Huntsman Jr to be elected President in 2012,18,3.2,May/03/2011 21:12:04
748416,2012.PRES.HUNTSMAN,Jon Huntsman Jr to be elected President in 2012,25,3.2,May/03/2011 21:13:04
748416,2012.PRES.HUNTSMAN,Jon Huntsman Jr to be elected President in 2012,1,4.8,May/03/2011 21:13:18
748416,2012.PRES.HUNTSMAN,Jon Huntsman Jr to be elected President in 2012,1,4.0,May/03/2011 21:13:18
748416,2012.PRES.HUNTSMAN,Jon Huntsman Jr to be elected President in 2012,1,3.5,May/03/2011 21:13:18
748416,2012.PRES.HUNTSMAN,Jon Huntsman Jr to be elected President in 2012,1,3.3,May/03/2011 21:13:18
748416,2012.PRES.HUNTSMAN,Jon Huntsman Jr to be elected President in 2012,100,4.0,May/04/2011 02:16:59
748416,2012.PRES.HUNTSMAN,Jon Huntsman Jr to be elected President in 2012,40,3.6,May/05/2011 16:25:32
748416,2012.PRES.HUNTSMAN,Jon Huntsman Jr to be elected President in 2012,31,3.7,May/06/2011 14:14:20
748416,2012.PRES.HUNTSMAN,Jon Huntsman Jr to be elected President in 2012,10,3.7,May/06/2011 14:39:21
748416,2012.PRES.HUNTSMAN,Jon Huntsman Jr to be elected President in 2012,10,3.7,May/06/2011 15:29:56
748416,2012.PRES.HUNTSMAN,Jon Huntsman Jr to be elected President in 2012,20,4.0,May/06/2011 16:06:28
748416,2012.PRES.HUNTSMAN,Jon Huntsman Jr to be elected President in 2012,15,3.9,May/06/2011 16:06:28
748416,2012.PRES.HUNTSMAN,Jon Huntsman Jr to be elected President in 2012,10,3.9,May/06/2011 16:06:28
748416,2012.PRES.HUNTSMAN,Jon Huntsman Jr to be elected President in 2012,19,3.9,May/06/2011 16:58:02
748416,2012.PRES.HUNTSMAN,Jon Huntsman Jr to be elected President in 2012,10,4.0,May/06/2011 17:29:28
748416,2012.PRES.HUNTSMAN,Jon Huntsman Jr to be elected President in 2012,10,4.0,May/06/2011 17:55:17
748416,2012.PRES.HUNTSMAN,Jon Huntsman Jr to be elected President in 2012,10,4.0,May/06/2011 19:55:18
748416,2012.PRES.HUNTSMAN,Jon Huntsman Jr to be elected President in 2012,10,4.0,May/06/2011 19:55:18
748416,2012.PRES.HUNTSMAN,Jon Huntsman Jr to be elected President in 2012,10,4.0,May/06/2011 19:55:18
748416,2012.PRES.HUNTSMAN,Jon Huntsman Jr to be elected President in 2012,40,3.9,May/06/2011 23:40:55
748416,2012.PRES.HUNTSMAN,Jon Huntsman Jr to be elected President in 2012,40,3.8,May/06/2011 23:40:55
748416,2012.PRES.HUNTSMAN,Jon Huntsman Jr to be elected President in 2012,10,3.8,May/06/2011 23:40:55
748416,2012.PRES.HUNTSMAN,Jon Huntsman Jr to be elected President in 2012,20,4.0,May/07/2011 17:20:10
748416,2012.PRES.HUNTSMAN,Jon Huntsman Jr to be elected President in 2012,20,3.9,May/07/2011 17:20:10
748416,2012.PRES.HUNTSMAN,Jon Huntsman Jr to be elected President in 2012,10,4.0,May/07/2011 17:20:10
748416,2012.PRES.HUNTSMAN,Jon Huntsman Jr to be elected President in 2012,10,4.0,May/07/2011 17:20:10
748416,2012.PRES.HUNTSMAN,Jon Huntsman Jr to be elected President in 2012,100,4.5,May/07/2011 19:33:07
748416,2012.PRES.HUNTSMAN,Jon Huntsman Jr to be elected President in 2012,10,4.3,May/07/2011 19:33:07
748416,2012.PRES.HUNTSMAN,Jon Huntsman Jr to be elected President in 2012,10,4.2,May/07/2011 19:33:07
748416,2012.PRES.HUNTSMAN,Jon Huntsman Jr to be elected President in 2012,50,4.1,May/07/2011 19:33:07
748416,2012.PRES.HUNTSMAN,Jon Huntsman Jr to be elected President in 2012,20,4.0,May/09/2011 00:42:35
748416,2012.PRES.HUNTSMAN,Jon Huntsman Jr to be elected President in 2012,10,4.0,May/09/2011 00:43:06
748416,2012.PRES.HUNTSMAN,Jon Huntsman Jr to be elected President in 2012,10,4.1,May/09/2011 03:29:31
748416,2012.PRES.HUNTSMAN,Jon Huntsman Jr to be elected President in 2012,10,4.1,May/09/2011 03:29:31
748416,2012.PRES.HUNTSMAN,Jon Huntsman Jr to be elected President in 2012,10,4.3,May/09/2011 13:54:32
748416,2012.PRES.HUNTSMAN,Jon Huntsman Jr to be elected President in 2012,10,4.4,May/09/2011 13:54:57
748416,2012.PRES.HUNTSMAN,Jon Huntsman Jr to be elected President in 2012,10,4.5,May/09/2011 13:55:13
748416,2012.PRES.HUNTSMAN,Jon Huntsman Jr to be elected President in 2012,4,4.8,May/09/2011 21:49:19
748416,2012.PRES.HUNTSMAN,Jon Huntsman Jr to be elected President in 2012,1,4.9,May/09/2011 21:49:19
748416,2012.PRES.HUNTSMAN,Jon Huntsman Jr to be elected President in 2012,2,5.0,May/09/2011 21:49:19
748416,2012.PRES.HUNTSMAN,Jon Huntsman Jr to be elected President in 2012,4,4.9,May/09/2011 21:49:19
748416,2012.PRES.HUNTSMAN,Jon Huntsman Jr to be elected President in 2012,4,5.0,May/09/2011 21:49:19
748416,2012.PRES.HUNTSMAN,Jon Huntsman Jr to be elected President in 2012,10,4.7,May/09/2011 21:49:19
748416,2012.PRES.HUNTSMAN,Jon Huntsman Jr to be elected President in 2012,20,5.0,May/10/2011 00:05:47
748416,2012.PRES.HUNTSMAN,Jon Huntsman Jr to be elected President in 2012,5,5.0,May/10/2011 05:53:39
748416,2012.PRES.HUNTSMAN,Jon Huntsman Jr to be elected President in 2012,3,5.1,May/10/2011 13:07:00
748416,2012.PRES.HUNTSMAN,Jon Huntsman Jr to be elected President in 2012,4,5.1,May/10/2011 13:07:00
748416,2012.PRES.HUNTSMAN,Jon Huntsman Jr to be elected President in 2012,10,5.1,May/10/2011 13:07:00
748416,2012.PRES.HUNTSMAN,Jon Huntsman Jr to be elected President in 2012,35,5.1,May/10/2011 16:39:57
748416,2012.PRES.HUNTSMAN,Jon Huntsman Jr to be elected President in 2012,4,5.2,May/10/2011 17:54:39
748416,2012.PRES.HUNTSMAN,Jon Huntsman Jr to be elected President in 2012,4,5.2,May/10/2011 17:54:39
748416,2012.PRES.HUNTSMAN,Jon Huntsman Jr to be elected President in 2012,10,5.2,May/10/2011 17:54:39
748416,2012.PRES.HUNTSMAN,Jon Huntsman Jr to be elected President in 2012,5,5.3,May/10/2011 17:54:47
748416,2012.PRES.HUNTSMAN,Jon Huntsman Jr to be elected President in 2012,4,5.3,May/10/2011 17:54:47
748416,2012.PRES.HUNTSMAN,Jon Huntsman Jr to be elected President in 2012,10,5.3,May/10/2011 17:54:47
748416,2012.PRES.HUNTSMAN,Jon Huntsman Jr to be elected President in 2012,6,5.4,May/10/2011 17:55:03
748416,2012.PRES.HUNTSMAN,Jon Huntsman Jr to be elected President in 2012,4,5.4,May/10/2011 17:55:03
748416,2012.PRES.HUNTSMAN,Jon Huntsman Jr to be elected President in 2012,7,5.5,May/10/2011 17:55:19
748416,2012.PRES.HUNTSMAN,Jon Huntsman Jr to be elected President in 2012,4,5.5,May/10/2011 17:55:19
748416,2012.PRES.HUNTSMAN,Jon Huntsman Jr to be elected President in 2012,2,5.2,May/10/2011 21:27:21
748416,2012.PRES.HUNTSMAN,Jon Huntsman Jr to be elected President in 2012,10,5.2,May/10/2011 21:45:21
748416,2012.PRES.HUNTSMAN,Jon Huntsman Jr to be elected President in 2012,1,5.3,May/11/2011 08:22:02
748416,2012.PRES.HUNTSMAN,Jon Huntsman Jr to be elected President in 2012,2,5.4,May/11/2011 08:22:02
748416,2012.PRES.HUNTSMAN,Jon Huntsman Jr to be elected President in 2012,8,5.3,May/11/2011 08:22:02
748416,2012.PRES.HUNTSMAN,Jon Huntsman Jr to be elected President in 2012,10,5.4,May/11/2011 08:22:02
748416,2012.PRES.HUNTSMAN,Jon Huntsman Jr to be elected President in 2012,10,5.6,May/11/2011 08:22:14
748416,2012.PRES.HUNTSMAN,Jon Huntsman Jr to be elected President in 2012,3,5.5,May/11/2011 08:22:14
748416,2012.PRES.HUNTSMAN,Jon Huntsman Jr to be elected President in 2012,4,5.6,May/11/2011 08:22:14
748416,2012.PRES.HUNTSMAN,Jon Huntsman Jr to be elected President in 2012,10,5.5,May/11/2011 08:22:14
748416,2012.PRES.HUNTSMAN,Jon Huntsman Jr to be elected President in 2012,5,5.7,May/11/2011 08:22:23
748416,2012.PRES.HUNTSMAN,Jon Huntsman Jr to be elected President in 2012,6,5.8,May/11/2011 08:22:23
748416,2012.PRES.HUNTSMAN,Jon Huntsman Jr to be elected President in 2012,10,5.7,May/11/2011 08:22:23
748416,2012.PRES.HUNTSMAN,Jon Huntsman Jr to be elected President in 2012,10,6.0,May/11/2011 08:22:39
748416,2012.PRES.HUNTSMAN,Jon Huntsman Jr to be elected President in 2012,10,5.9,May/11/2011 08:22:39
748416,2012.PRES.HUNTSMAN,Jon Huntsman Jr to be elected President in 2012,7,5.9,May/11/2011 08:22:39
748416,2012.PRES.HUNTSMAN,Jon Huntsman Jr to be elected President in 2012,8,6.0,May/11/2011 08:22:39
748416,2012.PRES.HUNTSMAN,Jon Huntsman Jr to be elected President in 2012,10,5.9,May/11/2011 08:22:39
748416,2012.PRES.HUNTSMAN,Jon Huntsman Jr to be elected President in 2012,10,6.0,May/11/2011 08:22:39
748416,2012.PRES.HUNTSMAN,Jon Huntsman Jr to be elected President in 2012,10,5.6,May/12/2011 14:27:58
748416,2012.PRES.HUNTSMAN,Jon Huntsman Jr to be elected President in 2012,5,5.7,May/13/2011 09:15:05
748416,2012.PRES.HUNTSMAN,Jon Huntsman Jr to be elected President in 2012,10,5.7,May/13/2011 14:06:22
748416,2012.PRES.HUNTSMAN,Jon Huntsman Jr to be elected President in 2012,190,5.2,May/13/2011 17:28:18
748416,2012.PRES.HUNTSMAN,Jon Huntsman Jr to be elected President in 2012,10,5.0,May/13/2011 18:11:38
748416,2012.PRES.HUNTSMAN,Jon Huntsman Jr to be elected President in 2012,1,5.1,May/13/2011 18:16:11
748416,2012.PRES.HUNTSMAN,Jon Huntsman Jr to be elected President in 2012,9,5.1,May/13/2011 21:02:18
748416,2012.PRES.HUNTSMAN,Jon Huntsman Jr to be elected President in 2012,10,5.1,May/13/2011 22:27:40
748416,2012.PRES.HUNTSMAN,Jon Huntsman Jr to be elected President in 2012,50,5.1,May/13/2011 23:53:33
748416,2012.PRES.HUNTSMAN,Jon Huntsman Jr to be elected President in 2012,10,5.1,May/14/2011 03:41:28
748416,2012.PRES.HUNTSMAN,Jon Huntsman Jr to be elected President in 2012,10,6.0,May/15/2011 01:01:39
748416,2012.PRES.HUNTSMAN,Jon Huntsman Jr to be elected President in 2012,10,5.9,May/15/2011 01:01:39
748416,2012.PRES.HUNTSMAN,Jon Huntsman Jr to be elected President in 2012,10,6.0,May/15/2011 01:01:39
748416,2012.PRES.HUNTSMAN,Jon Huntsman Jr to be elected President in 2012,10,5.9,May/15/2011 01:01:39
748416,2012.PRES.HUNTSMAN,Jon Huntsman Jr to be elected President in 2012,10,6.0,May/15/2011 01:01:39
748416,2012.PRES.HUNTSMAN,Jon Huntsman Jr to be elected President in 2012,10,5.8,May/15/2011 01:01:39
748416,2012.PRES.HUNTSMAN,Jon Huntsman Jr to be elected President in 2012,10,5.7,May/15/2011 01:01:39
748416,2012.PRES.HUNTSMAN,Jon Huntsman Jr to be elected President in 2012,10,5.4,May/15/2011 01:01:39
748416,2012.PRES.HUNTSMAN,Jon Huntsman Jr to be elected President in 2012,10,5.4,May/15/2011 01:01:39
748416,2012.PRES.HUNTSMAN,Jon Huntsman Jr to be elected President in 2012,10,5.3,May/15/2011 01:01:39
748416,2012.PRES.HUNTSMAN,Jon Huntsman Jr to be elected President in 2012,1,5.8,May/15/2011 01:01:39
748416,2012.PRES.HUNTSMAN,Jon Huntsman Jr to be elected President in 2012,10,5.9,May/15/2011 01:01:39
748416,2012.PRES.HUNTSMAN,Jon Huntsman Jr to be elected President in 2012,10,5.2,May/15/2011 01:01:39
748416,2012.PRES.HUNTSMAN,Jon Huntsman Jr to be elected President in 2012,10,5.5,May/15/2011 01:01:39
748416,2012.PRES.HUNTSMAN,Jon Huntsman Jr to be elected President in 2012,10,5.6,May/15/2011 01:01:39
748416,2012.PRES.HUNTSMAN,Jon Huntsman Jr to be elected President in 2012,10,5.2,May/15/2011 01:01:39
748416,2012.PRES.HUNTSMAN,Jon Huntsman Jr to be elected President in 2012,10,5.9,May/15/2011 01:01:39
748416,2012.PRES.HUNTSMAN,Jon Huntsman Jr to be elected President in 2012,1,5.3,May/15/2011 12:08:02
748416,2012.PRES.HUNTSMAN,Jon Huntsman Jr to be elected President in 2012,1,5.3,May/15/2011 12:08:02
748416,2012.PRES.HUNTSMAN,Jon Huntsman Jr to be elected President in 2012,2,5.4,May/15/2011 12:08:58
748416,2012.PRES.HUNTSMAN,Jon Huntsman Jr to be elected President in 2012,3,5.5,May/15/2011 12:08:58
748416,2012.PRES.HUNTSMAN,Jon Huntsman Jr to be elected President in 2012,4,5.6,May/15/2011 12:08:58
748416,2012.PRES.HUNTSMAN,Jon Huntsman Jr to be elected President in 2012,2,5.4,May/15/2011 12:08:58
748416,2012.PRES.HUNTSMAN,Jon Huntsman Jr to be elected President in 2012,3,5.5,May/15/2011 12:08:58
748416,2012.PRES.HUNTSMAN,Jon Huntsman Jr to be elected President in 2012,4,5.6,May/15/2011 12:08:58
748416,2012.PRES.HUNTSMAN,Jon Huntsman Jr to be elected President in 2012,10,5.6,May/15/2011 16:22:34
748416,2012.PRES.HUNTSMAN,Jon Huntsman Jr to be elected President in 2012,30,5.6,May/15/2011 18:54:54
748416,2012.PRES.HUNTSMAN,Jon Huntsman Jr to be elected President in 2012,42,5.6,May/15/2011 18:57:54
748416,2012.PRES.HUNTSMAN,Jon Huntsman Jr to be elected President in 2012,10,5.5,May/16/2011 01:46:55
748416,2012.PRES.HUNTSMAN,Jon Huntsman Jr to be elected President in 2012,10,5.5,May/16/2011 01:48:45
748416,2012.PRES.HUNTSMAN,Jon Huntsman Jr to be elected President in 2012,10,5.5,May/16/2011 01:51:35
748416,2012.PRES.HUNTSMAN,Jon Huntsman Jr to be elected President in 2012,10,5.5,May/16/2011 01:53:40
748416,2012.PRES.HUNTSMAN,Jon Huntsman Jr to be elected President in 2012,10,5.5,May/16/2011 04:14:56
748416,2012.PRES.HUNTSMAN,Jon Huntsman Jr to be elected President in 2012,200,5.5,May/16/2011 14:12:27
748416,2012.PRES.HUNTSMAN,Jon Huntsman Jr to be elected President in 2012,10,5.5,May/16/2011 16:17:30
748416,2012.PRES.HUNTSMAN,Jon Huntsman Jr to be elected President in 2012,169,5.5,May/16/2011 16:51:14
748416,2012.PRES.HUNTSMAN,Jon Huntsman Jr to be elected President in 2012,5,5.7,May/16/2011 19:44:56
748416,2012.PRES.HUNTSMAN,Jon Huntsman Jr to be elected President in 2012,5,5.7,May/16/2011 19:44:56
748416,2012.PRES.HUNTSMAN,Jon Huntsman Jr to be elected President in 2012,8,5.6,May/16/2011 19:44:56
748416,2012.PRES.HUNTSMAN,Jon Huntsman Jr to be elected President in 2012,10,5.6,May/16/2011 19:44:56
748416,2012.PRES.HUNTSMAN,Jon Huntsman Jr to be elected President in 2012,10,5.7,May/16/2011 19:44:56
748416,2012.PRES.HUNTSMAN,Jon Huntsman Jr to be elected President in 2012,11,5.8,May/16/2011 19:44:56
748416,2012.PRES.HUNTSMAN,Jon Huntsman Jr to be elected President in 2012,6,5.8,May/16/2011 19:44:56
748416,2012.PRES.HUNTSMAN,Jon Huntsman Jr to be elected President in 2012,6,5.8,May/16/2011 19:44:56
748416,2012.PRES.HUNTSMAN,Jon Huntsman Jr to be elected President in 2012,10,5.8,May/16/2011 19:44:56
748416,2012.PRES.HUNTSMAN,Jon Huntsman Jr to be elected President in 2012,5,5.4,May/16/2011 22:33:20
748416,2012.PRES.HUNTSMAN,Jon Huntsman Jr to be elected President in 2012,25,5.4,May/16/2011 22:36:30
748416,2012.PRES.HUNTSMAN,Jon Huntsman Jr to be elected President in 2012,11,5.4,May/16/2011 22:53:50
748416,2012.PRES.HUNTSMAN,Jon Huntsman Jr to be elected President in 2012,1,5.5,May/17/2011 04:08:21
748416,2012.PRES.HUNTSMAN,Jon Huntsman Jr to be elected President in 2012,4,5.5,May/17/2011 11:41:57
748416,2012.PRES.HUNTSMAN,Jon Huntsman Jr to be elected President in 2012,9,5.5,May/17/2011 11:41:57
748416,2012.PRES.HUNTSMAN,Jon Huntsman Jr to be elected President in 2012,10,5.5,May/17/2011 11:41:57
748416,2012.PRES.HUNTSMAN,Jon Huntsman Jr to be elected President in 2012,10,5.6,May/17/2011 13:44:41
748416,2012.PRES.HUNTSMAN,Jon Huntsman Jr to be elected President in 2012,5,5.6,May/17/2011 13:44:41
748416,2012.PRES.HUNTSMAN,Jon Huntsman Jr to be elected President in 2012,5,5.6,May/17/2011 17:26:12
748416,2012.PRES.HUNTSMAN,Jon Huntsman Jr to be elected President in 2012,5,5.6,May/17/2011 18:43:48
748416,2012.PRES.HUNTSMAN,Jon Huntsman Jr to be elected President in 2012,7,5.9,May/18/2011 07:04:21
748416,2012.PRES.HUNTSMAN,Jon Huntsman Jr to be elected President in 2012,8,6.0,May/18/2011 07:04:21
748416,2012.PRES.HUNTSMAN,Jon Huntsman Jr to be elected President in 2012,9,6.1,May/18/2011 07:04:21
748416,2012.PRES.HUNTSMAN,Jon Huntsman Jr to be elected President in 2012,10,6.2,May/18/2011 07:04:21
748416,2012.PRES.HUNTSMAN,Jon Huntsman Jr to be elected President in 2012,10,6.0,May/18/2011 07:04:21
748416,2012.PRES.HUNTSMAN,Jon Huntsman Jr to be elected President in 2012,10,5.8,May/18/2011 07:04:21
748416,2012.PRES.HUNTSMAN,Jon Huntsman Jr to be elected President in 2012,15,5.7,May/18/2011 07:04:21
748416,2012.PRES.HUNTSMAN,Jon Huntsman Jr to be elected President in 2012,20,5.8,May/18/2011 07:04:21
748416,2012.PRES.HUNTSMAN,Jon Huntsman Jr to be elected President in 2012,25,5.9,May/18/2011 07:04:21
748416,2012.PRES.HUNTSMAN,Jon Huntsman Jr to be elected President in 2012,30,6.0,May/18/2011 07:04:21
748416,2012.PRES.HUNTSMAN,Jon Huntsman Jr to be elected President in 2012,35,6.1,May/18/2011 07:04:21
748416,2012.PRES.HUNTSMAN,Jon Huntsman Jr to be elected President in 2012,35,6.2,May/18/2011 07:04:21
748416,2012.PRES.HUNTSMAN,Jon Huntsman Jr to be elected President in 2012,5,5.8,May/18/2011 07:04:21
748416,2012.PRES.HUNTSMAN,Jon Huntsman Jr to be elected President in 2012,3,5.7,May/18/2011 07:04:21
748416,2012.PRES.HUNTSMAN,Jon Huntsman Jr to be elected President in 2012,5,5.9,May/18/2011 07:04:21
748416,2012.PRES.HUNTSMAN,Jon Huntsman Jr to be elected President in 2012,5,6.0,May/18/2011 07:04:21
748416,2012.PRES.HUNTSMAN,Jon Huntsman Jr to be elected President in 2012,5,6.1,May/18/2011 07:04:21
748416,2012.PRES.HUNTSMAN,Jon Huntsman Jr to be elected President in 2012,10,5.7,May/20/2011 22:01:43
748416,2012.PRES.HUNTSMAN,Jon Huntsman Jr to be elected President in 2012,5,5.7,May/20/2011 22:01:43
748416,2012.PRES.HUNTSMAN,Jon Huntsman Jr to be elected President in 2012,10,5.7,May/20/2011 22:01:43
748416,2012.PRES.HUNTSMAN,Jon Huntsman Jr to be elected President in 2012,5,5.4,May/22/2011 13:32:20
748416,2012.PRES.HUNTSMAN,Jon Huntsman Jr to be elected President in 2012,10,5.9,May/22/2011 13:50:44
748416,2012.PRES.HUNTSMAN,Jon Huntsman Jr to be elected President in 2012,30,6.0,May/22/2011 13:50:44
748416,2012.PRES.HUNTSMAN,Jon Huntsman Jr to be elected President in 2012,10,5.9,May/22/2011 13:50:44
748416,2012.PRES.HUNTSMAN,Jon Huntsman Jr to be elected President in 2012,10,6.0,May/22/2011 13:50:44
748416,2012.PRES.HUNTSMAN,Jon Huntsman Jr to be elected President in 2012,10,5.8,May/22/2011 13:50:44
748416,2012.PRES.HUNTSMAN,Jon Huntsman Jr to be elected President in 2012,10,5.8,May/22/2011 13:50:44
748416,2012.PRES.HUNTSMAN,Jon Huntsman Jr to be elected President in 2012,10,5.9,May/22/2011 13:50:44
748416,2012.PRES.HUNTSMAN,Jon Huntsman Jr to be elected President in 2012,10,6.0,May/22/2011 13:50:44
748416,2012.PRES.HUNTSMAN,Jon Huntsman Jr to be elected President in 2012,50,5.7,May/22/2011 13:50:44
748416,2012.PRES.HUNTSMAN,Jon Huntsman Jr to be elected President in 2012,10,5.6,May/22/2011 13:50:44
748416,2012.PRES.HUNTSMAN,Jon Huntsman Jr to be elected President in 2012,30,5.6,May/22/2011 13:50:44
748416,2012.PRES.HUNTSMAN,Jon Huntsman Jr to be elected President in 2012,10,5.5,May/22/2011 13:50:44
748416,2012.PRES.HUNTSMAN,Jon Huntsman Jr to be elected President in 2012,5,5.9,May/22/2011 13:50:44
748416,2012.PRES.HUNTSMAN,Jon Huntsman Jr to be elected President in 2012,5,6.0,May/22/2011 13:50:44
748416,2012.PRES.HUNTSMAN,Jon Huntsman Jr to be elected President in 2012,20,5.9,May/22/2011 13:50:44
748416,2012.PRES.HUNTSMAN,Jon Huntsman Jr to be elected President in 2012,5,5.5,May/22/2011 13:50:44
748416,2012.PRES.HUNTSMAN,Jon Huntsman Jr to be elected President in 2012,5,5.6,May/22/2011 13:50:44
748416,2012.PRES.HUNTSMAN,Jon Huntsman Jr to be elected President in 2012,7,5.7,May/22/2011 13:50:44
748416,2012.PRES.HUNTSMAN,Jon Huntsman Jr to be elected President in 2012,8,5.8,May/22/2011 13:50:44
748416,2012.PRES.HUNTSMAN,Jon Huntsman Jr to be elected President in 2012,9,5.9,May/22/2011 13:50:44
748416,2012.PRES.HUNTSMAN,Jon Huntsman Jr to be elected President in 2012,10,6.0,May/22/2011 13:50:44
748416,2012.PRES.HUNTSMAN,Jon Huntsman Jr to be elected President in 2012,2,6.2,May/22/2011 18:11:54
748416,2012.PRES.HUNTSMAN,Jon Huntsman Jr to be elected President in 2012,10,6.1,May/22/2011 18:11:54
748416,2012.PRES.HUNTSMAN,Jon Huntsman Jr to be elected President in 2012,10,6.2,May/22/2011 18:11:54
748416,2012.PRES.HUNTSMAN,Jon Huntsman Jr to be elected President in 2012,10,6.1,May/22/2011 18:11:54
748416,2012.PRES.HUNTSMAN,Jon Huntsman Jr to be elected President in 2012,5,6.1,May/22/2011 18:11:54
748416,2012.PRES.HUNTSMAN,Jon Huntsman Jr to be elected President in 2012,5,6.2,May/22/2011 18:11:54
748416,2012.PRES.HUNTSMAN,Jon Huntsman Jr to be elected President in 2012,5,6.3,May/22/2011 18:11:54
748416,2012.PRES.HUNTSMAN,Jon Huntsman Jr to be elected President in 2012,11,6.1,May/22/2011 18:11:54
748416,2012.PRES.HUNTSMAN,Jon Huntsman Jr to be elected President in 2012,12,6.2,May/22/2011 18:11:54
748416,2012.PRES.HUNTSMAN,Jon Huntsman Jr to be elected President in 2012,13,6.3,May/22/2011 18:11:54
748416,2012.PRES.HUNTSMAN,Jon Huntsman Jr to be elected President in 2012,14,6.4,May/22/2011 18:11:54
748416,2012.PRES.HUNTSMAN,Jon Huntsman Jr to be elected President in 2012,10,6.0,May/22/2011 18:11:54
748416,2012.PRES.HUNTSMAN,Jon Huntsman Jr to be elected President in 2012,10,7.0,May/22/2011 18:38:14
748416,2012.PRES.HUNTSMAN,Jon Huntsman Jr to be elected President in 2012,15,6.5,May/22/2011 18:38:14
748416,2012.PRES.HUNTSMAN,Jon Huntsman Jr to be elected President in 2012,16,6.6,May/22/2011 18:38:14
748416,2012.PRES.HUNTSMAN,Jon Huntsman Jr to be elected President in 2012,17,6.7,May/22/2011 18:38:14
748416,2012.PRES.HUNTSMAN,Jon Huntsman Jr to be elected President in 2012,18,6.8,May/22/2011 18:38:14
748416,2012.PRES.HUNTSMAN,Jon Huntsman Jr to be elected President in 2012,19,6.9,May/22/2011 18:38:14
748416,2012.PRES.HUNTSMAN,Jon Huntsman Jr to be elected President in 2012,5,7.0,May/22/2011 18:38:14
748416,2012.PRES.HUNTSMAN,Jon Huntsman Jr to be elected President in 2012,15,7.0,May/22/2011 18:40:19
748416,2012.PRES.HUNTSMAN,Jon Huntsman Jr to be elected President in 2012,20,7.1,May/22/2011 18:40:19
748416,2012.PRES.HUNTSMAN,Jon Huntsman Jr to be elected President in 2012,21,7.2,May/22/2011 18:40:19
748416,2012.PRES.HUNTSMAN,Jon Huntsman Jr to be elected President in 2012,22,7.3,May/22/2011 18:40:19
748416,2012.PRES.HUNTSMAN,Jon Huntsman Jr to be elected President in 2012,23,7.4,May/22/2011 18:40:48
748416,2012.PRES.HUNTSMAN,Jon Huntsman Jr to be elected President in 2012,24,7.5,May/22/2011 18:40:48
748416,2012.PRES.HUNTSMAN,Jon Huntsman Jr to be elected President in 2012,25,7.6,May/22/2011 18:40:48
748416,2012.PRES.HUNTSMAN,Jon Huntsman Jr to be elected President in 2012,26,7.7,May/22/2011 18:40:48
748416,2012.PRES.HUNTSMAN,Jon Huntsman Jr to be elected President in 2012,10,8.0,May/22/2011 18:41:28
748416,2012.PRES.HUNTSMAN,Jon Huntsman Jr to be elected President in 2012,27,7.8,May/22/2011 18:41:28
748416,2012.PRES.HUNTSMAN,Jon Huntsman Jr to be elected President in 2012,1,7.5,May/23/2011 10:11:26
748416,2012.PRES.HUNTSMAN,Jon Huntsman Jr to be elected President in 2012,2,6.5,May/25/2011 00:07:07
748416,2012.PRES.HUNTSMAN,Jon Huntsman Jr to be elected President in 2012,1,6.5,May/25/2011 01:51:16
748416,2012.PRES.HUNTSMAN,Jon Huntsman Jr to be elected President in 2012,2,6.5,May/25/2011 05:33:21
748416,2012.PRES.HUNTSMAN,Jon Huntsman Jr to be elected President in 2012,5,6.6,May/25/2011 11:53:02
748416,2012.PRES.HUNTSMAN,Jon Huntsman Jr to be elected President in 2012,5,6.7,May/25/2011 11:53:02
748416,2012.PRES.HUNTSMAN,Jon Huntsman Jr to be elected President in 2012,3,6.9,May/25/2011 11:53:02
748416,2012.PRES.HUNTSMAN,Jon Huntsman Jr to be elected President in 2012,5,6.8,May/25/2011 11:53:02
748416,2012.PRES.HUNTSMAN,Jon Huntsman Jr to be elected President in 2012,2,6.8,May/25/2011 11:53:02
748416,2012.PRES.HUNTSMAN,Jon Huntsman Jr to be elected President in 2012,8,6.9,May/25/2011 11:54:54
748416,2012.PRES.HUNTSMAN,Jon Huntsman Jr to be elected President in 2012,5,6.9,May/25/2011 11:54:54
748416,2012.PRES.HUNTSMAN,Jon Huntsman Jr to be elected President in 2012,1,6.9,May/25/2011 11:54:54
748416,2012.PRES.HUNTSMAN,Jon Huntsman Jr to be elected President in 2012,6,7.0,May/25/2011 11:55:22
748416,2012.PRES.HUNTSMAN,Jon Huntsman Jr to be elected President in 2012,10,6.9,May/25/2011 14:22:03
748416,2012.PRES.HUNTSMAN,Jon Huntsman Jr to be elected President in 2012,2,6.9,May/25/2011 16:15:23
748416,2012.PRES.HUNTSMAN,Jon Huntsman Jr to be elected President in 2012,2,6.9,May/25/2011 17:17:21
748416,2012.PRES.HUNTSMAN,Jon Huntsman Jr to be elected President in 2012,1,6.9,May/25/2011 18:16:32
748416,2012.PRES.HUNTSMAN,Jon Huntsman Jr to be elected President in 2012,5,6.8,May/26/2011 11:30:55
748416,2012.PRES.HUNTSMAN,Jon Huntsman Jr to be elected President in 2012,4,7.0,May/26/2011 14:17:43
748416,2012.PRES.HUNTSMAN,Jon Huntsman Jr to be elected President in 2012,10,7.1,May/26/2011 14:17:43
748416,2012.PRES.HUNTSMAN,Jon Huntsman Jr to be elected President in 2012,5,7.0,May/26/2011 14:17:43
748416,2012.PRES.HUNTSMAN,Jon Huntsman Jr to be elected President in 2012,6,7.1,May/26/2011 14:17:43
748416,2012.PRES.HUNTSMAN,Jon Huntsman Jr to be elected President in 2012,2,7.0,May/26/2011 14:17:43
748416,2012.PRES.HUNTSMAN,Jon Huntsman Jr to be elected President in 2012,3,7.1,May/26/2011 14:17:43
748416,2012.PRES.HUNTSMAN,Jon Huntsman Jr to be elected President in 2012,2,7.0,May/26/2011 14:17:43
748416,2012.PRES.HUNTSMAN,Jon Huntsman Jr to be elected President in 2012,10,6.9,May/26/2011 14:17:43
748416,2012.PRES.HUNTSMAN,Jon Huntsman Jr to be elected President in 2012,30,6.9,May/26/2011 14:17:43
748416,2012.PRES.HUNTSMAN,Jon Huntsman Jr to be elected President in 2012,30,7.0,May/26/2011 14:17:43
748416,2012.PRES.HUNTSMAN,Jon Huntsman Jr to be elected President in 2012,30,7.1,May/26/2011 14:17:43
748416,2012.PRES.HUNTSMAN,Jon Huntsman Jr to be elected President in 2012,10,6.9,May/26/2011 14:17:43
748416,2012.PRES.HUNTSMAN,Jon Huntsman Jr to be elected President in 2012,10,7.0,May/26/2011 20:31:49
748416,2012.PRES.HUNTSMAN,Jon Huntsman Jr to be elected President in 2012,10,7.0,May/30/2011 12:11:16
748416,2012.PRES.HUNTSMAN,Jon Huntsman Jr to be elected President in 2012,10,6.9,May/30/2011 12:11:16
748416,2012.PRES.HUNTSMAN,Jon Huntsman Jr to be elected President in 2012,10,7.3,May/30/2011 12:53:37
748416,2012.PRES.HUNTSMAN,Jon Huntsman Jr to be elected President in 2012,10,7.5,May/30/2011 12:53:37
748416,2012.PRES.HUNTSMAN,Jon Huntsman Jr to be elected President in 2012,5,7.4,May/30/2011 12:53:37
748416,2012.PRES.HUNTSMAN,Jon Huntsman Jr to be elected President in 2012,10,7.1,May/30/2011 12:53:37
748416,2012.PRES.HUNTSMAN,Jon Huntsman Jr to be elected President in 2012,5,7.4,May/30/2011 12:53:37
748416,2012.PRES.HUNTSMAN,Jon Huntsman Jr to be elected President in 2012,10,7.2,May/30/2011 12:53:37
748416,2012.PRES.HUNTSMAN,Jon Huntsman Jr to be elected President in 2012,5,7.5,May/30/2011 12:53:37
748416,2012.PRES.HUNTSMAN,Jon Huntsman Jr to be elected President in 2012,5,7.6,May/30/2011 12:53:37
748416,2012.PRES.HUNTSMAN,Jon Huntsman Jr to be elected President in 2012,5,7.5,May/30/2011 12:53:37
748416,2012.PRES.HUNTSMAN,Jon Huntsman Jr to be elected President in 2012,5,7.6,May/30/2011 12:53:37
748416,2012.PRES.HUNTSMAN,Jon Huntsman Jr to be elected President in 2012,5,7.7,May/30/2011 12:53:37
748416,2012.PRES.HUNTSMAN,Jon Huntsman Jr to be elected President in 2012,10,7.8,May/30/2011 12:53:37
748416,2012.PRES.HUNTSMAN,Jon Huntsman Jr to be elected President in 2012,4,7.8,May/30/2011 12:53:37
748416,2012.PRES.HUNTSMAN,Jon Huntsman Jr to be elected President in 2012,1,7.8,May/30/2011 12:53:37
748416,2012.PRES.HUNTSMAN,Jon Huntsman Jr to be elected President in 2012,40,7.8,May/30/2011 12:53:37
748416,2012.PRES.HUNTSMAN,Jon Huntsman Jr to be elected President in 2012,5,7.8,May/30/2011 12:53:37
748416,2012.PRES.HUNTSMAN,Jon Huntsman Jr to be elected President in 2012,1,7.4,Jun/01/2011 01:55:42
748416,2012.PRES.HUNTSMAN,Jon Huntsman Jr to be elected President in 2012,28,7.2,Jun/01/2011 01:55:56
748416,2012.PRES.HUNTSMAN,Jon Huntsman Jr to be elected President in 2012,21,7.1,Jun/01/2011 01:56:09
748416,2012.PRES.HUNTSMAN,Jon Huntsman Jr to be elected President in 2012,30,7.1,Jun/01/2011 04:16:05
748416,2012.PRES.HUNTSMAN,Jon Huntsman Jr to be elected President in 2012,5,7.1,Jun/01/2011 04:21:27
748416,2012.PRES.HUNTSMAN,Jon Huntsman Jr to be elected President in 2012,7,7.2,Jun/01/2011 14:27:21
748416,2012.PRES.HUNTSMAN,Jon Huntsman Jr to be elected President in 2012,15,7.2,Jun/01/2011 22:14:34
748416,2012.PRES.HUNTSMAN,Jon Huntsman Jr to be elected President in 2012,5,7.2,Jun/02/2011 14:52:05
748416,2012.PRES.HUNTSMAN,Jon Huntsman Jr to be elected President in 2012,5,7.2,Jun/02/2011 15:44:03
748416,2012.PRES.HUNTSMAN,Jon Huntsman Jr to be elected President in 2012,10,7.2,Jun/02/2011 18:39:29
748416,2012.PRES.HUNTSMAN,Jon Huntsman Jr to be elected President in 2012,25,7.2,Jun/02/2011 23:21:47
748416,2012.PRES.HUNTSMAN,Jon Huntsman Jr to be elected President in 2012,11,7.2,Jun/02/2011 23:46:30
748416,2012.PRES.HUNTSMAN,Jon Huntsman Jr to be elected President in 2012,20,7.2,Jun/03/2011 13:39:46
748416,2012.PRES.HUNTSMAN,Jon Huntsman Jr to be elected President in 2012,23,7.1,Jun/03/2011 22:48:14
748416,2012.PRES.HUNTSMAN,Jon Huntsman Jr to be elected President in 2012,2,7.2,Jun/03/2011 22:48:14
748416,2012.PRES.HUNTSMAN,Jon Huntsman Jr to be elected President in 2012,33,7.2,Jun/03/2011 22:48:14
748416,2012.PRES.HUNTSMAN,Jon Huntsman Jr to be elected President in 2012,4,7.1,Jun/03/2011 22:50:17
748416,2012.PRES.HUNTSMAN,Jon Huntsman Jr to be elected President in 2012,2,7.1,Jun/03/2011 22:50:46
748416,2012.PRES.HUNTSMAN,Jon Huntsman Jr to be elected President in 2012,3,7.1,Jun/04/2011 06:42:04
748416,2012.PRES.HUNTSMAN,Jon Huntsman Jr to be elected President in 2012,7,7.1,Jun/04/2011 06:45:22
748416,2012.PRES.HUNTSMAN,Jon Huntsman Jr to be elected President in 2012,7,7.1,Jun/04/2011 06:53:20
748416,2012.PRES.HUNTSMAN,Jon Huntsman Jr to be elected President in 2012,17,7.1,Jun/04/2011 06:53:49
748416,2012.PRES.HUNTSMAN,Jon Huntsman Jr to be elected President in 2012,3,7.1,Jun/04/2011 06:58:41
748416,2012.PRES.HUNTSMAN,Jon Huntsman Jr to be elected President in 2012,12,7.1,Jun/04/2011 14:27:37
748416,2012.PRES.HUNTSMAN,Jon Huntsman Jr to be elected President in 2012,12,7.1,Jun/04/2011 18:44:23
748416,2012.PRES.HUNTSMAN,Jon Huntsman Jr to be elected President in 2012,1,7.1,Jun/04/2011 18:47:46
748416,2012.PRES.HUNTSMAN,Jon Huntsman Jr to be elected President in 2012,10,7.5,Jun/04/2011 19:01:14
748416,2012.PRES.HUNTSMAN,Jon Huntsman Jr to be elected President in 2012,1,7.3,Jun/04/2011 19:01:14
748416,2012.PRES.HUNTSMAN,Jon Huntsman Jr to be elected President in 2012,2,7.4,Jun/04/2011 19:01:14
748416,2012.PRES.HUNTSMAN,Jon Huntsman Jr to be elected President in 2012,3,7.5,Jun/04/2011 19:01:14
748416,2012.PRES.HUNTSMAN,Jon Huntsman Jr to be elected President in 2012,1,7.2,Jun/04/2011 19:01:14
748416,2012.PRES.HUNTSMAN,Jon Huntsman Jr to be elected President in 2012,2,7.3,Jun/04/2011 19:01:14
748416,2012.PRES.HUNTSMAN,Jon Huntsman Jr to be elected President in 2012,3,7.4,Jun/04/2011 19:01:14
748416,2012.PRES.HUNTSMAN,Jon Huntsman Jr to be elected President in 2012,3,7.5,Jun/04/2011 19:01:14
748416,2012.PRES.HUNTSMAN,Jon Huntsman Jr to be elected President in 2012,1,7.5,Jun/04/2011 21:54:28
748416,2012.PRES.HUNTSMAN,Jon Huntsman Jr to be elected President in 2012,87,7.5,Jun/05/2011 16:50:15
748416,2012.PRES.HUNTSMAN,Jon Huntsman Jr to be elected President in 2012,10,7.4,Jun/06/2011 02:52:10
748416,2012.PRES.HUNTSMAN,Jon Huntsman Jr to be elected President in 2012,1,7.3,Jun/06/2011 12:30:48
748416,2012.PRES.HUNTSMAN,Jon Huntsman Jr to be elected President in 2012,4,7.1,Jun/06/2011 12:30:48
748416,2012.PRES.HUNTSMAN,Jon Huntsman Jr to be elected President in 2012,16,7.2,Jun/06/2011 22:20:54
748416,2012.PRES.HUNTSMAN,Jon Huntsman Jr to be elected President in 2012,5,7.1,Jun/06/2011 22:26:58
748416,2012.PRES.HUNTSMAN,Jon Huntsman Jr to be elected President in 2012,9,7.2,Jun/06/2011 22:26:58
748416,2012.PRES.HUNTSMAN,Jon Huntsman Jr to be elected President in 2012,13,7.1,Jun/06/2011 22:31:04
748416,2012.PRES.HUNTSMAN,Jon Huntsman Jr to be elected President in 2012,2,7.1,Jun/06/2011 22:31:22
748416,2012.PRES.HUNTSMAN,Jon Huntsman Jr to be elected President in 2012,1,7.1,Jun/06/2011 22:31:38
748416,2012.PRES.HUNTSMAN,Jon Huntsman Jr to be elected President in 2012,3,7.1,Jun/06/2011 22:36:48
748416,2012.PRES.HUNTSMAN,Jon Huntsman Jr to be elected President in 2012,20,7.2,Jun/07/2011 11:57:06
748416,2012.PRES.HUNTSMAN,Jon Huntsman Jr to be elected President in 2012,10,7.2,Jun/07/2011 13:11:24
748416,2012.PRES.HUNTSMAN,Jon Huntsman Jr to be elected President in 2012,20,7.2,Jun/07/2011 21:26:58
748416,2012.PRES.HUNTSMAN,Jon Huntsman Jr to be elected President in 2012,1,7.2,Jun/07/2011 22:30:41
748416,2012.PRES.HUNTSMAN,Jon Huntsman Jr to be elected President in 2012,19,7.2,Jun/08/2011 04:45:58
748416,2012.PRES.HUNTSMAN,Jon Huntsman Jr to be elected President in 2012,20,7.0,Jun/08/2011 04:50:14
748416,2012.PRES.HUNTSMAN,Jon Huntsman Jr to be elected President in 2012,10,7.0,Jun/08/2011 09:55:35
748416,2012.PRES.HUNTSMAN,Jon Huntsman Jr to be elected President in 2012,1,7.1,Jun/08/2011 20:46:50
748416,2012.PRES.HUNTSMAN,Jon Huntsman Jr to be elected President in 2012,200,7.0,Jun/09/2011 01:02:53
748416,2012.PRES.HUNTSMAN,Jon Huntsman Jr to be elected President in 2012,1,6.6,Jun/09/2011 11:29:57
748416,2012.PRES.HUNTSMAN,Jon Huntsman Jr to be elected President in 2012,9,6.5,Jun/09/2011 11:30:15
748416,2012.PRES.HUNTSMAN,Jon Huntsman Jr to be elected President in 2012,10,6.6,Jun/09/2011 14:40:22
748416,2012.PRES.HUNTSMAN,Jon Huntsman Jr to be elected President in 2012,5,6.6,Jun/09/2011 15:40:32
748416,2012.PRES.HUNTSMAN,Jon Huntsman Jr to be elected President in 2012,100,6.5,Jun/11/2011 13:07:44
748416,2012.PRES.HUNTSMAN,Jon Huntsman Jr to be elected President in 2012,1,6.6,Jun/11/2011 13:53:55
748416,2012.PRES.HUNTSMAN,Jon Huntsman Jr to be elected President in 2012,12,6.5,Jun/11/2011 14:03:21
748416,2012.PRES.HUNTSMAN,Jon Huntsman Jr to be elected President in 2012,3,6.6,Jun/11/2011 16:02:50
748416,2012.PRES.HUNTSMAN,Jon Huntsman Jr to be elected President in 2012,2,6.5,Jun/11/2011 16:45:22
748416,2012.PRES.HUNTSMAN,Jon Huntsman Jr to be elected President in 2012,1,6.5,Jun/11/2011 16:48:25
748416,2012.PRES.HUNTSMAN,Jon Huntsman Jr to be elected President in 2012,10,6.4,Jun/11/2011 16:53:19
748416,2012.PRES.HUNTSMAN,Jon Huntsman Jr to be elected President in 2012,1,6.4,Jun/11/2011 16:54:44
748416,2012.PRES.HUNTSMAN,Jon Huntsman Jr to be elected President in 2012,10,6.4,Jun/11/2011 19:26:57
748416,2012.PRES.HUNTSMAN,Jon Huntsman Jr to be elected President in 2012,10,6.4,Jun/11/2011 21:15:03
748416,2012.PRES.HUNTSMAN,Jon Huntsman Jr to be elected President in 2012,1,6.5,Jun/12/2011 10:35:31
748416,2012.PRES.HUNTSMAN,Jon Huntsman Jr to be elected President in 2012,2,6.5,Jun/12/2011 10:41:58
748416,2012.PRES.HUNTSMAN,Jon Huntsman Jr to be elected President in 2012,10,6.4,Jun/12/2011 20:52:07
748416,2012.PRES.HUNTSMAN,Jon Huntsman Jr to be elected President in 2012,20,6.4,Jun/12/2011 20:59:44
748416,2012.PRES.HUNTSMAN,Jon Huntsman Jr to be elected President in 2012,1,6.4,Jun/12/2011 22:18:26
748416,2012.PRES.HUNTSMAN,Jon Huntsman Jr to be elected President in 2012,4,6.5,Jun/13/2011 02:33:55
748416,2012.PRES.HUNTSMAN,Jon Huntsman Jr to be elected President in 2012,10,6.5,Jun/13/2011 02:33:55
748416,2012.PRES.HUNTSMAN,Jon Huntsman Jr to be elected President in 2012,10,6.4,Jun/14/2011 00:33:45
748416,2012.PRES.HUNTSMAN,Jon Huntsman Jr to be elected President in 2012,111,6.4,Jun/14/2011 01:02:46
748416,2012.PRES.HUNTSMAN,Jon Huntsman Jr to be elected President in 2012,10,6.4,Jun/14/2011 01:30:13
748416,2012.PRES.HUNTSMAN,Jon Huntsman Jr to be elected President in 2012,2,5.4,Jun/14/2011 02:26:37
748416,2012.PRES.HUNTSMAN,Jon Huntsman Jr to be elected President in 2012,6,6.6,Jun/14/2011 20:11:35
748416,2012.PRES.HUNTSMAN,Jon Huntsman Jr to be elected President in 2012,11,6.7,Jun/14/2011 20:11:35
748416,2012.PRES.HUNTSMAN,Jon Huntsman Jr to be elected President in 2012,5,6.6,Jun/14/2011 20:11:35
748416,2012.PRES.HUNTSMAN,Jon Huntsman Jr to be elected President in 2012,6,6.7,Jun/14/2011 20:11:35
748416,2012.PRES.HUNTSMAN,Jon Huntsman Jr to be elected President in 2012,10,6.5,Jun/14/2011 20:11:35
748416,2012.PRES.HUNTSMAN,Jon Huntsman Jr to be elected President in 2012,10,6.4,Jun/14/2011 20:11:35
748416,2012.PRES.HUNTSMAN,Jon Huntsman Jr to be elected President in 2012,13,6.7,Jun/14/2011 20:11:35
748416,2012.PRES.HUNTSMAN,Jon Huntsman Jr to be elected President in 2012,10,6.8,Jun/14/2011 20:12:17
748416,2012.PRES.HUNTSMAN,Jon Huntsman Jr to be elected President in 2012,10,6.9,Jun/14/2011 20:12:17
748416,2012.PRES.HUNTSMAN,Jon Huntsman Jr to be elected President in 2012,7,6.8,Jun/14/2011 20:12:17
748416,2012.PRES.HUNTSMAN,Jon Huntsman Jr to be elected President in 2012,8,6.9,Jun/14/2011 20:12:17
748416,2012.PRES.HUNTSMAN,Jon Huntsman Jr to be elected President in 2012,100,6.8,Jun/14/2011 20:12:17
748416,2012.PRES.HUNTSMAN,Jon Huntsman Jr to be elected President in 2012,10,5.6,Jun/18/2011 04:27:09
748416,2012.PRES.HUNTSMAN,Jon Huntsman Jr to be elected President in 2012,5,5.7,Jun/18/2011 18:03:37
748416,2012.PRES.HUNTSMAN,Jon Huntsman Jr to be elected President in 2012,20,5.7,Jun/18/2011 20:29:51
748416,2012.PRES.HUNTSMAN,Jon Huntsman Jr to be elected President in 2012,75,5.7,Jun/19/2011 02:53:00
748416,2012.PRES.HUNTSMAN,Jon Huntsman Jr to be elected President in 2012,1,5.5,Jun/21/2011 03:55:33
748416,2012.PRES.HUNTSMAN,Jon Huntsman Jr to be elected President in 2012,10,6.3,Jun/21/2011 10:08:21
748416,2012.PRES.HUNTSMAN,Jon Huntsman Jr to be elected President in 2012,10,6.3,Jun/21/2011 10:08:21
748416,2012.PRES.HUNTSMAN,Jon Huntsman Jr to be elected President in 2012,10,6.0,Jun/21/2011 10:08:21
748416,2012.PRES.HUNTSMAN,Jon Huntsman Jr to be elected President in 2012,10,5.9,Jun/21/2011 10:08:21
748416,2012.PRES.HUNTSMAN,Jon Huntsman Jr to be elected President in 2012,10,6.0,Jun/21/2011 10:08:21
748416,2012.PRES.HUNTSMAN,Jon Huntsman Jr to be elected President in 2012,1,5.9,Jun/22/2011 10:10:26
748416,2012.PRES.HUNTSMAN,Jon Huntsman Jr to be elected President in 2012,2,6.0,Jun/22/2011 10:10:50
748416,2012.PRES.HUNTSMAN,Jon Huntsman Jr to be elected President in 2012,40,5.3,Jun/22/2011 19:02:49
748416,2012.PRES.HUNTSMAN,Jon Huntsman Jr to be elected President in 2012,99,5.5,Jun/22/2011 19:02:49
748416,2012.PRES.HUNTSMAN,Jon Huntsman Jr to be elected President in 2012,10,6.3,Jun/23/2011 14:21:28
748416,2012.PRES.HUNTSMAN,Jon Huntsman Jr to be elected President in 2012,3,6.1,Jun/23/2011 14:21:28
748416,2012.PRES.HUNTSMAN,Jon Huntsman Jr to be elected President in 2012,3,6.2,Jun/23/2011 14:21:28
748416,2012.PRES.HUNTSMAN,Jon Huntsman Jr to be elected President in 2012,10,6.0,Jun/23/2011 14:21:28
748416,2012.PRES.HUNTSMAN,Jon Huntsman Jr to be elected President in 2012,1,5.9,Jun/23/2011 14:21:28
748416,2012.PRES.HUNTSMAN,Jon Huntsman Jr to be elected President in 2012,2,6.0,Jun/23/2011 14:21:28
748416,2012.PRES.HUNTSMAN,Jon Huntsman Jr to be elected President in 2012,3,6.1,Jun/23/2011 14:21:28
748416,2012.PRES.HUNTSMAN,Jon Huntsman Jr to be elected President in 2012,4,6.2,Jun/23/2011 14:21:28
748416,2012.PRES.HUNTSMAN,Jon Huntsman Jr to be elected President in 2012,10,7.0,Jun/23/2011 14:21:28
748416,2012.PRES.HUNTSMAN,Jon Huntsman Jr to be elected President in 2012,10,6.9,Jun/23/2011 14:21:28
748416,2012.PRES.HUNTSMAN,Jon Huntsman Jr to be elected President in 2012,10,6.7,Jun/23/2011 14:21:28
748416,2012.PRES.HUNTSMAN,Jon Huntsman Jr to be elected President in 2012,10,6.5,Jun/23/2011 14:21:28
748416,2012.PRES.HUNTSMAN,Jon Huntsman Jr to be elected President in 2012,6,7.0,Jun/23/2011 14:21:28
748416,2012.PRES.HUNTSMAN,Jon Huntsman Jr to be elected President in 2012,10,6.4,Jun/23/2011 14:21:28
748416,2012.PRES.HUNTSMAN,Jon Huntsman Jr to be elected President in 2012,10,6.5,Jun/23/2011 14:21:28
748416,2012.PRES.HUNTSMAN,Jon Huntsman Jr to be elected President in 2012,10,6.5,Jun/23/2011 14:21:28
748416,2012.PRES.HUNTSMAN,Jon Huntsman Jr to be elected President in 2012,3,6.3,Jun/23/2011 14:21:28
748416,2012.PRES.HUNTSMAN,Jon Huntsman Jr to be elected President in 2012,3,6.4,Jun/23/2011 14:21:28
748416,2012.PRES.HUNTSMAN,Jon Huntsman Jr to be elected President in 2012,40,6.9,Jun/23/2011 14:21:28
748416,2012.PRES.HUNTSMAN,Jon Huntsman Jr to be elected President in 2012,40,6.8,Jun/23/2011 14:21:28
748416,2012.PRES.HUNTSMAN,Jon Huntsman Jr to be elected President in 2012,2,6.3,Jun/23/2011 14:21:28
748416,2012.PRES.HUNTSMAN,Jon Huntsman Jr to be elected President in 2012,100,6.2,Jun/24/2011 09:53:59
748416,2012.PRES.HUNTSMAN,Jon Huntsman Jr to be elected President in 2012,4,5.0,Jun/24/2011 20:22:14
748416,2012.PRES.HUNTSMAN,Jon Huntsman Jr to be elected President in 2012,1,5.1,Jun/24/2011 20:22:14
748416,2012.PRES.HUNTSMAN,Jon Huntsman Jr to be elected President in 2012,5,5.1,Jun/24/2011 20:22:14
748416,2012.PRES.HUNTSMAN,Jon Huntsman Jr to be elected President in 2012,1,5.0,Jun/25/2011 12:11:28
748416,2012.PRES.HUNTSMAN,Jon Huntsman Jr to be elected President in 2012,5,5.0,Jun/25/2011 13:28:06
748416,2012.PRES.HUNTSMAN,Jon Huntsman Jr to be elected President in 2012,19,4.3,Jun/26/2011 19:17:04
748416,2012.PRES.HUNTSMAN,Jon Huntsman Jr to be elected President in 2012,1,4.4,Jun/26/2011 19:17:04
748416,2012.PRES.HUNTSMAN,Jon Huntsman Jr to be elected President in 2012,20,4.4,Jun/26/2011 19:17:04
748416,2012.PRES.HUNTSMAN,Jon Huntsman Jr to be elected President in 2012,101,4.1,Jun/26/2011 22:31:40
748416,2012.PRES.HUNTSMAN,Jon Huntsman Jr to be elected President in 2012,10,3.9,Jun/27/2011 02:51:41
748416,2012.PRES.HUNTSMAN,Jon Huntsman Jr to be elected President in 2012,10,4.2,Jun/27/2011 02:51:45
748416,2012.PRES.HUNTSMAN,Jon Huntsman Jr to be elected President in 2012,1,4.9,Jun/27/2011 02:51:49
748416,2012.PRES.HUNTSMAN,Jon Huntsman Jr to be elected President in 2012,1,4.9,Jun/27/2011 02:51:53
748416,2012.PRES.HUNTSMAN,Jon Huntsman Jr to be elected President in 2012,1,4.9,Jun/27/2011 02:51:58
748416,2012.PRES.HUNTSMAN,Jon Huntsman Jr to be elected President in 2012,1,4.9,Jun/27/2011 02:52:02
748416,2012.PRES.HUNTSMAN,Jon Huntsman Jr to be elected President in 2012,1,4.9,Jun/27/2011 02:52:06
748416,2012.PRES.HUNTSMAN,Jon Huntsman Jr to be elected President in 2012,1,3.9,Jun/27/2011 22:05:36
748416,2012.PRES.HUNTSMAN,Jon Huntsman Jr to be elected President in 2012,5,4.0,Jun/27/2011 22:05:36
748416,2012.PRES.HUNTSMAN,Jon Huntsman Jr to be elected President in 2012,5,4.0,Jun/27/2011 23:12:55
748416,2012.PRES.HUNTSMAN,Jon Huntsman Jr to be elected President in 2012,5,4.0,Jun/28/2011 03:40:47
748416,2012.PRES.HUNTSMAN,Jon Huntsman Jr to be elected President in 2012,10,4.0,Jun/28/2011 03:40:47
748416,2012.PRES.HUNTSMAN,Jon Huntsman Jr to be elected President in 2012,10,4.0,Jun/29/2011 01:02:31
748416,2012.PRES.HUNTSMAN,Jon Huntsman Jr to be elected President in 2012,10,4.0,Jun/29/2011 01:02:31
748416,2012.PRES.HUNTSMAN,Jon Huntsman Jr to be elected President in 2012,2,3.7,Jun/29/2011 07:54:59
748416,2012.PRES.HUNTSMAN,Jon Huntsman Jr to be elected President in 2012,15,3.7,Jun/29/2011 18:29:12
748416,2012.PRES.HUNTSMAN,Jon Huntsman Jr to be elected President in 2012,10,4.0,Jun/30/2011 15:51:27
748416,2012.PRES.HUNTSMAN,Jon Huntsman Jr to be elected President in 2012,10,4.0,Jun/30/2011 15:51:27
748416,2012.PRES.HUNTSMAN,Jon Huntsman Jr to be elected President in 2012,10,4.0,Jun/30/2011 23:01:55
748416,2012.PRES.HUNTSMAN,Jon Huntsman Jr to be elected President in 2012,10,4.0,Jun/30/2011 23:01:55
748416,2012.PRES.HUNTSMAN,Jon Huntsman Jr to be elected President in 2012,29,3.7,Jul/01/2011 07:22:49
748416,2012.PRES.HUNTSMAN,Jon Huntsman Jr to be elected President in 2012,1,3.2,Jul/01/2011 17:17:47
748416,2012.PRES.HUNTSMAN,Jon Huntsman Jr to be elected President in 2012,3,3.2,Jul/01/2011 17:18:24
748416,2012.PRES.HUNTSMAN,Jon Huntsman Jr to be elected President in 2012,1,3.2,Jul/01/2011 17:18:38
748416,2012.PRES.HUNTSMAN,Jon Huntsman Jr to be elected President in 2012,2,3.2,Jul/01/2011 17:18:50
748416,2012.PRES.HUNTSMAN,Jon Huntsman Jr to be elected President in 2012,1,3.3,Jul/01/2011 17:19:00
748416,2012.PRES.HUNTSMAN,Jon Huntsman Jr to be elected President in 2012,1,3.2,Jul/02/2011 15:52:51
748416,2012.PRES.HUNTSMAN,Jon Huntsman Jr to be elected President in 2012,1,3.3,Jul/02/2011 15:52:51
748416,2012.PRES.HUNTSMAN,Jon Huntsman Jr to be elected President in 2012,5,3.2,Jul/02/2011 15:53:32
748416,2012.PRES.HUNTSMAN,Jon Huntsman Jr to be elected President in 2012,10,3.6,Jul/02/2011 19:00:23
748416,2012.PRES.HUNTSMAN,Jon Huntsman Jr to be elected President in 2012,11,3.7,Jul/02/2011 19:04:55
748416,2012.PRES.HUNTSMAN,Jon Huntsman Jr to be elected President in 2012,10,3.8,Jul/02/2011 19:05:15
748416,2012.PRES.HUNTSMAN,Jon Huntsman Jr to be elected President in 2012,10,3.8,Jul/02/2011 19:05:15
748416,2012.PRES.HUNTSMAN,Jon Huntsman Jr to be elected President in 2012,10,3.8,Jul/02/2011 19:05:15
748416,2012.PRES.HUNTSMAN,Jon Huntsman Jr to be elected President in 2012,10,3.9,Jul/02/2011 19:05:45
748416,2012.PRES.HUNTSMAN,Jon Huntsman Jr to be elected President in 2012,78,3.9,Jul/02/2011 19:05:45
748416,2012.PRES.HUNTSMAN,Jon Huntsman Jr to be elected President in 2012,10,3.9,Jul/02/2011 19:05:45
748416,2012.PRES.HUNTSMAN,Jon Huntsman Jr to be elected President in 2012,1,3.3,Jul/02/2011 20:01:27
748416,2012.PRES.HUNTSMAN,Jon Huntsman Jr to be elected President in 2012,10,3.3,Jul/02/2011 20:01:50
748416,2012.PRES.HUNTSMAN,Jon Huntsman Jr to be elected President in 2012,1,3.3,Jul/02/2011 20:01:57
748416,2012.PRES.HUNTSMAN,Jon Huntsman Jr to be elected President in 2012,2,3.3,Jul/02/2011 20:02:08
748416,2012.PRES.HUNTSMAN,Jon Huntsman Jr to be elected President in 2012,10,3.3,Jul/02/2011 20:02:26
748416,2012.PRES.HUNTSMAN,Jon Huntsman Jr to be elected President in 2012,1,3.3,Jul/02/2011 20:02:33
748416,2012.PRES.HUNTSMAN,Jon Huntsman Jr to be elected President in 2012,4,3.2,Jul/02/2011 20:02:49
748416,2012.PRES.HUNTSMAN,Jon Huntsman Jr to be elected President in 2012,6,3.3,Jul/02/2011 20:02:49
748416,2012.PRES.HUNTSMAN,Jon Huntsman Jr to be elected President in 2012,1,3.3,Jul/03/2011 00:10:25
748416,2012.PRES.HUNTSMAN,Jon Huntsman Jr to be elected President in 2012,10,3.3,Jul/04/2011 00:02:27
748416,2012.PRES.HUNTSMAN,Jon Huntsman Jr to be elected President in 2012,20,3.8,Jul/05/2011 23:38:44
748416,2012.PRES.HUNTSMAN,Jon Huntsman Jr to be elected President in 2012,10,3.7,Jul/05/2011 23:38:44
748416,2012.PRES.HUNTSMAN,Jon Huntsman Jr to be elected President in 2012,10,3.7,Jul/05/2011 23:38:44
748416,2012.PRES.HUNTSMAN,Jon Huntsman Jr to be elected President in 2012,10,3.6,Jul/05/2011 23:38:44
748416,2012.PRES.HUNTSMAN,Jon Huntsman Jr to be elected President in 2012,10,3.7,Jul/06/2011 14:40:04
748416,2012.PRES.HUNTSMAN,Jon Huntsman Jr to be elected President in 2012,10,3.7,Jul/07/2011 01:11:36
748416,2012.PRES.HUNTSMAN,Jon Huntsman Jr to be elected President in 2012,10,3.7,Jul/07/2011 01:11:36
748416,2012.PRES.HUNTSMAN,Jon Huntsman Jr to be elected President in 2012,5,3.7,Jul/07/2011 01:11:36
748416,2012.PRES.HUNTSMAN,Jon Huntsman Jr to be elected President in 2012,10,3.6,Jul/10/2011 15:10:49
748416,2012.PRES.HUNTSMAN,Jon Huntsman Jr to be elected President in 2012,2,3.4,Jul/11/2011 14:38:22
748416,2012.PRES.HUNTSMAN,Jon Huntsman Jr to be elected President in 2012,1,3.4,Jul/11/2011 14:39:53
748416,2012.PRES.HUNTSMAN,Jon Huntsman Jr to be elected President in 2012,10,3.7,Jul/11/2011 22:04:54
748416,2012.PRES.HUNTSMAN,Jon Huntsman Jr to be elected President in 2012,10,3.7,Jul/11/2011 22:04:54
748416,2012.PRES.HUNTSMAN,Jon Huntsman Jr to be elected President in 2012,5,3.7,Jul/11/2011 22:04:54
748416,2012.PRES.HUNTSMAN,Jon Huntsman Jr to be elected President in 2012,25,3.7,Jul/11/2011 22:04:54
748416,2012.PRES.HUNTSMAN,Jon Huntsman Jr to be elected President in 2012,10,3.8,Jul/12/2011 01:32:49
748416,2012.PRES.HUNTSMAN,Jon Huntsman Jr to be elected President in 2012,10,3.8,Jul/12/2011 01:32:49
748416,2012.PRES.HUNTSMAN,Jon Huntsman Jr to be elected President in 2012,10,3.8,Jul/12/2011 01:32:49
748416,2012.PRES.HUNTSMAN,Jon Huntsman Jr to be elected President in 2012,1,3.4,Jul/12/2011 02:19:49
748416,2012.PRES.HUNTSMAN,Jon Huntsman Jr to be elected President in 2012,29,3.4,Jul/12/2011 02:19:49
748416,2012.PRES.HUNTSMAN,Jon Huntsman Jr to be elected President in 2012,10,3.5,Jul/13/2011 05:22:06
748416,2012.PRES.HUNTSMAN,Jon Huntsman Jr to be elected President in 2012,10,3.5,Jul/13/2011 15:31:17
748416,2012.PRES.HUNTSMAN,Jon Huntsman Jr to be elected President in 2012,10,3.5,Jul/13/2011 17:01:21
748416,2012.PRES.HUNTSMAN,Jon Huntsman Jr to be elected President in 2012,30,3.5,Jul/14/2011 18:49:13
748416,2012.PRES.HUNTSMAN,Jon Huntsman Jr to be elected President in 2012,10,3.8,Jul/14/2011 18:58:03
748416,2012.PRES.HUNTSMAN,Jon Huntsman Jr to be elected President in 2012,10,3.7,Jul/14/2011 18:58:03
748416,2012.PRES.HUNTSMAN,Jon Huntsman Jr to be elected President in 2012,10,3.6,Jul/14/2011 18:58:03
748416,2012.PRES.HUNTSMAN,Jon Huntsman Jr to be elected President in 2012,10,3.7,Jul/14/2011 18:58:03
748416,2012.PRES.HUNTSMAN,Jon Huntsman Jr to be elected President in 2012,5,3.6,Jul/14/2011 18:58:03
748416,2012.PRES.HUNTSMAN,Jon Huntsman Jr to be elected President in 2012,30,4.0,Jul/14/2011 18:59:36
748416,2012.PRES.HUNTSMAN,Jon Huntsman Jr to be elected President in 2012,10,3.9,Jul/14/2011 18:59:36
748416,2012.PRES.HUNTSMAN,Jon Huntsman Jr to be elected President in 2012,10,3.9,Jul/14/2011 18:59:36
748416,2012.PRES.HUNTSMAN,Jon Huntsman Jr to be elected President in 2012,5,3.9,Jul/14/2011 21:57:40
748416,2012.PRES.HUNTSMAN,Jon Huntsman Jr to be elected President in 2012,5,3.9,Jul/14/2011 22:04:19
748416,2012.PRES.HUNTSMAN,Jon Huntsman Jr to be elected President in 2012,10,3.6,Jul/15/2011 04:33:51
748416,2012.PRES.HUNTSMAN,Jon Huntsman Jr to be elected President in 2012,5,3.7,Jul/15/2011 04:34:09
748416,2012.PRES.HUNTSMAN,Jon Huntsman Jr to be elected President in 2012,10,3.5,Jul/15/2011 21:35:49
748416,2012.PRES.HUNTSMAN,Jon Huntsman Jr to be elected President in 2012,10,3.5,Jul/16/2011 03:05:34
748416,2012.PRES.HUNTSMAN,Jon Huntsman Jr to be elected President in 2012,80,3.5,Jul/16/2011 14:13:22
748416,2012.PRES.HUNTSMAN,Jon Huntsman Jr to be elected President in 2012,20,3.3,Jul/16/2011 14:13:43
748416,2012.PRES.HUNTSMAN,Jon Huntsman Jr to be elected President in 2012,80,3.2,Jul/16/2011 14:13:48
748416,2012.PRES.HUNTSMAN,Jon Huntsman Jr to be elected President in 2012,60,3.2,Jul/16/2011 14:13:53
748416,2012.PRES.HUNTSMAN,Jon Huntsman Jr to be elected President in 2012,40,3.2,Jul/16/2011 14:13:59
748416,2012.PRES.HUNTSMAN,Jon Huntsman Jr to be elected President in 2012,20,3.2,Jul/16/2011 14:14:04
748416,2012.PRES.HUNTSMAN,Jon Huntsman Jr to be elected President in 2012,30,3.2,Jul/16/2011 14:14:09
748416,2012.PRES.HUNTSMAN,Jon Huntsman Jr to be elected President in 2012,40,3.2,Jul/16/2011 14:14:13
748416,2012.PRES.HUNTSMAN,Jon Huntsman Jr to be elected President in 2012,30,3.2,Jul/16/2011 14:14:22
748416,2012.PRES.HUNTSMAN,Jon Huntsman Jr to be elected President in 2012,20,3.2,Jul/16/2011 14:14:27
748416,2012.PRES.HUNTSMAN,Jon Huntsman Jr to be elected President in 2012,15,3.2,Jul/16/2011 14:14:33
748416,2012.PRES.HUNTSMAN,Jon Huntsman Jr to be elected President in 2012,10,3.2,Jul/16/2011 14:14:36
748416,2012.PRES.HUNTSMAN,Jon Huntsman Jr to be elected President in 2012,5,3.2,Jul/16/2011 14:14:44
748416,2012.PRES.HUNTSMAN,Jon Huntsman Jr to be elected President in 2012,1,3.2,Jul/16/2011 14:14:47
748416,2012.PRES.HUNTSMAN,Jon Huntsman Jr to be elected President in 2012,1,3.2,Jul/16/2011 14:14:52
748416,2012.PRES.HUNTSMAN,Jon Huntsman Jr to be elected President in 2012,1,3.2,Jul/16/2011 14:16:20
748416,2012.PRES.HUNTSMAN,Jon Huntsman Jr to be elected President in 2012,1,3.6,Jul/16/2011 14:16:24
748416,2012.PRES.HUNTSMAN,Jon Huntsman Jr to be elected President in 2012,1,3.6,Jul/16/2011 14:16:29
748416,2012.PRES.HUNTSMAN,Jon Huntsman Jr to be elected President in 2012,1,3.6,Jul/16/2011 14:16:51
748416,2012.PRES.HUNTSMAN,Jon Huntsman Jr to be elected President in 2012,1,3.6,Jul/16/2011 14:17:01
748416,2012.PRES.HUNTSMAN,Jon Huntsman Jr to be elected President in 2012,1,3.6,Jul/16/2011 14:17:12
748416,2012.PRES.HUNTSMAN,Jon Huntsman Jr to be elected President in 2012,30,3.2,Jul/16/2011 16:28:53
748416,2012.PRES.HUNTSMAN,Jon Huntsman Jr to be elected President in 2012,1,3.2,Jul/16/2011 17:54:37
748416,2012.PRES.HUNTSMAN,Jon Huntsman Jr to be elected President in 2012,1,3.2,Jul/17/2011 23:08:45
748416,2012.PRES.HUNTSMAN,Jon Huntsman Jr to be elected President in 2012,10,3.2,Jul/17/2011 23:10:33
748416,2012.PRES.HUNTSMAN,Jon Huntsman Jr to be elected President in 2012,10,3.2,Jul/17/2011 23:38:08
748416,2012.PRES.HUNTSMAN,Jon Huntsman Jr to be elected President in 2012,10,3.2,Jul/18/2011 02:12:46
748416,2012.PRES.HUNTSMAN,Jon Huntsman Jr to be elected President in 2012,10,3.2,Jul/18/2011 02:23:14
748416,2012.PRES.HUNTSMAN,Jon Huntsman Jr to be elected President in 2012,43,3.2,Jul/18/2011 07:17:10
748416,2012.PRES.HUNTSMAN,Jon Huntsman Jr to be elected President in 2012,20,3.1,Jul/18/2011 07:17:26
748416,2012.PRES.HUNTSMAN,Jon Huntsman Jr to be elected President in 2012,47,3.0,Jul/18/2011 07:19:04
748416,2012.PRES.HUNTSMAN,Jon Huntsman Jr to be elected President in 2012,1,3.3,Jul/18/2011 12:28:29
748416,2012.PRES.HUNTSMAN,Jon Huntsman Jr to be elected President in 2012,15,3.6,Jul/19/2011 20:52:10
748416,2012.PRES.HUNTSMAN,Jon Huntsman Jr to be elected President in 2012,135,3.6,Jul/19/2011 20:52:10
748416,2012.PRES.HUNTSMAN,Jon Huntsman Jr to be elected President in 2012,9,3.3,Jul/19/2011 20:52:10
748416,2012.PRES.HUNTSMAN,Jon Huntsman Jr to be elected President in 2012,10,3.4,Jul/19/2011 20:52:10
748416,2012.PRES.HUNTSMAN,Jon Huntsman Jr to be elected President in 2012,10,3.5,Jul/19/2011 20:52:10
748416,2012.PRES.HUNTSMAN,Jon Huntsman Jr to be elected President in 2012,10,3.5,Jul/19/2011 20:52:10
748416,2012.PRES.HUNTSMAN,Jon Huntsman Jr to be elected President in 2012,10,3.3,Jul/19/2011 20:52:10
748416,2012.PRES.HUNTSMAN,Jon Huntsman Jr to be elected President in 2012,10,3.4,Jul/19/2011 20:52:10
748416,2012.PRES.HUNTSMAN,Jon Huntsman Jr to be elected President in 2012,10,3.5,Jul/19/2011 20:52:10
748416,2012.PRES.HUNTSMAN,Jon Huntsman Jr to be elected President in 2012,84,3.5,Jul/19/2011 20:52:10
748416,2012.PRES.HUNTSMAN,Jon Huntsman Jr to be elected President in 2012,56,3.4,Jul/19/2011 20:52:10
748416,2012.PRES.HUNTSMAN,Jon Huntsman Jr to be elected President in 2012,10,3.1,Jul/19/2011 22:23:53
748416,2012.PRES.HUNTSMAN,Jon Huntsman Jr to be elected President in 2012,10,3.6,Jul/20/2011 16:08:59
748416,2012.PRES.HUNTSMAN,Jon Huntsman Jr to be elected President in 2012,10,3.7,Jul/20/2011 16:08:59
748416,2012.PRES.HUNTSMAN,Jon Huntsman Jr to be elected President in 2012,10,3.9,Jul/20/2011 16:56:18
748416,2012.PRES.HUNTSMAN,Jon Huntsman Jr to be elected President in 2012,10,3.9,Jul/20/2011 16:56:18
748416,2012.PRES.HUNTSMAN,Jon Huntsman Jr to be elected President in 2012,10,3.9,Jul/20/2011 16:59:20
748416,2012.PRES.HUNTSMAN,Jon Huntsman Jr to be elected President in 2012,5,3.5,Jul/20/2011 21:09:23
748416,2012.PRES.HUNTSMAN,Jon Huntsman Jr to be elected President in 2012,5,3.4,Jul/20/2011 21:09:23
748416,2012.PRES.HUNTSMAN,Jon Huntsman Jr to be elected President in 2012,1,3.4,Jul/20/2011 21:37:00
748416,2012.PRES.HUNTSMAN,Jon Huntsman Jr to be elected President in 2012,2,3.3,Jul/21/2011 00:58:30
748416,2012.PRES.HUNTSMAN,Jon Huntsman Jr to be elected President in 2012,3,3.4,Jul/21/2011 14:38:01
748416,2012.PRES.HUNTSMAN,Jon Huntsman Jr to be elected President in 2012,7,3.4,Jul/21/2011 15:02:12
748416,2012.PRES.HUNTSMAN,Jon Huntsman Jr to be elected President in 2012,5,3.3,Jul/21/2011 15:32:49
748416,2012.PRES.HUNTSMAN,Jon Huntsman Jr to be elected President in 2012,5,3.3,Jul/21/2011 15:32:49
748416,2012.PRES.HUNTSMAN,Jon Huntsman Jr to be elected President in 2012,3,3.2,Jul/21/2011 15:35:18
748416,2012.PRES.HUNTSMAN,Jon Huntsman Jr to be elected President in 2012,2,3.2,Jul/21/2011 15:35:49
748416,2012.PRES.HUNTSMAN,Jon Huntsman Jr to be elected President in 2012,2,3.2,Jul/21/2011 15:37:15
748416,2012.PRES.HUNTSMAN,Jon Huntsman Jr to be elected President in 2012,3,3.2,Jul/21/2011 15:37:41
748416,2012.PRES.HUNTSMAN,Jon Huntsman Jr to be elected President in 2012,5,3.2,Jul/21/2011 15:37:41
748416,2012.PRES.HUNTSMAN,Jon Huntsman Jr to be elected President in 2012,3,3.2,Jul/21/2011 15:39:09
748416,2012.PRES.HUNTSMAN,Jon Huntsman Jr to be elected President in 2012,7,3.2,Jul/21/2011 15:39:09
748416,2012.PRES.HUNTSMAN,Jon Huntsman Jr to be elected President in 2012,3,3.2,Jul/21/2011 15:42:18
748416,2012.PRES.HUNTSMAN,Jon Huntsman Jr to be elected President in 2012,5,3.2,Jul/21/2011 15:42:18
748416,2012.PRES.HUNTSMAN,Jon Huntsman Jr to be elected President in 2012,5,3.2,Jul/21/2011 20:03:49
748416,2012.PRES.HUNTSMAN,Jon Huntsman Jr to be elected President in 2012,5,3.1,Jul/21/2011 20:09:56
748416,2012.PRES.HUNTSMAN,Jon Huntsman Jr to be elected President in 2012,5,3.1,Jul/21/2011 20:56:43
748416,2012.PRES.HUNTSMAN,Jon Huntsman Jr to be elected President in 2012,5,3.1,Jul/21/2011 20:56:43
748416,2012.PRES.HUNTSMAN,Jon Huntsman Jr to be elected President in 2012,10,3.1,Jul/21/2011 21:53:29
748416,2012.PRES.HUNTSMAN,Jon Huntsman Jr to be elected President in 2012,5,3.1,Jul/21/2011 21:55:02
748416,2012.PRES.HUNTSMAN,Jon Huntsman Jr to be elected President in 2012,5,3.0,Jul/21/2011 21:56:07
748416,2012.PRES.HUNTSMAN,Jon Huntsman Jr to be elected President in 2012,5,3.0,Jul/21/2011 21:57:53
748416,2012.PRES.HUNTSMAN,Jon Huntsman Jr to be elected President in 2012,6,3.0,Jul/21/2011 21:58:52
748416,2012.PRES.HUNTSMAN,Jon Huntsman Jr to be elected President in 2012,10,3.0,Jul/21/2011 22:01:40
748416,2012.PRES.HUNTSMAN,Jon Huntsman Jr to be elected President in 2012,10,3.0,Jul/22/2011 02:28:49
748416,2012.PRES.HUNTSMAN,Jon Huntsman Jr to be elected President in 2012,1,3.1,Jul/22/2011 12:53:32
748416,2012.PRES.HUNTSMAN,Jon Huntsman Jr to be elected President in 2012,5,3.1,Jul/22/2011 13:15:34
748416,2012.PRES.HUNTSMAN,Jon Huntsman Jr to be elected President in 2012,3,3.1,Jul/22/2011 13:15:55
748416,2012.PRES.HUNTSMAN,Jon Huntsman Jr to be elected President in 2012,2,3.1,Jul/22/2011 14:16:50
748416,2012.PRES.HUNTSMAN,Jon Huntsman Jr to be elected President in 2012,1,3.1,Jul/22/2011 14:17:28
748416,2012.PRES.HUNTSMAN,Jon Huntsman Jr to be elected President in 2012,2,3.1,Jul/22/2011 17:40:33
748416,2012.PRES.HUNTSMAN,Jon Huntsman Jr to be elected President in 2012,10,3.0,Jul/22/2011 22:05:43
748416,2012.PRES.HUNTSMAN,Jon Huntsman Jr to be elected President in 2012,10,3.0,Jul/22/2011 22:06:10
748416,2012.PRES.HUNTSMAN,Jon Huntsman Jr to be elected President in 2012,4,3.0,Jul/22/2011 22:06:44
748416,2012.PRES.HUNTSMAN,Jon Huntsman Jr to be elected President in 2012,3,3.0,Jul/22/2011 22:07:19
748416,2012.PRES.HUNTSMAN,Jon Huntsman Jr to be elected President in 2012,1,3.0,Jul/23/2011 00:30:35
748416,2012.PRES.HUNTSMAN,Jon Huntsman Jr to be elected President in 2012,10,3.0,Jul/23/2011 00:34:43
748416,2012.PRES.HUNTSMAN,Jon Huntsman Jr to be elected President in 2012,10,3.0,Jul/23/2011 00:44:06
748416,2012.PRES.HUNTSMAN,Jon Huntsman Jr to be elected President in 2012,1,3.0,Jul/23/2011 03:40:44
748416,2012.PRES.HUNTSMAN,Jon Huntsman Jr to be elected President in 2012,1,3.0,Jul/23/2011 16:55:09
748416,2012.PRES.HUNTSMAN,Jon Huntsman Jr to be elected President in 2012,7,3.0,Jul/23/2011 18:03:12
748416,2012.PRES.HUNTSMAN,Jon Huntsman Jr to be elected President in 2012,10,3.0,Jul/23/2011 18:04:21
748416,2012.PRES.HUNTSMAN,Jon Huntsman Jr to be elected President in 2012,10,3.0,Jul/24/2011 15:25:35
748416,2012.PRES.HUNTSMAN,Jon Huntsman Jr to be elected President in 2012,10,3.0,Jul/24/2011 15:25:41
748416,2012.PRES.HUNTSMAN,Jon Huntsman Jr to be elected President in 2012,5,3.0,Jul/24/2011 15:25:47
748416,2012.PRES.HUNTSMAN,Jon Huntsman Jr to be elected President in 2012,1,3.0,Jul/24/2011 23:32:08
748416,2012.PRES.HUNTSMAN,Jon Huntsman Jr to be elected President in 2012,1,2.9,Jul/26/2011 17:06:31
748416,2012.PRES.HUNTSMAN,Jon Huntsman Jr to be elected President in 2012,9,2.8,Jul/26/2011 17:06:55
748416,2012.PRES.HUNTSMAN,Jon Huntsman Jr to be elected President in 2012,1,2.8,Jul/26/2011 21:23:14
748416,2012.PRES.HUNTSMAN,Jon Huntsman Jr to be elected President in 2012,9,2.8,Jul/26/2011 21:23:14
748416,2012.PRES.HUNTSMAN,Jon Huntsman Jr to be elected President in 2012,1,2.8,Jul/27/2011 04:12:04
748416,2012.PRES.HUNTSMAN,Jon Huntsman Jr to be elected President in 2012,10,2.8,Jul/27/2011 14:09:56
748416,2012.PRES.HUNTSMAN,Jon Huntsman Jr to be elected President in 2012,9,2.8,Jul/27/2011 14:13:20
748416,2012.PRES.HUNTSMAN,Jon Huntsman Jr to be elected President in 2012,1,2.8,Jul/27/2011 14:13:20
748416,2012.PRES.HUNTSMAN,Jon Huntsman Jr to be elected President in 2012,1,2.8,Jul/27/2011 15:59:41
748416,2012.PRES.HUNTSMAN,Jon Huntsman Jr to be elected President in 2012,8,2.8,Jul/27/2011 16:06:30
748416,2012.PRES.HUNTSMAN,Jon Huntsman Jr to be elected President in 2012,2,2.8,Jul/27/2011 16:06:30
748416,2012.PRES.HUNTSMAN,Jon Huntsman Jr to be elected President in 2012,8,2.8,Jul/27/2011 16:07:47
748416,2012.PRES.HUNTSMAN,Jon Huntsman Jr to be elected President in 2012,1,2.8,Jul/27/2011 16:07:47
748416,2012.PRES.HUNTSMAN,Jon Huntsman Jr to be elected President in 2012,10,2.8,Jul/27/2011 16:08:57
748416,2012.PRES.HUNTSMAN,Jon Huntsman Jr to be elected President in 2012,9,2.8,Jul/27/2011 16:10:05
748416,2012.PRES.HUNTSMAN,Jon Huntsman Jr to be elected President in 2012,1,2.8,Jul/27/2011 16:10:05
748416,2012.PRES.HUNTSMAN,Jon Huntsman Jr to be elected President in 2012,10,2.7,Jul/27/2011 16:16:00
748416,2012.PRES.HUNTSMAN,Jon Huntsman Jr to be elected President in 2012,1,2.7,Jul/27/2011 16:43:21
748416,2012.PRES.HUNTSMAN,Jon Huntsman Jr to be elected President in 2012,10,2.7,Jul/27/2011 17:25:19
748416,2012.PRES.HUNTSMAN,Jon Huntsman Jr to be elected President in 2012,10,2.8,Jul/27/2011 20:13:04
748416,2012.PRES.HUNTSMAN,Jon Huntsman Jr to be elected President in 2012,10,2.8,Jul/27/2011 20:14:15
748416,2012.PRES.HUNTSMAN,Jon Huntsman Jr to be elected President in 2012,1,2.8,Jul/28/2011 04:46:49
748416,2012.PRES.HUNTSMAN,Jon Huntsman Jr to be elected President in 2012,1,2.8,Jul/28/2011 06:31:19
748416,2012.PRES.HUNTSMAN,Jon Huntsman Jr to be elected President in 2012,5,2.8,Jul/29/2011 00:57:48
748416,2012.PRES.HUNTSMAN,Jon Huntsman Jr to be elected President in 2012,10,2.8,Jul/29/2011 00:58:12
748416,2012.PRES.HUNTSMAN,Jon Huntsman Jr to be elected President in 2012,10,2.8,Jul/29/2011 00:58:25
748416,2012.PRES.HUNTSMAN,Jon Huntsman Jr to be elected President in 2012,2,2.7,Jul/29/2011 00:58:33
748416,2012.PRES.HUNTSMAN,Jon Huntsman Jr to be elected President in 2012,8,2.8,Jul/29/2011 00:58:33
748416,2012.PRES.HUNTSMAN,Jon Huntsman Jr to be elected President in 2012,10,2.8,Jul/29/2011 00:59:07
748416,2012.PRES.HUNTSMAN,Jon Huntsman Jr to be elected President in 2012,10,2.8,Jul/29/2011 00:59:24
748416,2012.PRES.HUNTSMAN,Jon Huntsman Jr to be elected President in 2012,5,2.8,Jul/29/2011 03:48:56
748416,2012.PRES.HUNTSMAN,Jon Huntsman Jr to be elected President in 2012,5,2.8,Jul/29/2011 03:49:24
748416,2012.PRES.HUNTSMAN,Jon Huntsman Jr to be elected President in 2012,10,2.7,Jul/29/2011 03:49:59
748416,2012.PRES.HUNTSMAN,Jon Huntsman Jr to be elected President in 2012,5,2.7,Jul/29/2011 03:50:06
748416,2012.PRES.HUNTSMAN,Jon Huntsman Jr to be elected President in 2012,2,2.7,Jul/29/2011 17:17:31
748416,2012.PRES.HUNTSMAN,Jon Huntsman Jr to be elected President in 2012,5,2.8,Jul/29/2011 17:57:04
748416,2012.PRES.HUNTSMAN,Jon Huntsman Jr to be elected President in 2012,3,2.8,Jul/29/2011 18:34:43
748416,2012.PRES.HUNTSMAN,Jon Huntsman Jr to be elected President in 2012,2,2.8,Jul/29/2011 18:40:17
748416,2012.PRES.HUNTSMAN,Jon Huntsman Jr to be elected President in 2012,8,2.7,Jul/29/2011 18:41:46
748416,2012.PRES.HUNTSMAN,Jon Huntsman Jr to be elected President in 2012,1,3.0,Jul/29/2011 21:31:48
748416,2012.PRES.HUNTSMAN,Jon Huntsman Jr to be elected President in 2012,3,2.8,Jul/29/2011 21:54:40
748416,2012.PRES.HUNTSMAN,Jon Huntsman Jr to be elected President in 2012,1,2.7,Jul/30/2011 00:35:39
748416,2012.PRES.HUNTSMAN,Jon Huntsman Jr to be elected President in 2012,1,2.7,Jul/30/2011 02:09:54
748416,2012.PRES.HUNTSMAN,Jon Huntsman Jr to be elected President in 2012,1,2.8,Jul/30/2011 02:12:45
748416,2012.PRES.HUNTSMAN,Jon Huntsman Jr to be elected President in 2012,3,2.8,Jul/30/2011 02:13:28
748416,2012.PRES.HUNTSMAN,Jon Huntsman Jr to be elected President in 2012,1,2.8,Jul/30/2011 02:14:24
748416,2012.PRES.HUNTSMAN,Jon Huntsman Jr to be elected President in 2012,5,2.8,Jul/30/2011 02:15:44
748416,2012.PRES.HUNTSMAN,Jon Huntsman Jr to be elected President in 2012,1,2.7,Jul/30/2011 02:24:03
748416,2012.PRES.HUNTSMAN,Jon Huntsman Jr to be elected President in 2012,3,2.7,Jul/30/2011 02:25:15
748416,2012.PRES.HUNTSMAN,Jon Huntsman Jr to be elected President in 2012,10,2.8,Jul/30/2011 02:28:38
748416,2012.PRES.HUNTSMAN,Jon Huntsman Jr to be elected President in 2012,10,2.7,Jul/30/2011 02:44:52
748416,2012.PRES.HUNTSMAN,Jon Huntsman Jr to be elected President in 2012,4,2.7,Jul/30/2011 02:45:29
748416,2012.PRES.HUNTSMAN,Jon Huntsman Jr to be elected President in 2012,10,2.8,Jul/30/2011 02:47:28
748416,2012.PRES.HUNTSMAN,Jon Huntsman Jr to be elected President in 2012,10,2.8,Jul/30/2011 02:47:35
748416,2012.PRES.HUNTSMAN,Jon Huntsman Jr to be elected President in 2012,8,2.8,Jul/30/2011 02:47:45
748416,2012.PRES.HUNTSMAN,Jon Huntsman Jr to be elected President in 2012,1,2.7,Jul/30/2011 12:47:39
748416,2012.PRES.HUNTSMAN,Jon Huntsman Jr to be elected President in 2012,2,2.8,Jul/30/2011 15:11:15
748416,2012.PRES.HUNTSMAN,Jon Huntsman Jr to be elected President in 2012,1,2.8,Jul/30/2011 15:50:09
748416,2012.PRES.HUNTSMAN,Jon Huntsman Jr to be elected President in 2012,5,2.8,Jul/30/2011 15:54:03
748416,2012.PRES.HUNTSMAN,Jon Huntsman Jr to be elected President in 2012,5,2.8,Jul/30/2011 15:54:30
748416,2012.PRES.HUNTSMAN,Jon Huntsman Jr to be elected President in 2012,1,2.8,Jul/30/2011 19:39:47
748416,2012.PRES.HUNTSMAN,Jon Huntsman Jr to be elected President in 2012,1,2.8,Jul/30/2011 19:40:26
748416,2012.PRES.HUNTSMAN,Jon Huntsman Jr to be elected President in 2012,1,2.8,Jul/30/2011 19:40:39
748416,2012.PRES.HUNTSMAN,Jon Huntsman Jr to be elected President in 2012,1,2.8,Jul/30/2011 19:41:20
748416,2012.PRES.HUNTSMAN,Jon Huntsman Jr to be elected President in 2012,1,2.8,Jul/30/2011 19:42:17
748416,2012.PRES.HUNTSMAN,Jon Huntsman Jr to be elected President in 2012,1,2.8,Jul/30/2011 19:44:31
748416,2012.PRES.HUNTSMAN,Jon Huntsman Jr to be elected President in 2012,1,2.8,Jul/30/2011 19:45:25
748416,2012.PRES.HUNTSMAN,Jon Huntsman Jr to be elected President in 2012,1,2.8,Jul/30/2011 20:17:46
748416,2012.PRES.HUNTSMAN,Jon Huntsman Jr to be elected President in 2012,1,2.8,Jul/30/2011 20:19:37
748416,2012.PRES.HUNTSMAN,Jon Huntsman Jr to be elected President in 2012,10,2.8,Jul/31/2011 15:27:24
748416,2012.PRES.HUNTSMAN,Jon Huntsman Jr to be elected President in 2012,10,2.8,Aug/01/2011 02:10:15
748416,2012.PRES.HUNTSMAN,Jon Huntsman Jr to be elected President in 2012,6,2.8,Aug/01/2011 14:53:27
748416,2012.PRES.HUNTSMAN,Jon Huntsman Jr to be elected President in 2012,1,2.8,Aug/01/2011 18:30:32
748416,2012.PRES.HUNTSMAN,Jon Huntsman Jr to be elected President in 2012,2,2.8,Aug/01/2011 21:32:47
748416,2012.PRES.HUNTSMAN,Jon Huntsman Jr to be elected President in 2012,1,2.8,Aug/01/2011 22:33:45
748416,2012.PRES.HUNTSMAN,Jon Huntsman Jr to be elected President in 2012,4,2.8,Aug/02/2011 00:34:10
748416,2012.PRES.HUNTSMAN,Jon Huntsman Jr to be elected President in 2012,10,2.9,Aug/02/2011 15:01:19
748416,2012.PRES.HUNTSMAN,Jon Huntsman Jr to be elected President in 2012,10,2.8,Aug/02/2011 20:09:39
748416,2012.PRES.HUNTSMAN,Jon Huntsman Jr to be elected President in 2012,4,2.8,Aug/02/2011 22:22:05
748416,2012.PRES.HUNTSMAN,Jon Huntsman Jr to be elected President in 2012,1,2.7,Aug/02/2011 22:38:46
748416,2012.PRES.HUNTSMAN,Jon Huntsman Jr to be elected President in 2012,1,2.7,Aug/02/2011 22:40:55
748416,2012.PRES.HUNTSMAN,Jon Huntsman Jr to be elected President in 2012,1,2.7,Aug/02/2011 22:49:47
748416,2012.PRES.HUNTSMAN,Jon Huntsman Jr to be elected President in 2012,10,2.7,Aug/03/2011 14:17:59
748416,2012.PRES.HUNTSMAN,Jon Huntsman Jr to be elected President in 2012,10,2.7,Aug/03/2011 14:18:06
748416,2012.PRES.HUNTSMAN,Jon Huntsman Jr to be elected President in 2012,9,2.7,Aug/03/2011 14:18:48
748416,2012.PRES.HUNTSMAN,Jon Huntsman Jr to be elected President in 2012,10,2.8,Aug/03/2011 22:26:30
748416,2012.PRES.HUNTSMAN,Jon Huntsman Jr to be elected President in 2012,10,2.9,Aug/03/2011 22:26:30
748416,2012.PRES.HUNTSMAN,Jon Huntsman Jr to be elected President in 2012,50,3.0,Aug/03/2011 22:26:30
748416,2012.PRES.HUNTSMAN,Jon Huntsman Jr to be elected President in 2012,10,2.9,Aug/03/2011 22:26:30
748416,2012.PRES.HUNTSMAN,Jon Huntsman Jr to be elected President in 2012,2,2.8,Aug/03/2011 22:26:30
748416,2012.PRES.HUNTSMAN,Jon Huntsman Jr to be elected President in 2012,3,2.9,Aug/03/2011 22:26:30
748416,2012.PRES.HUNTSMAN,Jon Huntsman Jr to be elected President in 2012,4,3.0,Aug/03/2011 22:26:30
748416,2012.PRES.HUNTSMAN,Jon Huntsman Jr to be elected President in 2012,10,3.0,Aug/03/2011 22:26:30
748416,2012.PRES.HUNTSMAN,Jon Huntsman Jr to be elected President in 2012,10,3.0,Aug/03/2011 22:26:30
748416,2012.PRES.HUNTSMAN,Jon Huntsman Jr to be elected President in 2012,10,3.0,Aug/03/2011 22:26:30
748416,2012.PRES.HUNTSMAN,Jon Huntsman Jr to be elected President in 2012,1,3.1,Aug/04/2011 03:42:57
748416,2012.PRES.HUNTSMAN,Jon Huntsman Jr to be elected President in 2012,5,3.4,Aug/04/2011 03:42:57
748416,2012.PRES.HUNTSMAN,Jon Huntsman Jr to be elected President in 2012,10,3.1,Aug/04/2011 03:42:57
748416,2012.PRES.HUNTSMAN,Jon Huntsman Jr to be elected President in 2012,10,3.2,Aug/04/2011 03:42:57
748416,2012.PRES.HUNTSMAN,Jon Huntsman Jr to be elected President in 2012,10,3.3,Aug/04/2011 03:42:57
748416,2012.PRES.HUNTSMAN,Jon Huntsman Jr to be elected President in 2012,10,3.4,Aug/04/2011 03:42:57
748416,2012.PRES.HUNTSMAN,Jon Huntsman Jr to be elected President in 2012,43,3.5,Aug/04/2011 03:42:57
748416,2012.PRES.HUNTSMAN,Jon Huntsman Jr to be elected President in 2012,5,3.1,Aug/04/2011 03:42:57
748416,2012.PRES.HUNTSMAN,Jon Huntsman Jr to be elected President in 2012,6,3.2,Aug/04/2011 03:42:57
748416,2012.PRES.HUNTSMAN,Jon Huntsman Jr to be elected President in 2012,10,3.4,Aug/04/2011 07:05:47
748416,2012.PRES.HUNTSMAN,Jon Huntsman Jr to be elected President in 2012,2,3.4,Aug/04/2011 07:05:47
748416,2012.PRES.HUNTSMAN,Jon Huntsman Jr to be elected President in 2012,7,3.5,Aug/04/2011 07:06:00
748416,2012.PRES.HUNTSMAN,Jon Huntsman Jr to be elected President in 2012,10,3.5,Aug/04/2011 07:06:00
748416,2012.PRES.HUNTSMAN,Jon Huntsman Jr to be elected President in 2012,2,3.5,Aug/04/2011 07:06:00
748416,2012.PRES.HUNTSMAN,Jon Huntsman Jr to be elected President in 2012,5,3.6,Aug/04/2011 07:07:20
748416,2012.PRES.HUNTSMAN,Jon Huntsman Jr to be elected President in 2012,10,3.6,Aug/04/2011 07:07:20
748416,2012.PRES.HUNTSMAN,Jon Huntsman Jr to be elected President in 2012,2,3.6,Aug/04/2011 07:07:20
748416,2012.PRES.HUNTSMAN,Jon Huntsman Jr to be elected President in 2012,10,3.7,Aug/04/2011 10:10:06
748416,2012.PRES.HUNTSMAN,Jon Huntsman Jr to be elected President in 2012,10,3.8,Aug/04/2011 10:11:18
748416,2012.PRES.HUNTSMAN,Jon Huntsman Jr to be elected President in 2012,10,3.9,Aug/04/2011 10:11:31
748416,2012.PRES.HUNTSMAN,Jon Huntsman Jr to be elected President in 2012,10,3.9,Aug/04/2011 10:11:31
748416,2012.PRES.HUNTSMAN,Jon Huntsman Jr to be elected President in 2012,25,3.9,Aug/04/2011 10:11:31
748416,2012.PRES.HUNTSMAN,Jon Huntsman Jr to be elected President in 2012,50,4.0,Aug/04/2011 10:12:10
748416,2012.PRES.HUNTSMAN,Jon Huntsman Jr to be elected President in 2012,30,3.3,Aug/04/2011 13:40:06
748416,2012.PRES.HUNTSMAN,Jon Huntsman Jr to be elected President in 2012,40,3.1,Aug/04/2011 13:40:18
748416,2012.PRES.HUNTSMAN,Jon Huntsman Jr to be elected President in 2012,1,3.9,Aug/04/2011 17:46:48
748416,2012.PRES.HUNTSMAN,Jon Huntsman Jr to be elected President in 2012,40,3.9,Aug/04/2011 18:01:12
748416,2012.PRES.HUNTSMAN,Jon Huntsman Jr to be elected President in 2012,10,3.9,Aug/04/2011 18:01:12
748416,2012.PRES.HUNTSMAN,Jon Huntsman Jr to be elected President in 2012,2,3.9,Aug/04/2011 18:01:14
748416,2012.PRES.HUNTSMAN,Jon Huntsman Jr to be elected President in 2012,52,4.0,Aug/04/2011 18:02:24
748416,2012.PRES.HUNTSMAN,Jon Huntsman Jr to be elected President in 2012,1,3.6,Aug/04/2011 21:32:50
748416,2012.PRES.HUNTSMAN,Jon Huntsman Jr to be elected President in 2012,1,3.5,Aug/04/2011 23:32:01
748416,2012.PRES.HUNTSMAN,Jon Huntsman Jr to be elected President in 2012,1,3.1,Aug/05/2011 01:17:07
748416,2012.PRES.HUNTSMAN,Jon Huntsman Jr to be elected President in 2012,1,2.8,Aug/05/2011 13:09:10
748416,2012.PRES.HUNTSMAN,Jon Huntsman Jr to be elected President in 2012,9,2.8,Aug/05/2011 13:09:10
748416,2012.PRES.HUNTSMAN,Jon Huntsman Jr to be elected President in 2012,10,2.8,Aug/05/2011 13:09:18
748416,2012.PRES.HUNTSMAN,Jon Huntsman Jr to be elected President in 2012,4,2.8,Aug/05/2011 13:09:44
748416,2012.PRES.HUNTSMAN,Jon Huntsman Jr to be elected President in 2012,27,2.8,Aug/05/2011 13:41:28
748416,2012.PRES.HUNTSMAN,Jon Huntsman Jr to be elected President in 2012,46,2.8,Aug/05/2011 13:41:28
748416,2012.PRES.HUNTSMAN,Jon Huntsman Jr to be elected President in 2012,50,2.8,Aug/05/2011 16:48:37
748416,2012.PRES.HUNTSMAN,Jon Huntsman Jr to be elected President in 2012,40,2.7,Aug/05/2011 16:49:11
748416,2012.PRES.HUNTSMAN,Jon Huntsman Jr to be elected President in 2012,85,2.7,Aug/05/2011 17:23:42
748416,2012.PRES.HUNTSMAN,Jon Huntsman Jr to be elected President in 2012,1,2.8,Aug/05/2011 22:24:14
748416,2012.PRES.HUNTSMAN,Jon Huntsman Jr to be elected President in 2012,10,2.9,Aug/05/2011 23:33:49
748416,2012.PRES.HUNTSMAN,Jon Huntsman Jr to be elected President in 2012,10,3.0,Aug/05/2011 23:33:49
748416,2012.PRES.HUNTSMAN,Jon Huntsman Jr to be elected President in 2012,10,3.0,Aug/05/2011 23:33:49
748416,2012.PRES.HUNTSMAN,Jon Huntsman Jr to be elected President in 2012,16,3.0,Aug/05/2011 23:33:49
748416,2012.PRES.HUNTSMAN,Jon Huntsman Jr to be elected President in 2012,10,2.9,Aug/05/2011 23:33:49
748416,2012.PRES.HUNTSMAN,Jon Huntsman Jr to be elected President in 2012,5,2.9,Aug/05/2011 23:33:49
748416,2012.PRES.HUNTSMAN,Jon Huntsman Jr to be elected President in 2012,4,3.0,Aug/06/2011 05:45:27
748416,2012.PRES.HUNTSMAN,Jon Huntsman Jr to be elected President in 2012,6,3.0,Aug/06/2011 05:45:27
748416,2012.PRES.HUNTSMAN,Jon Huntsman Jr to be elected President in 2012,1,3.1,Aug/07/2011 15:01:09
748416,2012.PRES.HUNTSMAN,Jon Huntsman Jr to be elected President in 2012,4,3.1,Aug/07/2011 15:01:09
748416,2012.PRES.HUNTSMAN,Jon Huntsman Jr to be elected President in 2012,6,3.1,Aug/07/2011 22:09:04
748416,2012.PRES.HUNTSMAN,Jon Huntsman Jr to be elected President in 2012,4,3.1,Aug/07/2011 22:09:04
748416,2012.PRES.HUNTSMAN,Jon Huntsman Jr to be elected President in 2012,3,3.1,Aug/07/2011 22:54:26
748416,2012.PRES.HUNTSMAN,Jon Huntsman Jr to be elected President in 2012,7,3.2,Aug/07/2011 22:54:26
748416,2012.PRES.HUNTSMAN,Jon Huntsman Jr to be elected President in 2012,10,3.3,Aug/07/2011 22:55:06
748416,2012.PRES.HUNTSMAN,Jon Huntsman Jr to be elected President in 2012,8,3.3,Aug/07/2011 22:55:06
748416,2012.PRES.HUNTSMAN,Jon Huntsman Jr to be elected President in 2012,2,2.9,Aug/08/2011 16:24:43
748416,2012.PRES.HUNTSMAN,Jon Huntsman Jr to be elected President in 2012,1,2.9,Aug/08/2011 16:24:51
748416,2012.PRES.HUNTSMAN,Jon Huntsman Jr to be elected President in 2012,5,3.0,Aug/09/2011 20:21:51
748416,2012.PRES.HUNTSMAN,Jon Huntsman Jr to be elected President in 2012,5,3.0,Aug/09/2011 20:43:26
748416,2012.PRES.HUNTSMAN,Jon Huntsman Jr to be elected President in 2012,10,3.0,Aug/09/2011 20:43:26
748416,2012.PRES.HUNTSMAN,Jon Huntsman Jr to be elected President in 2012,10,3.0,Aug/09/2011 20:43:26
748416,2012.PRES.HUNTSMAN,Jon Huntsman Jr to be elected President in 2012,10,3.0,Aug/09/2011 20:43:26
748416,2012.PRES.HUNTSMAN,Jon Huntsman Jr to be elected President in 2012,98,4.0,Aug/09/2011 20:43:26
748416,2012.PRES.HUNTSMAN,Jon Huntsman Jr to be elected President in 2012,10,3.7,Aug/09/2011 20:43:26
748416,2012.PRES.HUNTSMAN,Jon Huntsman Jr to be elected President in 2012,9,3.6,Aug/09/2011 20:43:26
748416,2012.PRES.HUNTSMAN,Jon Huntsman Jr to be elected President in 2012,9,3.5,Aug/09/2011 20:43:26
748416,2012.PRES.HUNTSMAN,Jon Huntsman Jr to be elected President in 2012,10,3.4,Aug/09/2011 20:43:26
748416,2012.PRES.HUNTSMAN,Jon Huntsman Jr to be elected President in 2012,10,3.5,Aug/09/2011 20:43:26
748416,2012.PRES.HUNTSMAN,Jon Huntsman Jr to be elected President in 2012,10,3.4,Aug/09/2011 20:43:26
748416,2012.PRES.HUNTSMAN,Jon Huntsman Jr to be elected President in 2012,10,3.9,Aug/09/2011 20:43:26
748416,2012.PRES.HUNTSMAN,Jon Huntsman Jr to be elected President in 2012,10,3.5,Aug/09/2011 20:43:26
748416,2012.PRES.HUNTSMAN,Jon Huntsman Jr to be elected President in 2012,20,3.5,Aug/09/2011 20:43:26
748416,2012.PRES.HUNTSMAN,Jon Huntsman Jr to be elected President in 2012,8,3.4,Aug/09/2011 20:43:26
748416,2012.PRES.HUNTSMAN,Jon Huntsman Jr to be elected President in 2012,5,3.5,Aug/09/2011 20:43:26
748416,2012.PRES.HUNTSMAN,Jon Huntsman Jr to be elected President in 2012,10,3.5,Aug/09/2011 20:43:26
748416,2012.PRES.HUNTSMAN,Jon Huntsman Jr to be elected President in 2012,10,3.5,Aug/09/2011 20:43:26
748416,2012.PRES.HUNTSMAN,Jon Huntsman Jr to be elected President in 2012,10,4.0,Aug/09/2011 20:43:26
748416,2012.PRES.HUNTSMAN,Jon Huntsman Jr to be elected President in 2012,10,3.5,Aug/09/2011 20:43:26
748416,2012.PRES.HUNTSMAN,Jon Huntsman Jr to be elected President in 2012,10,4.0,Aug/09/2011 20:43:26
748416,2012.PRES.HUNTSMAN,Jon Huntsman Jr to be elected President in 2012,10,3.3,Aug/09/2011 20:43:26
748416,2012.PRES.HUNTSMAN,Jon Huntsman Jr to be elected President in 2012,10,3.2,Aug/09/2011 20:43:26
748416,2012.PRES.HUNTSMAN,Jon Huntsman Jr to be elected President in 2012,10,3.1,Aug/09/2011 20:43:26
748416,2012.PRES.HUNTSMAN,Jon Huntsman Jr to be elected President in 2012,10,4.0,Aug/09/2011 20:43:26
748416,2012.PRES.HUNTSMAN,Jon Huntsman Jr to be elected President in 2012,10,3.5,Aug/09/2011 20:43:26
748416,2012.PRES.HUNTSMAN,Jon Huntsman Jr to be elected President in 2012,10,3.5,Aug/09/2011 20:43:26
748416,2012.PRES.HUNTSMAN,Jon Huntsman Jr to be elected President in 2012,10,3.0,Aug/09/2011 20:43:26
748416,2012.PRES.HUNTSMAN,Jon Huntsman Jr to be elected President in 2012,3,3.4,Aug/09/2011 20:43:26
748416,2012.PRES.HUNTSMAN,Jon Huntsman Jr to be elected President in 2012,4,3.6,Aug/09/2011 20:43:26
748416,2012.PRES.HUNTSMAN,Jon Huntsman Jr to be elected President in 2012,10,3.5,Aug/09/2011 20:43:26
748416,2012.PRES.HUNTSMAN,Jon Huntsman Jr to be elected President in 2012,5,3.0,Aug/09/2011 21:27:24
748416,2012.PRES.HUNTSMAN,Jon Huntsman Jr to be elected President in 2012,8,3.1,Aug/09/2011 22:34:05
748416,2012.PRES.HUNTSMAN,Jon Huntsman Jr to be elected President in 2012,8,3.0,Aug/09/2011 22:34:05
748416,2012.PRES.HUNTSMAN,Jon Huntsman Jr to be elected President in 2012,5,3.0,Aug/09/2011 22:34:05
748416,2012.PRES.HUNTSMAN,Jon Huntsman Jr to be elected President in 2012,5,3.1,Aug/09/2011 22:34:05
748416,2012.PRES.HUNTSMAN,Jon Huntsman Jr to be elected President in 2012,5,3.0,Aug/10/2011 04:18:47
748416,2012.PRES.HUNTSMAN,Jon Huntsman Jr to be elected President in 2012,188,3.0,Aug/10/2011 10:42:30
748416,2012.PRES.HUNTSMAN,Jon Huntsman Jr to be elected President in 2012,10,3.1,Aug/10/2011 22:14:13
748416,2012.PRES.HUNTSMAN,Jon Huntsman Jr to be elected President in 2012,10,3.1,Aug/11/2011 15:54:39
748416,2012.PRES.HUNTSMAN,Jon Huntsman Jr to be elected President in 2012,10,3.0,Aug/11/2011 21:41:30
748416,2012.PRES.HUNTSMAN,Jon Huntsman Jr to be elected President in 2012,1,3.0,Aug/11/2011 21:41:37
748416,2012.PRES.HUNTSMAN,Jon Huntsman Jr to be elected President in 2012,10,3.0,Aug/12/2011 00:25:23
748416,2012.PRES.HUNTSMAN,Jon Huntsman Jr to be elected President in 2012,2,3.0,Aug/12/2011 00:25:32
748416,2012.PRES.HUNTSMAN,Jon Huntsman Jr to be elected President in 2012,10,3.0,Aug/12/2011 00:26:17
748416,2012.PRES.HUNTSMAN,Jon Huntsman Jr to be elected President in 2012,10,3.1,Aug/12/2011 00:43:30
748416,2012.PRES.HUNTSMAN,Jon Huntsman Jr to be elected President in 2012,5,3.1,Aug/12/2011 00:43:30
748416,2012.PRES.HUNTSMAN,Jon Huntsman Jr to be elected President in 2012,10,3.0,Aug/12/2011 03:09:39
748416,2012.PRES.HUNTSMAN,Jon Huntsman Jr to be elected President in 2012,5,3.0,Aug/12/2011 03:10:25
748416,2012.PRES.HUNTSMAN,Jon Huntsman Jr to be elected President in 2012,3,3.0,Aug/12/2011 03:11:11
748416,2012.PRES.HUNTSMAN,Jon Huntsman Jr to be elected President in 2012,10,3.0,Aug/12/2011 03:12:01
748416,2012.PRES.HUNTSMAN,Jon Huntsman Jr to be elected President in 2012,2,3.0,Aug/12/2011 03:28:15
748416,2012.PRES.HUNTSMAN,Jon Huntsman Jr to be elected President in 2012,10,3.0,Aug/12/2011 21:37:26
748416,2012.PRES.HUNTSMAN,Jon Huntsman Jr to be elected President in 2012,10,3.0,Aug/12/2011 22:58:33
748416,2012.PRES.HUNTSMAN,Jon Huntsman Jr to be elected President in 2012,10,3.0,Aug/13/2011 01:51:54
748416,2012.PRES.HUNTSMAN,Jon Huntsman Jr to be elected President in 2012,10,3.0,Aug/13/2011 01:52:39
748416,2012.PRES.HUNTSMAN,Jon Huntsman Jr to be elected President in 2012,20,3.0,Aug/13/2011 01:57:28
748416,2012.PRES.HUNTSMAN,Jon Huntsman Jr to be elected President in 2012,1,3.0,Aug/13/2011 02:34:59
748416,2012.PRES.HUNTSMAN,Jon Huntsman Jr to be elected President in 2012,10,3.0,Aug/13/2011 02:38:59
748416,2012.PRES.HUNTSMAN,Jon Huntsman Jr to be elected President in 2012,10,3.0,Aug/13/2011 02:54:31
748416,2012.PRES.HUNTSMAN,Jon Huntsman Jr to be elected President in 2012,50,3.0,Aug/13/2011 03:57:12
748416,2012.PRES.HUNTSMAN,Jon Huntsman Jr to be elected President in 2012,10,3.0,Aug/13/2011 05:31:09
748416,2012.PRES.HUNTSMAN,Jon Huntsman Jr to be elected President in 2012,1,3.0,Aug/13/2011 17:21:21
748416,2012.PRES.HUNTSMAN,Jon Huntsman Jr to be elected President in 2012,1,3.0,Aug/13/2011 17:21:41
748416,2012.PRES.HUNTSMAN,Jon Huntsman Jr to be elected President in 2012,10,3.0,Aug/13/2011 17:22:57
748416,2012.PRES.HUNTSMAN,Jon Huntsman Jr to be elected President in 2012,20,3.0,Aug/13/2011 17:50:40
748416,2012.PRES.HUNTSMAN,Jon Huntsman Jr to be elected President in 2012,20,3.0,Aug/13/2011 23:04:30
748416,2012.PRES.HUNTSMAN,Jon Huntsman Jr to be elected President in 2012,10,3.0,Aug/13/2011 23:57:22
748416,2012.PRES.HUNTSMAN,Jon Huntsman Jr to be elected President in 2012,20,3.0,Aug/14/2011 04:30:18
748416,2012.PRES.HUNTSMAN,Jon Huntsman Jr to be elected President in 2012,2,3.0,Aug/14/2011 08:41:46
748416,2012.PRES.HUNTSMAN,Jon Huntsman Jr to be elected President in 2012,20,3.0,Aug/14/2011 15:39:24
748416,2012.PRES.HUNTSMAN,Jon Huntsman Jr to be elected President in 2012,3,3.1,Aug/14/2011 16:02:29
748416,2012.PRES.HUNTSMAN,Jon Huntsman Jr to be elected President in 2012,10,3.0,Aug/14/2011 17:35:00
748416,2012.PRES.HUNTSMAN,Jon Huntsman Jr to be elected President in 2012,5,3.1,Aug/14/2011 19:33:28
748416,2012.PRES.HUNTSMAN,Jon Huntsman Jr to be elected President in 2012,4,3.0,Aug/14/2011 19:35:51
748416,2012.PRES.HUNTSMAN,Jon Huntsman Jr to be elected President in 2012,20,3.0,Aug/14/2011 22:42:49
748416,2012.PRES.HUNTSMAN,Jon Huntsman Jr to be elected President in 2012,20,3.0,Aug/15/2011 03:18:05
748416,2012.PRES.HUNTSMAN,Jon Huntsman Jr to be elected President in 2012,18,3.0,Aug/15/2011 04:35:23
748416,2012.PRES.HUNTSMAN,Jon Huntsman Jr to be elected President in 2012,5,3.0,Aug/15/2011 13:47:21
748416,2012.PRES.HUNTSMAN,Jon Huntsman Jr to be elected President in 2012,20,3.0,Aug/15/2011 14:12:44
748416,2012.PRES.HUNTSMAN,Jon Huntsman Jr to be elected President in 2012,20,3.0,Aug/15/2011 16:51:22
748416,2012.PRES.HUNTSMAN,Jon Huntsman Jr to be elected President in 2012,20,3.0,Aug/15/2011 16:53:11
748416,2012.PRES.HUNTSMAN,Jon Huntsman Jr to be elected President in 2012,6,3.0,Aug/16/2011 11:45:30
748416,2012.PRES.HUNTSMAN,Jon Huntsman Jr to be elected President in 2012,20,3.0,Aug/16/2011 14:09:05
748416,2012.PRES.HUNTSMAN,Jon Huntsman Jr to be elected President in 2012,20,3.0,Aug/16/2011 23:20:59
748416,2012.PRES.HUNTSMAN,Jon Huntsman Jr to be elected President in 2012,9,3.0,Aug/16/2011 23:29:34
748416,2012.PRES.HUNTSMAN,Jon Huntsman Jr to be elected President in 2012,157,2.9,Aug/17/2011 13:56:48
748416,2012.PRES.HUNTSMAN,Jon Huntsman Jr to be elected President in 2012,5,2.5,Aug/17/2011 15:25:51
748416,2012.PRES.HUNTSMAN,Jon Huntsman Jr to be elected President in 2012,5,3.0,Aug/17/2011 15:37:03
748416,2012.PRES.HUNTSMAN,Jon Huntsman Jr to be elected President in 2012,13,2.5,Aug/18/2011 14:35:04
748416,2012.PRES.HUNTSMAN,Jon Huntsman Jr to be elected President in 2012,25,2.5,Aug/18/2011 16:04:11
748416,2012.PRES.HUNTSMAN,Jon Huntsman Jr to be elected President in 2012,3,2.5,Aug/18/2011 17:18:09
748416,2012.PRES.HUNTSMAN,Jon Huntsman Jr to be elected President in 2012,1,2.4,Aug/18/2011 23:43:34
748416,2012.PRES.HUNTSMAN,Jon Huntsman Jr to be elected President in 2012,575,2.3,Aug/18/2011 23:43:34
748416,2012.PRES.HUNTSMAN,Jon Huntsman Jr to be elected President in 2012,44,2.4,Aug/18/2011 23:43:34
748416,2012.PRES.HUNTSMAN,Jon Huntsman Jr to be elected President in 2012,10,2.4,Aug/19/2011 14:42:08
748416,2012.PRES.HUNTSMAN,Jon Huntsman Jr to be elected President in 2012,12,2.3,Aug/19/2011 15:08:53
748416,2012.PRES.HUNTSMAN,Jon Huntsman Jr to be elected President in 2012,15,2.5,Aug/19/2011 19:12:23
748416,2012.PRES.HUNTSMAN,Jon Huntsman Jr to be elected President in 2012,10,2.5,Aug/19/2011 19:12:23
748416,2012.PRES.HUNTSMAN,Jon Huntsman Jr to be elected President in 2012,20,2.4,Aug/19/2011 19:12:23
748416,2012.PRES.HUNTSMAN,Jon Huntsman Jr to be elected President in 2012,100,2.5,Aug/19/2011 19:12:23
748416,2012.PRES.HUNTSMAN,Jon Huntsman Jr to be elected President in 2012,10,2.5,Aug/19/2011 21:45:37
748416,2012.PRES.HUNTSMAN,Jon Huntsman Jr to be elected President in 2012,20,2.3,Aug/22/2011 05:49:26
748416,2012.PRES.HUNTSMAN,Jon Huntsman Jr to be elected President in 2012,10,2.3,Aug/22/2011 05:49:26
748416,2012.PRES.HUNTSMAN,Jon Huntsman Jr to be elected President in 2012,20,2.3,Aug/22/2011 21:14:37
748416,2012.PRES.HUNTSMAN,Jon Huntsman Jr to be elected President in 2012,10,2.4,Aug/23/2011 07:49:49
748416,2012.PRES.HUNTSMAN,Jon Huntsman Jr to be elected President in 2012,10,2.5,Aug/23/2011 13:46:48
748416,2012.PRES.HUNTSMAN,Jon Huntsman Jr to be elected President in 2012,26,3.0,Aug/23/2011 14:06:25
748416,2012.PRES.HUNTSMAN,Jon Huntsman Jr to be elected President in 2012,10,2.8,Aug/23/2011 14:06:25
748416,2012.PRES.HUNTSMAN,Jon Huntsman Jr to be elected President in 2012,10,2.7,Aug/23/2011 14:06:25
748416,2012.PRES.HUNTSMAN,Jon Huntsman Jr to be elected President in 2012,6,3.0,Aug/23/2011 14:06:25
748416,2012.PRES.HUNTSMAN,Jon Huntsman Jr to be elected President in 2012,20,3.0,Aug/23/2011 14:06:25
748416,2012.PRES.HUNTSMAN,Jon Huntsman Jr to be elected President in 2012,10,3.0,Aug/23/2011 14:06:25
748416,2012.PRES.HUNTSMAN,Jon Huntsman Jr to be elected President in 2012,10,2.5,Aug/23/2011 14:06:25
748416,2012.PRES.HUNTSMAN,Jon Huntsman Jr to be elected President in 2012,10,2.9,Aug/23/2011 14:06:25
748416,2012.PRES.HUNTSMAN,Jon Huntsman Jr to be elected President in 2012,10,2.5,Aug/23/2011 23:04:58
748416,2012.PRES.HUNTSMAN,Jon Huntsman Jr to be elected President in 2012,10,2.6,Aug/24/2011 01:34:27
748416,2012.PRES.HUNTSMAN,Jon Huntsman Jr to be elected President in 2012,10,2.9,Aug/26/2011 16:17:44
748416,2012.PRES.HUNTSMAN,Jon Huntsman Jr to be elected President in 2012,100,3.0,Aug/26/2011 16:17:44
748416,2012.PRES.HUNTSMAN,Jon Huntsman Jr to be elected President in 2012,1,2.8,Aug/26/2011 16:17:44
748416,2012.PRES.HUNTSMAN,Jon Huntsman Jr to be elected President in 2012,9,3.0,Aug/26/2011 16:17:44
748416,2012.PRES.HUNTSMAN,Jon Huntsman Jr to be elected President in 2012,11,3.0,Aug/26/2011 16:18:32
748416,2012.PRES.HUNTSMAN,Jon Huntsman Jr to be elected President in 2012,10,3.4,Aug/26/2011 19:03:58
748416,2012.PRES.HUNTSMAN,Jon Huntsman Jr to be elected President in 2012,5,3.4,Aug/26/2011 19:11:51
748416,2012.PRES.HUNTSMAN,Jon Huntsman Jr to be elected President in 2012,6,3.5,Aug/26/2011 19:11:51
748416,2012.PRES.HUNTSMAN,Jon Huntsman Jr to be elected President in 2012,4,3.5,Aug/26/2011 19:11:51
748416,2012.PRES.HUNTSMAN,Jon Huntsman Jr to be elected President in 2012,20,3.5,Aug/26/2011 19:40:05
748416,2012.PRES.HUNTSMAN,Jon Huntsman Jr to be elected President in 2012,6,3.5,Aug/26/2011 22:10:58
748416,2012.PRES.HUNTSMAN,Jon Huntsman Jr to be elected President in 2012,10,3.5,Aug/26/2011 22:10:58
748416,2012.PRES.HUNTSMAN,Jon Huntsman Jr to be elected President in 2012,50,3.5,Aug/26/2011 22:10:58
748416,2012.PRES.HUNTSMAN,Jon Huntsman Jr to be elected President in 2012,7,3.6,Aug/26/2011 22:13:44
748416,2012.PRES.HUNTSMAN,Jon Huntsman Jr to be elected President in 2012,8,3.7,Aug/26/2011 22:13:58
748416,2012.PRES.HUNTSMAN,Jon Huntsman Jr to be elected President in 2012,9,3.8,Aug/26/2011 22:14:15
748416,2012.PRES.HUNTSMAN,Jon Huntsman Jr to be elected President in 2012,10,3.9,Aug/26/2011 22:14:38
748416,2012.PRES.HUNTSMAN,Jon Huntsman Jr to be elected President in 2012,82,4.0,Aug/26/2011 22:15:05
748416,2012.PRES.HUNTSMAN,Jon Huntsman Jr to be elected President in 2012,10,3.9,Aug/26/2011 22:15:05
748416,2012.PRES.HUNTSMAN,Jon Huntsman Jr to be elected President in 2012,10,4.0,Aug/26/2011 22:15:35
748416,2012.PRES.HUNTSMAN,Jon Huntsman Jr to be elected President in 2012,9,3.8,Aug/26/2011 22:19:14
748416,2012.PRES.HUNTSMAN,Jon Huntsman Jr to be elected President in 2012,2,4.0,Aug/26/2011 23:51:50
748416,2012.PRES.HUNTSMAN,Jon Huntsman Jr to be elected President in 2012,300,5.0,Aug/27/2011 01:15:35
748416,2012.PRES.HUNTSMAN,Jon Huntsman Jr to be elected President in 2012,300,5.0,Aug/27/2011 01:15:35
748416,2012.PRES.HUNTSMAN,Jon Huntsman Jr to be elected President in 2012,140,5.0,Aug/27/2011 01:15:35
748416,2012.PRES.HUNTSMAN,Jon Huntsman Jr to be elected President in 2012,10,4.9,Aug/27/2011 01:15:35
748416,2012.PRES.HUNTSMAN,Jon Huntsman Jr to be elected President in 2012,50,4.9,Aug/27/2011 01:15:35
748416,2012.PRES.HUNTSMAN,Jon Huntsman Jr to be elected President in 2012,98,5.0,Aug/27/2011 01:15:35
748416,2012.PRES.HUNTSMAN,Jon Huntsman Jr to be elected President in 2012,10,4.5,Aug/27/2011 04:16:26
748416,2012.PRES.HUNTSMAN,Jon Huntsman Jr to be elected President in 2012,5,4.0,Aug/27/2011 17:35:31
748416,2012.PRES.HUNTSMAN,Jon Huntsman Jr to be elected President in 2012,6,4.1,Aug/27/2011 17:35:55
748416,2012.PRES.HUNTSMAN,Jon Huntsman Jr to be elected President in 2012,10,3.9,Aug/27/2011 21:48:51
748416,2012.PRES.HUNTSMAN,Jon Huntsman Jr to be elected President in 2012,20,3.8,Aug/28/2011 02:26:18
748416,2012.PRES.HUNTSMAN,Jon Huntsman Jr to be elected President in 2012,10,3.9,Aug/28/2011 02:26:28
748416,2012.PRES.HUNTSMAN,Jon Huntsman Jr to be elected President in 2012,20,3.9,Aug/28/2011 04:40:43
748416,2012.PRES.HUNTSMAN,Jon Huntsman Jr to be elected President in 2012,10,3.9,Aug/28/2011 07:54:42
748416,2012.PRES.HUNTSMAN,Jon Huntsman Jr to be elected President in 2012,10,4.0,Aug/28/2011 07:55:22
748416,2012.PRES.HUNTSMAN,Jon Huntsman Jr to be elected President in 2012,7,4.2,Aug/28/2011 15:32:47
748416,2012.PRES.HUNTSMAN,Jon Huntsman Jr to be elected President in 2012,8,4.3,Aug/28/2011 17:12:17
748416,2012.PRES.HUNTSMAN,Jon Huntsman Jr to be elected President in 2012,10,3.9,Aug/28/2011 22:53:30
748416,2012.PRES.HUNTSMAN,Jon Huntsman Jr to be elected President in 2012,20,4.0,Aug/28/2011 22:53:47
748416,2012.PRES.HUNTSMAN,Jon Huntsman Jr to be elected President in 2012,10,3.9,Aug/29/2011 00:35:26
748416,2012.PRES.HUNTSMAN,Jon Huntsman Jr to be elected President in 2012,2,3.8,Aug/29/2011 17:57:21
748416,2012.PRES.HUNTSMAN,Jon Huntsman Jr to be elected President in 2012,10,3.4,Aug/30/2011 02:10:13
748416,2012.PRES.HUNTSMAN,Jon Huntsman Jr to be elected President in 2012,30,4.0,Aug/30/2011 23:30:59
