market id,market symbol,market name,trade quantity,trade price,date/time [utc]
743479,2012.PRES.GINGRICH,Newt Gingrich to be elected President in 2012,2,2.9,Feb/20/2011 04:13:39
743479,2012.PRES.GINGRICH,Newt Gingrich to be elected President in 2012,5,2.2,Mar/01/2011 23:34:37
743479,2012.PRES.GINGRICH,Newt Gingrich to be elected President in 2012,4,2.3,Mar/01/2011 23:34:44
743479,2012.PRES.GINGRICH,Newt Gingrich to be elected President in 2012,1,1.4,Mar/08/2011 00:10:32
743479,2012.PRES.GINGRICH,Newt Gingrich to be elected President in 2012,2,1.5,Mar/08/2011 00:10:32
743479,2012.PRES.GINGRICH,Newt Gingrich to be elected President in 2012,3,1.6,Mar/08/2011 00:10:32
743479,2012.PRES.GINGRICH,Newt Gingrich to be elected President in 2012,4,1.7,Mar/08/2011 00:10:32
743479,2012.PRES.GINGRICH,Newt Gingrich to be elected President in 2012,5,1.8,Mar/08/2011 00:10:32
743479,2012.PRES.GINGRICH,Newt Gingrich to be elected President in 2012,6,1.9,Mar/08/2011 00:10:50
743479,2012.PRES.GINGRICH,Newt Gingrich to be elected President in 2012,1,2.0,Mar/12/2011 05:27:28
743479,2012.PRES.GINGRICH,Newt Gingrich to be elected President in 2012,5,1.9,Mar/15/2011 17:02:00
743479,2012.PRES.GINGRICH,Newt Gingrich to be elected President in 2012,1,2.9,Mar/18/2011 05:30:44
743479,2012.PRES.GINGRICH,Newt Gingrich to be elected President in 2012,15,2.8,Mar/28/2011 19:11:38
743479,2012.PRES.GINGRICH,Newt Gingrich to be elected President in 2012,20,2.8,Mar/28/2011 19:13:09
743479,2012.PRES.GINGRICH,Newt Gingrich to be elected President in 2012,100,3.0,Mar/28/2011 19:14:32
743479,2012.PRES.GINGRICH,Newt Gingrich to be elected President in 2012,32,2.9,Mar/28/2011 19:14:32
743479,2012.PRES.GINGRICH,Newt Gingrich to be elected President in 2012,4,2.9,Mar/28/2011 20:05:40
743479,2012.PRES.GINGRICH,Newt Gingrich to be elected President in 2012,5,3.0,Mar/28/2011 20:05:40
743479,2012.PRES.GINGRICH,Newt Gingrich to be elected President in 2012,6,3.1,Mar/28/2011 20:05:40
743479,2012.PRES.GINGRICH,Newt Gingrich to be elected President in 2012,7,3.2,Mar/28/2011 20:05:40
743479,2012.PRES.GINGRICH,Newt Gingrich to be elected President in 2012,8,3.3,Mar/28/2011 20:07:38
743479,2012.PRES.GINGRICH,Newt Gingrich to be elected President in 2012,100,3.3,Mar/28/2011 20:07:38
743479,2012.PRES.GINGRICH,Newt Gingrich to be elected President in 2012,1,1.9,Apr/04/2011 18:30:22
743479,2012.PRES.GINGRICH,Newt Gingrich to be elected President in 2012,2,2.0,Apr/04/2011 18:30:22
743479,2012.PRES.GINGRICH,Newt Gingrich to be elected President in 2012,3,2.1,Apr/04/2011 18:30:22
743479,2012.PRES.GINGRICH,Newt Gingrich to be elected President in 2012,4,2.2,Apr/04/2011 18:30:22
743479,2012.PRES.GINGRICH,Newt Gingrich to be elected President in 2012,40,1.8,Apr/04/2011 18:30:22
743479,2012.PRES.GINGRICH,Newt Gingrich to be elected President in 2012,20,1.6,Apr/14/2011 16:24:38
743479,2012.PRES.GINGRICH,Newt Gingrich to be elected President in 2012,1,1.0,Apr/14/2011 23:01:30
743479,2012.PRES.GINGRICH,Newt Gingrich to be elected President in 2012,5,1.0,Apr/14/2011 23:01:30
743479,2012.PRES.GINGRICH,Newt Gingrich to be elected President in 2012,10,0.9,Apr/14/2011 23:01:30
743479,2012.PRES.GINGRICH,Newt Gingrich to be elected President in 2012,15,0.8,Apr/14/2011 23:01:30
743479,2012.PRES.GINGRICH,Newt Gingrich to be elected President in 2012,9,0.7,Apr/14/2011 23:01:30
743479,2012.PRES.GINGRICH,Newt Gingrich to be elected President in 2012,8,1.5,Apr/15/2011 16:20:08
743479,2012.PRES.GINGRICH,Newt Gingrich to be elected President in 2012,1,0.7,Apr/18/2011 19:01:40
743479,2012.PRES.GINGRICH,Newt Gingrich to be elected President in 2012,1,0.7,Apr/18/2011 19:01:42
743479,2012.PRES.GINGRICH,Newt Gingrich to be elected President in 2012,1,0.7,Apr/18/2011 19:01:43
743479,2012.PRES.GINGRICH,Newt Gingrich to be elected President in 2012,5,1.4,Apr/25/2011 23:01:43
743479,2012.PRES.GINGRICH,Newt Gingrich to be elected President in 2012,10,1.5,Apr/25/2011 23:01:43
743479,2012.PRES.GINGRICH,Newt Gingrich to be elected President in 2012,15,1.6,Apr/25/2011 23:01:43
743479,2012.PRES.GINGRICH,Newt Gingrich to be elected President in 2012,20,1.7,Apr/25/2011 23:01:43
743479,2012.PRES.GINGRICH,Newt Gingrich to be elected President in 2012,25,1.8,Apr/25/2011 23:01:43
743479,2012.PRES.GINGRICH,Newt Gingrich to be elected President in 2012,10,1.4,Apr/25/2011 23:01:43
743479,2012.PRES.GINGRICH,Newt Gingrich to be elected President in 2012,10,1.8,Apr/26/2011 01:20:46
743479,2012.PRES.GINGRICH,Newt Gingrich to be elected President in 2012,10,1.8,Apr/26/2011 01:21:01
743479,2012.PRES.GINGRICH,Newt Gingrich to be elected President in 2012,5,1.8,Apr/26/2011 02:47:26
743479,2012.PRES.GINGRICH,Newt Gingrich to be elected President in 2012,2,1.8,Apr/26/2011 10:55:08
743479,2012.PRES.GINGRICH,Newt Gingrich to be elected President in 2012,10,1.8,Apr/26/2011 14:16:21
743479,2012.PRES.GINGRICH,Newt Gingrich to be elected President in 2012,10,1.8,Apr/26/2011 14:18:52
743479,2012.PRES.GINGRICH,Newt Gingrich to be elected President in 2012,10,1.8,Apr/26/2011 15:25:06
743479,2012.PRES.GINGRICH,Newt Gingrich to be elected President in 2012,10,1.8,Apr/26/2011 18:46:05
743479,2012.PRES.GINGRICH,Newt Gingrich to be elected President in 2012,58,1.8,Apr/27/2011 01:32:46
743479,2012.PRES.GINGRICH,Newt Gingrich to be elected President in 2012,27,1.3,Apr/29/2011 14:16:36
743479,2012.PRES.GINGRICH,Newt Gingrich to be elected President in 2012,17,1.3,Apr/29/2011 14:17:04
743479,2012.PRES.GINGRICH,Newt Gingrich to be elected President in 2012,17,1.3,Apr/29/2011 14:21:04
743479,2012.PRES.GINGRICH,Newt Gingrich to be elected President in 2012,17,1.3,Apr/29/2011 14:21:19
743479,2012.PRES.GINGRICH,Newt Gingrich to be elected President in 2012,28,1.3,Apr/29/2011 14:23:34
743479,2012.PRES.GINGRICH,Newt Gingrich to be elected President in 2012,16,1.3,Apr/29/2011 14:23:51
743479,2012.PRES.GINGRICH,Newt Gingrich to be elected President in 2012,23,1.3,Apr/29/2011 21:33:08
743479,2012.PRES.GINGRICH,Newt Gingrich to be elected President in 2012,21,1.3,Apr/29/2011 21:33:41
743479,2012.PRES.GINGRICH,Newt Gingrich to be elected President in 2012,27,1.4,May/01/2011 20:00:42
743479,2012.PRES.GINGRICH,Newt Gingrich to be elected President in 2012,17,1.5,May/01/2011 20:00:42
743479,2012.PRES.GINGRICH,Newt Gingrich to be elected President in 2012,28,1.5,May/01/2011 20:00:42
743479,2012.PRES.GINGRICH,Newt Gingrich to be elected President in 2012,23,1.4,May/01/2011 20:00:42
743479,2012.PRES.GINGRICH,Newt Gingrich to be elected President in 2012,1,1.2,May/01/2011 20:00:42
743479,2012.PRES.GINGRICH,Newt Gingrich to be elected President in 2012,22,1.2,May/01/2011 21:07:22
743479,2012.PRES.GINGRICH,Newt Gingrich to be elected President in 2012,29,1.2,May/01/2011 21:09:08
743479,2012.PRES.GINGRICH,Newt Gingrich to be elected President in 2012,29,1.2,May/01/2011 21:09:28
743479,2012.PRES.GINGRICH,Newt Gingrich to be elected President in 2012,15,1.2,May/01/2011 21:10:38
743479,2012.PRES.GINGRICH,Newt Gingrich to be elected President in 2012,26,1.2,May/01/2011 21:11:26
743479,2012.PRES.GINGRICH,Newt Gingrich to be elected President in 2012,24,1.2,May/01/2011 21:12:43
743479,2012.PRES.GINGRICH,Newt Gingrich to be elected President in 2012,22,1.2,May/01/2011 21:13:33
743479,2012.PRES.GINGRICH,Newt Gingrich to be elected President in 2012,18,1.2,May/01/2011 21:14:35
743479,2012.PRES.GINGRICH,Newt Gingrich to be elected President in 2012,18,1.2,May/01/2011 21:15:37
743479,2012.PRES.GINGRICH,Newt Gingrich to be elected President in 2012,25,1.2,May/01/2011 21:16:40
743479,2012.PRES.GINGRICH,Newt Gingrich to be elected President in 2012,23,1.2,May/01/2011 21:18:18
743479,2012.PRES.GINGRICH,Newt Gingrich to be elected President in 2012,20,1.2,May/01/2011 21:18:33
743479,2012.PRES.GINGRICH,Newt Gingrich to be elected President in 2012,29,1.2,May/01/2011 21:19:47
743479,2012.PRES.GINGRICH,Newt Gingrich to be elected President in 2012,20,1.2,May/01/2011 21:21:06
743479,2012.PRES.GINGRICH,Newt Gingrich to be elected President in 2012,14,1.1,May/01/2011 23:44:51
743479,2012.PRES.GINGRICH,Newt Gingrich to be elected President in 2012,1,1.3,May/02/2011 02:35:13
743479,2012.PRES.GINGRICH,Newt Gingrich to be elected President in 2012,9,1.3,May/02/2011 02:35:13
743479,2012.PRES.GINGRICH,Newt Gingrich to be elected President in 2012,1,1.2,May/02/2011 02:35:13
743479,2012.PRES.GINGRICH,Newt Gingrich to be elected President in 2012,3,0.7,May/02/2011 03:54:29
743479,2012.PRES.GINGRICH,Newt Gingrich to be elected President in 2012,3,0.7,May/02/2011 03:54:47
743479,2012.PRES.GINGRICH,Newt Gingrich to be elected President in 2012,4,0.7,May/02/2011 03:54:48
743479,2012.PRES.GINGRICH,Newt Gingrich to be elected President in 2012,3,0.7,May/02/2011 03:54:49
743479,2012.PRES.GINGRICH,Newt Gingrich to be elected President in 2012,2,0.7,May/02/2011 04:09:46
743479,2012.PRES.GINGRICH,Newt Gingrich to be elected President in 2012,6,0.7,May/02/2011 04:09:48
743479,2012.PRES.GINGRICH,Newt Gingrich to be elected President in 2012,4,0.7,May/02/2011 04:09:50
743479,2012.PRES.GINGRICH,Newt Gingrich to be elected President in 2012,1,0.7,May/02/2011 04:09:52
743479,2012.PRES.GINGRICH,Newt Gingrich to be elected President in 2012,4,0.7,May/02/2011 04:09:54
743479,2012.PRES.GINGRICH,Newt Gingrich to be elected President in 2012,5,0.5,May/02/2011 04:12:03
743479,2012.PRES.GINGRICH,Newt Gingrich to be elected President in 2012,6,1.3,May/04/2011 22:43:11
743479,2012.PRES.GINGRICH,Newt Gingrich to be elected President in 2012,20,1.3,May/04/2011 22:43:11
743479,2012.PRES.GINGRICH,Newt Gingrich to be elected President in 2012,20,1.3,May/04/2011 22:43:11
743479,2012.PRES.GINGRICH,Newt Gingrich to be elected President in 2012,1,1.2,May/04/2011 22:43:11
743479,2012.PRES.GINGRICH,Newt Gingrich to be elected President in 2012,3,1.2,May/04/2011 22:43:11
743479,2012.PRES.GINGRICH,Newt Gingrich to be elected President in 2012,40,1.1,May/06/2011 23:18:08
743479,2012.PRES.GINGRICH,Newt Gingrich to be elected President in 2012,100,1.2,May/07/2011 02:54:10
743479,2012.PRES.GINGRICH,Newt Gingrich to be elected President in 2012,20,1.2,May/07/2011 14:28:52
743479,2012.PRES.GINGRICH,Newt Gingrich to be elected President in 2012,10,1.1,May/07/2011 14:28:52
743479,2012.PRES.GINGRICH,Newt Gingrich to be elected President in 2012,20,1.4,May/07/2011 14:29:00
743479,2012.PRES.GINGRICH,Newt Gingrich to be elected President in 2012,10,1.4,May/07/2011 14:29:00
743479,2012.PRES.GINGRICH,Newt Gingrich to be elected President in 2012,10,1.4,May/07/2011 14:29:00
743479,2012.PRES.GINGRICH,Newt Gingrich to be elected President in 2012,100,1.4,May/07/2011 14:29:00
743479,2012.PRES.GINGRICH,Newt Gingrich to be elected President in 2012,16,1.5,May/07/2011 14:29:11
743479,2012.PRES.GINGRICH,Newt Gingrich to be elected President in 2012,20,1.5,May/07/2011 14:29:11
743479,2012.PRES.GINGRICH,Newt Gingrich to be elected President in 2012,20,1.5,May/07/2011 14:29:11
743479,2012.PRES.GINGRICH,Newt Gingrich to be elected President in 2012,20,1.5,May/07/2011 14:29:11
743479,2012.PRES.GINGRICH,Newt Gingrich to be elected President in 2012,24,1.5,May/07/2011 14:29:11
743479,2012.PRES.GINGRICH,Newt Gingrich to be elected President in 2012,27,1.5,May/07/2011 14:29:11
743479,2012.PRES.GINGRICH,Newt Gingrich to be elected President in 2012,1,1.3,May/07/2011 17:08:17
743479,2012.PRES.GINGRICH,Newt Gingrich to be elected President in 2012,9,1.5,May/07/2011 17:29:46
743479,2012.PRES.GINGRICH,Newt Gingrich to be elected President in 2012,1,1.3,May/07/2011 18:25:12
743479,2012.PRES.GINGRICH,Newt Gingrich to be elected President in 2012,1,1.3,May/07/2011 21:59:36
743479,2012.PRES.GINGRICH,Newt Gingrich to be elected President in 2012,10,1.3,May/08/2011 01:35:07
743479,2012.PRES.GINGRICH,Newt Gingrich to be elected President in 2012,50,1.3,May/08/2011 01:38:05
743479,2012.PRES.GINGRICH,Newt Gingrich to be elected President in 2012,20,1.3,May/09/2011 00:58:38
743479,2012.PRES.GINGRICH,Newt Gingrich to be elected President in 2012,20,1.2,May/10/2011 00:41:49
743479,2012.PRES.GINGRICH,Newt Gingrich to be elected President in 2012,20,1.5,May/10/2011 16:38:00
743479,2012.PRES.GINGRICH,Newt Gingrich to be elected President in 2012,10,1.4,May/10/2011 16:38:00
743479,2012.PRES.GINGRICH,Newt Gingrich to be elected President in 2012,10,1.3,May/10/2011 16:38:00
743479,2012.PRES.GINGRICH,Newt Gingrich to be elected President in 2012,10,1.5,May/10/2011 21:02:54
743479,2012.PRES.GINGRICH,Newt Gingrich to be elected President in 2012,10,1.5,May/10/2011 21:47:20
743479,2012.PRES.GINGRICH,Newt Gingrich to be elected President in 2012,42,1.6,May/11/2011 00:15:26
743479,2012.PRES.GINGRICH,Newt Gingrich to be elected President in 2012,10,1.6,May/11/2011 12:02:18
743479,2012.PRES.GINGRICH,Newt Gingrich to be elected President in 2012,100,1.6,May/11/2011 14:13:05
743479,2012.PRES.GINGRICH,Newt Gingrich to be elected President in 2012,10,1.7,May/11/2011 14:24:51
743479,2012.PRES.GINGRICH,Newt Gingrich to be elected President in 2012,1,1.8,May/11/2011 14:25:19
743479,2012.PRES.GINGRICH,Newt Gingrich to be elected President in 2012,11,1.8,May/11/2011 15:35:59
743479,2012.PRES.GINGRICH,Newt Gingrich to be elected President in 2012,100,1.8,May/11/2011 15:35:59
743479,2012.PRES.GINGRICH,Newt Gingrich to be elected President in 2012,1,1.9,May/11/2011 15:48:50
743479,2012.PRES.GINGRICH,Newt Gingrich to be elected President in 2012,10,1.9,May/11/2011 16:04:43
743479,2012.PRES.GINGRICH,Newt Gingrich to be elected President in 2012,10,1.9,May/11/2011 16:04:43
743479,2012.PRES.GINGRICH,Newt Gingrich to be elected President in 2012,80,1.9,May/11/2011 16:04:43
743479,2012.PRES.GINGRICH,Newt Gingrich to be elected President in 2012,20,1.9,May/11/2011 16:05:00
743479,2012.PRES.GINGRICH,Newt Gingrich to be elected President in 2012,5,2.0,May/11/2011 16:05:38
743479,2012.PRES.GINGRICH,Newt Gingrich to be elected President in 2012,1,1.9,May/11/2011 16:11:52
743479,2012.PRES.GINGRICH,Newt Gingrich to be elected President in 2012,9,1.9,May/11/2011 17:43:48
743479,2012.PRES.GINGRICH,Newt Gingrich to be elected President in 2012,25,2.0,May/11/2011 17:43:58
743479,2012.PRES.GINGRICH,Newt Gingrich to be elected President in 2012,10,1.9,May/11/2011 22:49:45
743479,2012.PRES.GINGRICH,Newt Gingrich to be elected President in 2012,10,1.9,May/12/2011 03:55:03
743479,2012.PRES.GINGRICH,Newt Gingrich to be elected President in 2012,20,2.0,May/12/2011 05:50:29
743479,2012.PRES.GINGRICH,Newt Gingrich to be elected President in 2012,10,2.0,May/12/2011 05:50:29
743479,2012.PRES.GINGRICH,Newt Gingrich to be elected President in 2012,10,2.0,May/12/2011 05:50:29
743479,2012.PRES.GINGRICH,Newt Gingrich to be elected President in 2012,10,2.0,May/12/2011 05:50:29
743479,2012.PRES.GINGRICH,Newt Gingrich to be elected President in 2012,2,2.0,May/12/2011 05:50:29
743479,2012.PRES.GINGRICH,Newt Gingrich to be elected President in 2012,10,2.0,May/12/2011 05:50:29
743479,2012.PRES.GINGRICH,Newt Gingrich to be elected President in 2012,10,2.0,May/12/2011 05:50:29
743479,2012.PRES.GINGRICH,Newt Gingrich to be elected President in 2012,10,2.0,May/12/2011 05:50:29
743479,2012.PRES.GINGRICH,Newt Gingrich to be elected President in 2012,10,2.0,May/12/2011 05:50:29
743479,2012.PRES.GINGRICH,Newt Gingrich to be elected President in 2012,8,2.0,May/12/2011 05:50:29
743479,2012.PRES.GINGRICH,Newt Gingrich to be elected President in 2012,12,2.0,May/12/2011 05:53:56
743479,2012.PRES.GINGRICH,Newt Gingrich to be elected President in 2012,10,2.0,May/12/2011 05:53:56
743479,2012.PRES.GINGRICH,Newt Gingrich to be elected President in 2012,3,2.1,May/12/2011 05:57:47
743479,2012.PRES.GINGRICH,Newt Gingrich to be elected President in 2012,7,2.1,May/12/2011 05:57:47
743479,2012.PRES.GINGRICH,Newt Gingrich to be elected President in 2012,2,2.1,May/12/2011 05:59:16
743479,2012.PRES.GINGRICH,Newt Gingrich to be elected President in 2012,1,2.1,May/12/2011 06:00:22
743479,2012.PRES.GINGRICH,Newt Gingrich to be elected President in 2012,4,2.2,May/12/2011 11:00:06
743479,2012.PRES.GINGRICH,Newt Gingrich to be elected President in 2012,7,2.2,May/12/2011 11:00:06
743479,2012.PRES.GINGRICH,Newt Gingrich to be elected President in 2012,3,2.2,May/12/2011 12:04:54
743479,2012.PRES.GINGRICH,Newt Gingrich to be elected President in 2012,1,2.0,May/12/2011 14:14:38
743479,2012.PRES.GINGRICH,Newt Gingrich to be elected President in 2012,10,1.9,May/12/2011 14:34:02
743479,2012.PRES.GINGRICH,Newt Gingrich to be elected President in 2012,10,1.8,May/13/2011 14:07:03
743479,2012.PRES.GINGRICH,Newt Gingrich to be elected President in 2012,10,1.8,May/13/2011 15:42:04
743479,2012.PRES.GINGRICH,Newt Gingrich to be elected President in 2012,50,1.6,May/13/2011 16:33:40
743479,2012.PRES.GINGRICH,Newt Gingrich to be elected President in 2012,50,1.5,May/13/2011 17:57:08
743479,2012.PRES.GINGRICH,Newt Gingrich to be elected President in 2012,10,1.7,May/13/2011 22:02:13
743479,2012.PRES.GINGRICH,Newt Gingrich to be elected President in 2012,1,1.7,May/13/2011 22:02:13
743479,2012.PRES.GINGRICH,Newt Gingrich to be elected President in 2012,9,1.7,May/13/2011 22:24:18
743479,2012.PRES.GINGRICH,Newt Gingrich to be elected President in 2012,21,1.6,May/13/2011 23:58:57
743479,2012.PRES.GINGRICH,Newt Gingrich to be elected President in 2012,10,1.7,May/14/2011 11:13:04
743479,2012.PRES.GINGRICH,Newt Gingrich to be elected President in 2012,2,1.8,May/14/2011 11:59:03
743479,2012.PRES.GINGRICH,Newt Gingrich to be elected President in 2012,10,1.8,May/14/2011 11:59:03
743479,2012.PRES.GINGRICH,Newt Gingrich to be elected President in 2012,10,1.8,May/15/2011 13:22:55
743479,2012.PRES.GINGRICH,Newt Gingrich to be elected President in 2012,10,1.8,May/15/2011 13:22:55
743479,2012.PRES.GINGRICH,Newt Gingrich to be elected President in 2012,10,1.8,May/15/2011 13:22:55
743479,2012.PRES.GINGRICH,Newt Gingrich to be elected President in 2012,10,1.9,May/15/2011 13:23:02
743479,2012.PRES.GINGRICH,Newt Gingrich to be elected President in 2012,10,1.9,May/15/2011 13:23:02
743479,2012.PRES.GINGRICH,Newt Gingrich to be elected President in 2012,12,1.9,May/15/2011 13:23:02
743479,2012.PRES.GINGRICH,Newt Gingrich to be elected President in 2012,10,1.9,May/15/2011 13:23:02
743479,2012.PRES.GINGRICH,Newt Gingrich to be elected President in 2012,10,1.9,May/15/2011 13:23:02
743479,2012.PRES.GINGRICH,Newt Gingrich to be elected President in 2012,50,2.0,May/15/2011 13:23:08
743479,2012.PRES.GINGRICH,Newt Gingrich to be elected President in 2012,62,2.0,May/15/2011 13:23:08
743479,2012.PRES.GINGRICH,Newt Gingrich to be elected President in 2012,10,2.0,May/15/2011 13:23:08
743479,2012.PRES.GINGRICH,Newt Gingrich to be elected President in 2012,10,2.0,May/15/2011 13:23:08
743479,2012.PRES.GINGRICH,Newt Gingrich to be elected President in 2012,10,2.0,May/15/2011 13:23:08
743479,2012.PRES.GINGRICH,Newt Gingrich to be elected President in 2012,10,2.0,May/15/2011 13:23:08
743479,2012.PRES.GINGRICH,Newt Gingrich to be elected President in 2012,10,2.0,May/15/2011 13:23:08
743479,2012.PRES.GINGRICH,Newt Gingrich to be elected President in 2012,1,1.7,May/15/2011 19:37:09
743479,2012.PRES.GINGRICH,Newt Gingrich to be elected President in 2012,49,1.7,May/15/2011 21:12:52
743479,2012.PRES.GINGRICH,Newt Gingrich to be elected President in 2012,21,1.7,May/15/2011 21:19:14
743479,2012.PRES.GINGRICH,Newt Gingrich to be elected President in 2012,39,1.7,May/15/2011 21:22:19
743479,2012.PRES.GINGRICH,Newt Gingrich to be elected President in 2012,11,1.7,May/15/2011 21:25:39
743479,2012.PRES.GINGRICH,Newt Gingrich to be elected President in 2012,69,1.7,May/15/2011 21:34:46
743479,2012.PRES.GINGRICH,Newt Gingrich to be elected President in 2012,1,1.8,May/15/2011 23:05:12
743479,2012.PRES.GINGRICH,Newt Gingrich to be elected President in 2012,10,1.7,May/16/2011 01:47:37
743479,2012.PRES.GINGRICH,Newt Gingrich to be elected President in 2012,10,1.7,May/16/2011 16:33:40
743479,2012.PRES.GINGRICH,Newt Gingrich to be elected President in 2012,10,1.7,May/16/2011 16:33:40
743479,2012.PRES.GINGRICH,Newt Gingrich to be elected President in 2012,10,1.7,May/16/2011 16:33:40
743479,2012.PRES.GINGRICH,Newt Gingrich to be elected President in 2012,10,1.7,May/16/2011 16:33:40
743479,2012.PRES.GINGRICH,Newt Gingrich to be elected President in 2012,20,1.8,May/16/2011 16:35:48
743479,2012.PRES.GINGRICH,Newt Gingrich to be elected President in 2012,20,1.8,May/16/2011 17:26:07
743479,2012.PRES.GINGRICH,Newt Gingrich to be elected President in 2012,20,1.9,May/16/2011 17:26:22
743479,2012.PRES.GINGRICH,Newt Gingrich to be elected President in 2012,60,2.0,May/16/2011 17:26:31
743479,2012.PRES.GINGRICH,Newt Gingrich to be elected President in 2012,50,2.0,May/16/2011 17:26:31
743479,2012.PRES.GINGRICH,Newt Gingrich to be elected President in 2012,10,2.0,May/16/2011 17:26:31
743479,2012.PRES.GINGRICH,Newt Gingrich to be elected President in 2012,10,2.0,May/16/2011 17:26:31
743479,2012.PRES.GINGRICH,Newt Gingrich to be elected President in 2012,10,2.0,May/16/2011 17:26:31
743479,2012.PRES.GINGRICH,Newt Gingrich to be elected President in 2012,10,1.9,May/16/2011 22:34:18
743479,2012.PRES.GINGRICH,Newt Gingrich to be elected President in 2012,27,1.8,May/16/2011 22:43:59
743479,2012.PRES.GINGRICH,Newt Gingrich to be elected President in 2012,23,1.9,May/16/2011 23:34:52
743479,2012.PRES.GINGRICH,Newt Gingrich to be elected President in 2012,8,1.9,May/17/2011 01:50:18
743479,2012.PRES.GINGRICH,Newt Gingrich to be elected President in 2012,12,1.9,May/17/2011 03:31:50
743479,2012.PRES.GINGRICH,Newt Gingrich to be elected President in 2012,1,2.0,May/17/2011 03:32:12
743479,2012.PRES.GINGRICH,Newt Gingrich to be elected President in 2012,1,1.9,May/17/2011 11:19:06
743479,2012.PRES.GINGRICH,Newt Gingrich to be elected President in 2012,9,1.9,May/17/2011 13:37:12
743479,2012.PRES.GINGRICH,Newt Gingrich to be elected President in 2012,5,2.0,May/17/2011 13:37:35
743479,2012.PRES.GINGRICH,Newt Gingrich to be elected President in 2012,4,2.0,May/17/2011 13:38:55
743479,2012.PRES.GINGRICH,Newt Gingrich to be elected President in 2012,6,2.0,May/17/2011 13:38:55
743479,2012.PRES.GINGRICH,Newt Gingrich to be elected President in 2012,4,2.0,May/17/2011 13:50:21
743479,2012.PRES.GINGRICH,Newt Gingrich to be elected President in 2012,1,2.0,May/17/2011 13:50:21
743479,2012.PRES.GINGRICH,Newt Gingrich to be elected President in 2012,100,1.8,May/17/2011 14:48:25
743479,2012.PRES.GINGRICH,Newt Gingrich to be elected President in 2012,253,1.8,May/17/2011 15:00:41
743479,2012.PRES.GINGRICH,Newt Gingrich to be elected President in 2012,7,1.8,May/17/2011 15:04:34
743479,2012.PRES.GINGRICH,Newt Gingrich to be elected President in 2012,2,1.6,May/18/2011 13:58:30
743479,2012.PRES.GINGRICH,Newt Gingrich to be elected President in 2012,1,1.6,May/18/2011 13:58:30
743479,2012.PRES.GINGRICH,Newt Gingrich to be elected President in 2012,3,1.5,May/18/2011 18:45:42
743479,2012.PRES.GINGRICH,Newt Gingrich to be elected President in 2012,100,1.4,May/18/2011 18:45:50
743479,2012.PRES.GINGRICH,Newt Gingrich to be elected President in 2012,10,1.1,May/18/2011 18:46:53
743479,2012.PRES.GINGRICH,Newt Gingrich to be elected President in 2012,10,1.1,May/18/2011 18:47:25
743479,2012.PRES.GINGRICH,Newt Gingrich to be elected President in 2012,9,1.1,May/18/2011 19:08:15
743479,2012.PRES.GINGRICH,Newt Gingrich to be elected President in 2012,10,1.2,May/18/2011 19:08:19
743479,2012.PRES.GINGRICH,Newt Gingrich to be elected President in 2012,10,1.2,May/18/2011 19:08:19
743479,2012.PRES.GINGRICH,Newt Gingrich to be elected President in 2012,10,1.2,May/18/2011 20:00:00
743479,2012.PRES.GINGRICH,Newt Gingrich to be elected President in 2012,10,1.2,May/19/2011 03:36:46
743479,2012.PRES.GINGRICH,Newt Gingrich to be elected President in 2012,390,1.2,May/19/2011 03:36:46
743479,2012.PRES.GINGRICH,Newt Gingrich to be elected President in 2012,17,1.2,May/19/2011 06:50:04
743479,2012.PRES.GINGRICH,Newt Gingrich to be elected President in 2012,50,1.2,May/19/2011 06:50:04
743479,2012.PRES.GINGRICH,Newt Gingrich to be elected President in 2012,10,1.2,May/19/2011 12:46:36
743479,2012.PRES.GINGRICH,Newt Gingrich to be elected President in 2012,27,1.1,May/20/2011 19:05:13
743479,2012.PRES.GINGRICH,Newt Gingrich to be elected President in 2012,23,1.1,May/20/2011 21:30:53
743479,2012.PRES.GINGRICH,Newt Gingrich to be elected President in 2012,27,1.1,May/20/2011 21:30:53
743479,2012.PRES.GINGRICH,Newt Gingrich to be elected President in 2012,50,1.2,May/20/2011 21:43:28
743479,2012.PRES.GINGRICH,Newt Gingrich to be elected President in 2012,5,1.2,May/21/2011 19:13:05
743479,2012.PRES.GINGRICH,Newt Gingrich to be elected President in 2012,5,1.2,May/21/2011 19:16:51
743479,2012.PRES.GINGRICH,Newt Gingrich to be elected President in 2012,10,1.3,May/22/2011 07:18:28
743479,2012.PRES.GINGRICH,Newt Gingrich to be elected President in 2012,10,1.3,May/22/2011 07:18:28
743479,2012.PRES.GINGRICH,Newt Gingrich to be elected President in 2012,10,1.3,May/22/2011 07:18:28
743479,2012.PRES.GINGRICH,Newt Gingrich to be elected President in 2012,40,1.3,May/22/2011 07:18:37
743479,2012.PRES.GINGRICH,Newt Gingrich to be elected President in 2012,10,1.3,May/22/2011 09:25:52
743479,2012.PRES.GINGRICH,Newt Gingrich to be elected President in 2012,10,1.3,May/22/2011 09:25:52
743479,2012.PRES.GINGRICH,Newt Gingrich to be elected President in 2012,10,1.3,May/22/2011 09:25:52
743479,2012.PRES.GINGRICH,Newt Gingrich to be elected President in 2012,30,1.3,May/22/2011 09:25:52
743479,2012.PRES.GINGRICH,Newt Gingrich to be elected President in 2012,5,1.4,May/22/2011 13:32:56
743479,2012.PRES.GINGRICH,Newt Gingrich to be elected President in 2012,5,1.3,May/22/2011 14:41:59
743479,2012.PRES.GINGRICH,Newt Gingrich to be elected President in 2012,20,1.2,May/23/2011 04:55:01
743479,2012.PRES.GINGRICH,Newt Gingrich to be elected President in 2012,23,1.1,May/24/2011 20:17:33
743479,2012.PRES.GINGRICH,Newt Gingrich to be elected President in 2012,3,1.1,May/24/2011 20:49:50
743479,2012.PRES.GINGRICH,Newt Gingrich to be elected President in 2012,10,1.1,May/27/2011 19:49:22
743479,2012.PRES.GINGRICH,Newt Gingrich to be elected President in 2012,20,1.1,May/27/2011 19:49:34
743479,2012.PRES.GINGRICH,Newt Gingrich to be elected President in 2012,10,1.2,May/27/2011 19:49:48
743479,2012.PRES.GINGRICH,Newt Gingrich to be elected President in 2012,1,1.2,May/27/2011 19:50:32
743479,2012.PRES.GINGRICH,Newt Gingrich to be elected President in 2012,20,1.0,May/27/2011 21:54:58
743479,2012.PRES.GINGRICH,Newt Gingrich to be elected President in 2012,10,1.1,May/27/2011 23:09:00
743479,2012.PRES.GINGRICH,Newt Gingrich to be elected President in 2012,14,1.0,May/28/2011 18:13:32
743479,2012.PRES.GINGRICH,Newt Gingrich to be elected President in 2012,25,1.0,May/28/2011 20:55:24
743479,2012.PRES.GINGRICH,Newt Gingrich to be elected President in 2012,10,1.0,May/29/2011 00:21:22
743479,2012.PRES.GINGRICH,Newt Gingrich to be elected President in 2012,10,1.0,May/29/2011 02:28:06
743479,2012.PRES.GINGRICH,Newt Gingrich to be elected President in 2012,10,1.0,May/29/2011 03:43:06
743479,2012.PRES.GINGRICH,Newt Gingrich to be elected President in 2012,25,1.0,May/29/2011 15:57:36
743479,2012.PRES.GINGRICH,Newt Gingrich to be elected President in 2012,25,1.0,May/29/2011 15:57:36
743479,2012.PRES.GINGRICH,Newt Gingrich to be elected President in 2012,50,0.9,May/30/2011 00:34:13
743479,2012.PRES.GINGRICH,Newt Gingrich to be elected President in 2012,50,0.9,May/30/2011 00:34:13
743479,2012.PRES.GINGRICH,Newt Gingrich to be elected President in 2012,10,0.9,May/30/2011 03:08:03
743479,2012.PRES.GINGRICH,Newt Gingrich to be elected President in 2012,10,0.9,May/31/2011 02:21:55
743479,2012.PRES.GINGRICH,Newt Gingrich to be elected President in 2012,10,0.9,May/31/2011 02:21:55
743479,2012.PRES.GINGRICH,Newt Gingrich to be elected President in 2012,1,0.9,Jun/01/2011 04:27:47
743479,2012.PRES.GINGRICH,Newt Gingrich to be elected President in 2012,1,0.9,Jun/02/2011 21:09:40
743479,2012.PRES.GINGRICH,Newt Gingrich to be elected President in 2012,80,0.8,Jun/02/2011 21:10:15
743479,2012.PRES.GINGRICH,Newt Gingrich to be elected President in 2012,128,0.7,Jun/03/2011 22:54:38
743479,2012.PRES.GINGRICH,Newt Gingrich to be elected President in 2012,22,0.7,Jun/03/2011 22:54:38
743479,2012.PRES.GINGRICH,Newt Gingrich to be elected President in 2012,37,0.7,Jun/04/2011 16:33:09
743479,2012.PRES.GINGRICH,Newt Gingrich to be elected President in 2012,5,0.6,Jun/05/2011 02:40:45
743479,2012.PRES.GINGRICH,Newt Gingrich to be elected President in 2012,10,0.6,Jun/07/2011 09:50:23
743479,2012.PRES.GINGRICH,Newt Gingrich to be elected President in 2012,10,0.7,Jun/07/2011 09:51:06
743479,2012.PRES.GINGRICH,Newt Gingrich to be elected President in 2012,100,0.7,Jun/07/2011 09:51:06
743479,2012.PRES.GINGRICH,Newt Gingrich to be elected President in 2012,63,0.7,Jun/07/2011 09:51:06
743479,2012.PRES.GINGRICH,Newt Gingrich to be elected President in 2012,50,0.8,Jun/07/2011 09:52:42
743479,2012.PRES.GINGRICH,Newt Gingrich to be elected President in 2012,17,0.8,Jun/07/2011 09:52:42
743479,2012.PRES.GINGRICH,Newt Gingrich to be elected President in 2012,40,0.9,Jun/07/2011 09:56:40
743479,2012.PRES.GINGRICH,Newt Gingrich to be elected President in 2012,22,0.9,Jun/07/2011 09:56:40
743479,2012.PRES.GINGRICH,Newt Gingrich to be elected President in 2012,10,0.9,Jun/07/2011 09:56:40
743479,2012.PRES.GINGRICH,Newt Gingrich to be elected President in 2012,30,1.0,Jun/07/2011 09:57:46
743479,2012.PRES.GINGRICH,Newt Gingrich to be elected President in 2012,10,1.0,Jun/07/2011 09:57:46
743479,2012.PRES.GINGRICH,Newt Gingrich to be elected President in 2012,10,1.0,Jun/07/2011 09:57:46
743479,2012.PRES.GINGRICH,Newt Gingrich to be elected President in 2012,10,1.0,Jun/07/2011 09:57:46
743479,2012.PRES.GINGRICH,Newt Gingrich to be elected President in 2012,100,1.0,Jun/07/2011 11:43:05
743479,2012.PRES.GINGRICH,Newt Gingrich to be elected President in 2012,105,1.0,Jun/08/2011 02:25:23
743479,2012.PRES.GINGRICH,Newt Gingrich to be elected President in 2012,100,1.0,Jun/08/2011 02:25:23
743479,2012.PRES.GINGRICH,Newt Gingrich to be elected President in 2012,50,0.9,Jun/08/2011 02:25:23
743479,2012.PRES.GINGRICH,Newt Gingrich to be elected President in 2012,25,1.1,Jun/08/2011 02:26:26
743479,2012.PRES.GINGRICH,Newt Gingrich to be elected President in 2012,10,1.1,Jun/08/2011 02:26:26
743479,2012.PRES.GINGRICH,Newt Gingrich to be elected President in 2012,10,1.1,Jun/08/2011 02:26:26
743479,2012.PRES.GINGRICH,Newt Gingrich to be elected President in 2012,10,1.1,Jun/08/2011 02:26:26
743479,2012.PRES.GINGRICH,Newt Gingrich to be elected President in 2012,20,1.1,Jun/08/2011 02:26:26
743479,2012.PRES.GINGRICH,Newt Gingrich to be elected President in 2012,10,1.1,Jun/08/2011 02:26:26
743479,2012.PRES.GINGRICH,Newt Gingrich to be elected President in 2012,9,1.2,Jun/08/2011 02:27:30
743479,2012.PRES.GINGRICH,Newt Gingrich to be elected President in 2012,10,1.2,Jun/08/2011 02:27:30
743479,2012.PRES.GINGRICH,Newt Gingrich to be elected President in 2012,10,1.2,Jun/08/2011 02:27:30
743479,2012.PRES.GINGRICH,Newt Gingrich to be elected President in 2012,20,1.2,Jun/08/2011 02:27:30
743479,2012.PRES.GINGRICH,Newt Gingrich to be elected President in 2012,14,1.2,Jun/08/2011 02:27:30
743479,2012.PRES.GINGRICH,Newt Gingrich to be elected President in 2012,10,1.2,Jun/08/2011 02:27:30
743479,2012.PRES.GINGRICH,Newt Gingrich to be elected President in 2012,20,1.2,Jun/08/2011 02:27:30
743479,2012.PRES.GINGRICH,Newt Gingrich to be elected President in 2012,20,1.2,Jun/08/2011 02:27:30
743479,2012.PRES.GINGRICH,Newt Gingrich to be elected President in 2012,100,1.2,Jun/08/2011 02:28:52
743479,2012.PRES.GINGRICH,Newt Gingrich to be elected President in 2012,100,1.2,Jun/08/2011 02:30:21
743479,2012.PRES.GINGRICH,Newt Gingrich to be elected President in 2012,25,1.2,Jun/08/2011 03:08:49
743479,2012.PRES.GINGRICH,Newt Gingrich to be elected President in 2012,25,1.1,Jun/08/2011 03:08:49
743479,2012.PRES.GINGRICH,Newt Gingrich to be elected President in 2012,25,1.2,Jun/08/2011 16:50:23
743479,2012.PRES.GINGRICH,Newt Gingrich to be elected President in 2012,25,1.1,Jun/08/2011 16:50:23
743479,2012.PRES.GINGRICH,Newt Gingrich to be elected President in 2012,15,1.2,Jun/08/2011 17:16:56
743479,2012.PRES.GINGRICH,Newt Gingrich to be elected President in 2012,15,1.1,Jun/08/2011 17:16:56
743479,2012.PRES.GINGRICH,Newt Gingrich to be elected President in 2012,10,1.2,Jun/09/2011 05:54:55
743479,2012.PRES.GINGRICH,Newt Gingrich to be elected President in 2012,100,1.2,Jun/09/2011 05:54:55
743479,2012.PRES.GINGRICH,Newt Gingrich to be elected President in 2012,100,1.2,Jun/09/2011 05:54:55
743479,2012.PRES.GINGRICH,Newt Gingrich to be elected President in 2012,25,0.5,Jun/09/2011 19:35:06
743479,2012.PRES.GINGRICH,Newt Gingrich to be elected President in 2012,50,0.4,Jun/09/2011 20:23:34
743479,2012.PRES.GINGRICH,Newt Gingrich to be elected President in 2012,50,0.5,Jun/09/2011 20:23:34
743479,2012.PRES.GINGRICH,Newt Gingrich to be elected President in 2012,5,0.4,Jun/10/2011 21:14:12
743479,2012.PRES.GINGRICH,Newt Gingrich to be elected President in 2012,10,0.5,Jun/10/2011 21:14:58
743479,2012.PRES.GINGRICH,Newt Gingrich to be elected President in 2012,11,0.5,Jun/10/2011 21:14:58
743479,2012.PRES.GINGRICH,Newt Gingrich to be elected President in 2012,10,0.4,Jun/10/2011 21:26:27
743479,2012.PRES.GINGRICH,Newt Gingrich to be elected President in 2012,20,0.5,Jun/10/2011 21:26:27
743479,2012.PRES.GINGRICH,Newt Gingrich to be elected President in 2012,5,0.5,Jun/11/2011 02:14:21
743479,2012.PRES.GINGRICH,Newt Gingrich to be elected President in 2012,8,0.3,Jun/11/2011 14:37:32
743479,2012.PRES.GINGRICH,Newt Gingrich to be elected President in 2012,10,0.4,Jun/11/2011 19:48:51
743479,2012.PRES.GINGRICH,Newt Gingrich to be elected President in 2012,20,0.5,Jun/11/2011 19:48:51
743479,2012.PRES.GINGRICH,Newt Gingrich to be elected President in 2012,10,0.4,Jun/11/2011 19:48:51
743479,2012.PRES.GINGRICH,Newt Gingrich to be elected President in 2012,20,0.5,Jun/11/2011 19:48:51
743479,2012.PRES.GINGRICH,Newt Gingrich to be elected President in 2012,18,0.4,Jun/11/2011 19:48:51
743479,2012.PRES.GINGRICH,Newt Gingrich to be elected President in 2012,10,0.5,Jun/11/2011 22:01:28
743479,2012.PRES.GINGRICH,Newt Gingrich to be elected President in 2012,10,0.3,Jun/12/2011 18:59:32
743479,2012.PRES.GINGRICH,Newt Gingrich to be elected President in 2012,10,0.4,Jun/12/2011 20:13:25
743479,2012.PRES.GINGRICH,Newt Gingrich to be elected President in 2012,10,0.5,Jun/12/2011 20:58:56
743479,2012.PRES.GINGRICH,Newt Gingrich to be elected President in 2012,20,0.5,Jun/12/2011 21:07:03
743479,2012.PRES.GINGRICH,Newt Gingrich to be elected President in 2012,1,0.3,Jun/12/2011 22:18:26
743479,2012.PRES.GINGRICH,Newt Gingrich to be elected President in 2012,1,0.5,Jun/13/2011 05:09:18
743479,2012.PRES.GINGRICH,Newt Gingrich to be elected President in 2012,10,0.5,Jun/13/2011 05:09:18
743479,2012.PRES.GINGRICH,Newt Gingrich to be elected President in 2012,25,0.6,Jun/13/2011 05:21:27
743479,2012.PRES.GINGRICH,Newt Gingrich to be elected President in 2012,30,0.6,Jun/13/2011 05:21:27
743479,2012.PRES.GINGRICH,Newt Gingrich to be elected President in 2012,5,0.5,Jun/13/2011 21:05:14
743479,2012.PRES.GINGRICH,Newt Gingrich to be elected President in 2012,10,0.6,Jun/13/2011 21:05:37
743479,2012.PRES.GINGRICH,Newt Gingrich to be elected President in 2012,10,0.6,Jun/13/2011 22:12:56
743479,2012.PRES.GINGRICH,Newt Gingrich to be elected President in 2012,25,0.7,Jun/13/2011 23:42:20
743479,2012.PRES.GINGRICH,Newt Gingrich to be elected President in 2012,40,0.7,Jun/13/2011 23:42:20
743479,2012.PRES.GINGRICH,Newt Gingrich to be elected President in 2012,20,0.7,Jun/13/2011 23:42:20
743479,2012.PRES.GINGRICH,Newt Gingrich to be elected President in 2012,25,0.8,Jun/13/2011 23:43:53
743479,2012.PRES.GINGRICH,Newt Gingrich to be elected President in 2012,50,0.8,Jun/13/2011 23:43:53
743479,2012.PRES.GINGRICH,Newt Gingrich to be elected President in 2012,30,0.8,Jun/13/2011 23:43:53
743479,2012.PRES.GINGRICH,Newt Gingrich to be elected President in 2012,60,0.9,Jun/13/2011 23:54:08
743479,2012.PRES.GINGRICH,Newt Gingrich to be elected President in 2012,40,0.9,Jun/13/2011 23:54:08
743479,2012.PRES.GINGRICH,Newt Gingrich to be elected President in 2012,5,0.9,Jun/14/2011 00:58:02
743479,2012.PRES.GINGRICH,Newt Gingrich to be elected President in 2012,1,0.3,Jun/14/2011 00:58:10
743479,2012.PRES.GINGRICH,Newt Gingrich to be elected President in 2012,1,0.3,Jun/14/2011 00:58:15
743479,2012.PRES.GINGRICH,Newt Gingrich to be elected President in 2012,1,0.3,Jun/14/2011 00:58:19
743479,2012.PRES.GINGRICH,Newt Gingrich to be elected President in 2012,1,0.3,Jun/14/2011 00:58:26
743479,2012.PRES.GINGRICH,Newt Gingrich to be elected President in 2012,1,0.3,Jun/14/2011 00:58:40
743479,2012.PRES.GINGRICH,Newt Gingrich to be elected President in 2012,5,0.9,Jun/14/2011 02:36:09
743479,2012.PRES.GINGRICH,Newt Gingrich to be elected President in 2012,10,0.8,Jun/14/2011 20:32:30
743479,2012.PRES.GINGRICH,Newt Gingrich to be elected President in 2012,10,0.9,Jun/14/2011 20:32:30
743479,2012.PRES.GINGRICH,Newt Gingrich to be elected President in 2012,10,0.7,Jun/14/2011 21:41:53
743479,2012.PRES.GINGRICH,Newt Gingrich to be elected President in 2012,5,0.8,Jun/15/2011 06:47:23
743479,2012.PRES.GINGRICH,Newt Gingrich to be elected President in 2012,10,0.8,Jun/15/2011 06:47:23
743479,2012.PRES.GINGRICH,Newt Gingrich to be elected President in 2012,5,0.7,Jun/15/2011 06:47:23
743479,2012.PRES.GINGRICH,Newt Gingrich to be elected President in 2012,6,0.8,Jun/15/2011 06:47:23
743479,2012.PRES.GINGRICH,Newt Gingrich to be elected President in 2012,10,0.9,Jun/16/2011 04:45:20
743479,2012.PRES.GINGRICH,Newt Gingrich to be elected President in 2012,10,0.9,Jun/16/2011 04:45:20
743479,2012.PRES.GINGRICH,Newt Gingrich to be elected President in 2012,7,0.9,Jun/16/2011 04:45:20
743479,2012.PRES.GINGRICH,Newt Gingrich to be elected President in 2012,30,0.8,Jun/16/2011 04:45:20
743479,2012.PRES.GINGRICH,Newt Gingrich to be elected President in 2012,10,0.9,Jun/16/2011 04:45:20
743479,2012.PRES.GINGRICH,Newt Gingrich to be elected President in 2012,18,0.6,Jun/16/2011 15:32:35
743479,2012.PRES.GINGRICH,Newt Gingrich to be elected President in 2012,2,0.6,Jun/17/2011 14:00:40
743479,2012.PRES.GINGRICH,Newt Gingrich to be elected President in 2012,56,0.6,Jun/17/2011 14:00:40
743479,2012.PRES.GINGRICH,Newt Gingrich to be elected President in 2012,3,1.0,Jun/23/2011 14:22:53
743479,2012.PRES.GINGRICH,Newt Gingrich to be elected President in 2012,10,0.9,Jun/23/2011 14:22:53
743479,2012.PRES.GINGRICH,Newt Gingrich to be elected President in 2012,10,0.9,Jun/23/2011 14:22:53
743479,2012.PRES.GINGRICH,Newt Gingrich to be elected President in 2012,20,0.9,Jun/23/2011 14:22:53
743479,2012.PRES.GINGRICH,Newt Gingrich to be elected President in 2012,10,0.8,Jun/23/2011 14:22:53
743479,2012.PRES.GINGRICH,Newt Gingrich to be elected President in 2012,10,0.8,Jun/23/2011 14:22:53
743479,2012.PRES.GINGRICH,Newt Gingrich to be elected President in 2012,20,0.8,Jun/23/2011 14:22:53
743479,2012.PRES.GINGRICH,Newt Gingrich to be elected President in 2012,20,0.8,Jun/23/2011 14:22:53
743479,2012.PRES.GINGRICH,Newt Gingrich to be elected President in 2012,10,0.7,Jun/23/2011 14:22:53
743479,2012.PRES.GINGRICH,Newt Gingrich to be elected President in 2012,10,0.7,Jun/23/2011 14:22:53
743479,2012.PRES.GINGRICH,Newt Gingrich to be elected President in 2012,5,0.6,Jun/23/2011 14:22:53
743479,2012.PRES.GINGRICH,Newt Gingrich to be elected President in 2012,5,0.7,Jun/23/2011 14:22:53
743479,2012.PRES.GINGRICH,Newt Gingrich to be elected President in 2012,4,0.4,Jun/23/2011 14:22:53
743479,2012.PRES.GINGRICH,Newt Gingrich to be elected President in 2012,6,0.5,Jun/23/2011 14:22:53
743479,2012.PRES.GINGRICH,Newt Gingrich to be elected President in 2012,8,0.6,Jun/23/2011 14:22:53
743479,2012.PRES.GINGRICH,Newt Gingrich to be elected President in 2012,12,0.7,Jun/23/2011 14:22:53
743479,2012.PRES.GINGRICH,Newt Gingrich to be elected President in 2012,16,0.8,Jun/23/2011 14:22:53
743479,2012.PRES.GINGRICH,Newt Gingrich to be elected President in 2012,21,0.9,Jun/23/2011 14:22:53
743479,2012.PRES.GINGRICH,Newt Gingrich to be elected President in 2012,97,1.0,Jun/24/2011 00:12:09
743479,2012.PRES.GINGRICH,Newt Gingrich to be elected President in 2012,45,1.2,Jun/24/2011 00:12:09
743479,2012.PRES.GINGRICH,Newt Gingrich to be elected President in 2012,100,1.1,Jun/24/2011 00:12:09
743479,2012.PRES.GINGRICH,Newt Gingrich to be elected President in 2012,10,0.9,Jun/24/2011 00:12:09
743479,2012.PRES.GINGRICH,Newt Gingrich to be elected President in 2012,44,0.9,Jun/24/2011 00:12:09
743479,2012.PRES.GINGRICH,Newt Gingrich to be elected President in 2012,44,1.0,Jun/24/2011 00:12:09
743479,2012.PRES.GINGRICH,Newt Gingrich to be elected President in 2012,10,0.8,Jun/24/2011 00:12:09
743479,2012.PRES.GINGRICH,Newt Gingrich to be elected President in 2012,50,0.7,Jun/24/2011 00:12:09
743479,2012.PRES.GINGRICH,Newt Gingrich to be elected President in 2012,10,1.0,Jun/24/2011 01:20:26
743479,2012.PRES.GINGRICH,Newt Gingrich to be elected President in 2012,90,1.0,Jun/25/2011 06:43:46
743479,2012.PRES.GINGRICH,Newt Gingrich to be elected President in 2012,100,1.0,Jun/25/2011 06:43:46
743479,2012.PRES.GINGRICH,Newt Gingrich to be elected President in 2012,20,0.9,Jun/25/2011 06:43:46
743479,2012.PRES.GINGRICH,Newt Gingrich to be elected President in 2012,10,0.9,Jun/25/2011 06:43:46
743479,2012.PRES.GINGRICH,Newt Gingrich to be elected President in 2012,55,1.2,Jun/25/2011 06:46:34
743479,2012.PRES.GINGRICH,Newt Gingrich to be elected President in 2012,300,1.2,Jun/25/2011 06:46:34
743479,2012.PRES.GINGRICH,Newt Gingrich to be elected President in 2012,1,0.6,Jun/25/2011 12:11:28
743479,2012.PRES.GINGRICH,Newt Gingrich to be elected President in 2012,1,0.7,Jun/25/2011 17:50:57
743479,2012.PRES.GINGRICH,Newt Gingrich to be elected President in 2012,10,0.9,Jun/25/2011 22:53:10
743479,2012.PRES.GINGRICH,Newt Gingrich to be elected President in 2012,10,1.0,Jun/25/2011 22:53:10
743479,2012.PRES.GINGRICH,Newt Gingrich to be elected President in 2012,1,1.0,Jun/25/2011 22:53:10
743479,2012.PRES.GINGRICH,Newt Gingrich to be elected President in 2012,10,1.0,Jun/25/2011 23:16:37
743479,2012.PRES.GINGRICH,Newt Gingrich to be elected President in 2012,1,1.2,Jun/26/2011 04:23:53
743479,2012.PRES.GINGRICH,Newt Gingrich to be elected President in 2012,1,1.1,Jun/26/2011 04:23:53
743479,2012.PRES.GINGRICH,Newt Gingrich to be elected President in 2012,1,1.0,Jun/26/2011 04:23:53
743479,2012.PRES.GINGRICH,Newt Gingrich to be elected President in 2012,1,0.9,Jun/26/2011 04:23:53
743479,2012.PRES.GINGRICH,Newt Gingrich to be elected President in 2012,10,1.0,Jun/27/2011 05:47:44
743479,2012.PRES.GINGRICH,Newt Gingrich to be elected President in 2012,100,1.0,Jun/27/2011 05:47:44
743479,2012.PRES.GINGRICH,Newt Gingrich to be elected President in 2012,10,0.9,Jun/27/2011 05:47:44
743479,2012.PRES.GINGRICH,Newt Gingrich to be elected President in 2012,10,1.1,Jun/27/2011 05:58:33
743479,2012.PRES.GINGRICH,Newt Gingrich to be elected President in 2012,10,1.2,Jun/27/2011 05:58:33
743479,2012.PRES.GINGRICH,Newt Gingrich to be elected President in 2012,100,1.2,Jun/27/2011 05:58:33
743479,2012.PRES.GINGRICH,Newt Gingrich to be elected President in 2012,20,1.0,Jun/28/2011 01:43:25
743479,2012.PRES.GINGRICH,Newt Gingrich to be elected President in 2012,10,1.2,Jun/28/2011 01:46:27
743479,2012.PRES.GINGRICH,Newt Gingrich to be elected President in 2012,20,1.1,Jun/28/2011 01:46:27
743479,2012.PRES.GINGRICH,Newt Gingrich to be elected President in 2012,14,1.0,Jun/28/2011 03:53:40
743479,2012.PRES.GINGRICH,Newt Gingrich to be elected President in 2012,10,1.2,Jun/28/2011 07:06:14
743479,2012.PRES.GINGRICH,Newt Gingrich to be elected President in 2012,10,1.0,Jun/30/2011 07:22:12
743479,2012.PRES.GINGRICH,Newt Gingrich to be elected President in 2012,20,1.0,Jun/30/2011 23:35:29
743479,2012.PRES.GINGRICH,Newt Gingrich to be elected President in 2012,10,1.0,Jul/01/2011 08:39:28
743479,2012.PRES.GINGRICH,Newt Gingrich to be elected President in 2012,10,1.0,Jul/01/2011 08:39:28
743479,2012.PRES.GINGRICH,Newt Gingrich to be elected President in 2012,1,0.7,Jul/01/2011 17:17:47
743479,2012.PRES.GINGRICH,Newt Gingrich to be elected President in 2012,3,0.7,Jul/01/2011 17:18:24
743479,2012.PRES.GINGRICH,Newt Gingrich to be elected President in 2012,1,0.7,Jul/01/2011 17:18:38
743479,2012.PRES.GINGRICH,Newt Gingrich to be elected President in 2012,2,0.7,Jul/01/2011 17:18:50
743479,2012.PRES.GINGRICH,Newt Gingrich to be elected President in 2012,1,0.7,Jul/01/2011 17:19:00
743479,2012.PRES.GINGRICH,Newt Gingrich to be elected President in 2012,1,0.7,Jul/02/2011 02:10:28
743479,2012.PRES.GINGRICH,Newt Gingrich to be elected President in 2012,10,1.0,Jul/02/2011 03:01:54
743479,2012.PRES.GINGRICH,Newt Gingrich to be elected President in 2012,18,1.0,Jul/02/2011 03:01:54
743479,2012.PRES.GINGRICH,Newt Gingrich to be elected President in 2012,10,1.0,Jul/02/2011 03:01:54
743479,2012.PRES.GINGRICH,Newt Gingrich to be elected President in 2012,10,1.0,Jul/02/2011 03:01:54
743479,2012.PRES.GINGRICH,Newt Gingrich to be elected President in 2012,2,0.9,Jul/02/2011 03:01:54
743479,2012.PRES.GINGRICH,Newt Gingrich to be elected President in 2012,2,0.8,Jul/02/2011 15:52:51
743479,2012.PRES.GINGRICH,Newt Gingrich to be elected President in 2012,5,0.8,Jul/02/2011 15:53:32
743479,2012.PRES.GINGRICH,Newt Gingrich to be elected President in 2012,2,1.0,Jul/02/2011 19:19:21
743479,2012.PRES.GINGRICH,Newt Gingrich to be elected President in 2012,10,1.0,Jul/02/2011 19:19:21
743479,2012.PRES.GINGRICH,Newt Gingrich to be elected President in 2012,1,0.9,Jul/02/2011 20:01:27
743479,2012.PRES.GINGRICH,Newt Gingrich to be elected President in 2012,10,0.9,Jul/02/2011 20:01:50
743479,2012.PRES.GINGRICH,Newt Gingrich to be elected President in 2012,1,0.9,Jul/02/2011 20:01:57
743479,2012.PRES.GINGRICH,Newt Gingrich to be elected President in 2012,2,0.9,Jul/02/2011 20:02:08
743479,2012.PRES.GINGRICH,Newt Gingrich to be elected President in 2012,10,0.9,Jul/02/2011 20:02:26
743479,2012.PRES.GINGRICH,Newt Gingrich to be elected President in 2012,1,0.9,Jul/02/2011 20:02:33
743479,2012.PRES.GINGRICH,Newt Gingrich to be elected President in 2012,10,0.9,Jul/02/2011 20:02:49
743479,2012.PRES.GINGRICH,Newt Gingrich to be elected President in 2012,35,1.0,Jul/02/2011 20:35:29
743479,2012.PRES.GINGRICH,Newt Gingrich to be elected President in 2012,1,0.9,Jul/03/2011 00:10:25
743479,2012.PRES.GINGRICH,Newt Gingrich to be elected President in 2012,20,1.0,Jul/04/2011 09:59:15
743479,2012.PRES.GINGRICH,Newt Gingrich to be elected President in 2012,10,1.0,Jul/04/2011 09:59:15
743479,2012.PRES.GINGRICH,Newt Gingrich to be elected President in 2012,14,0.9,Jul/05/2011 08:44:36
743479,2012.PRES.GINGRICH,Newt Gingrich to be elected President in 2012,35,0.9,Jul/05/2011 08:44:36
743479,2012.PRES.GINGRICH,Newt Gingrich to be elected President in 2012,350,0.9,Jul/05/2011 12:31:54
743479,2012.PRES.GINGRICH,Newt Gingrich to be elected President in 2012,49,1.0,Jul/06/2011 05:45:41
743479,2012.PRES.GINGRICH,Newt Gingrich to be elected President in 2012,10,1.0,Jul/06/2011 05:45:41
743479,2012.PRES.GINGRICH,Newt Gingrich to be elected President in 2012,10,1.0,Jul/06/2011 05:45:41
743479,2012.PRES.GINGRICH,Newt Gingrich to be elected President in 2012,50,0.9,Jul/07/2011 19:55:33
743479,2012.PRES.GINGRICH,Newt Gingrich to be elected President in 2012,20,1.0,Jul/12/2011 04:12:19
743479,2012.PRES.GINGRICH,Newt Gingrich to be elected President in 2012,20,1.0,Jul/12/2011 04:12:19
743479,2012.PRES.GINGRICH,Newt Gingrich to be elected President in 2012,10,1.0,Jul/12/2011 04:12:19
743479,2012.PRES.GINGRICH,Newt Gingrich to be elected President in 2012,5,0.9,Jul/12/2011 04:12:19
743479,2012.PRES.GINGRICH,Newt Gingrich to be elected President in 2012,10,1.0,Jul/12/2011 04:12:19
743479,2012.PRES.GINGRICH,Newt Gingrich to be elected President in 2012,40,0.9,Jul/12/2011 04:12:19
743479,2012.PRES.GINGRICH,Newt Gingrich to be elected President in 2012,20,1.0,Jul/12/2011 16:22:59
743479,2012.PRES.GINGRICH,Newt Gingrich to be elected President in 2012,20,0.9,Jul/12/2011 16:22:59
743479,2012.PRES.GINGRICH,Newt Gingrich to be elected President in 2012,10,1.0,Jul/12/2011 16:22:59
743479,2012.PRES.GINGRICH,Newt Gingrich to be elected President in 2012,20,1.0,Jul/12/2011 16:29:26
743479,2012.PRES.GINGRICH,Newt Gingrich to be elected President in 2012,31,1.0,Jul/12/2011 16:34:21
743479,2012.PRES.GINGRICH,Newt Gingrich to be elected President in 2012,5,0.9,Jul/14/2011 19:13:07
743479,2012.PRES.GINGRICH,Newt Gingrich to be elected President in 2012,100,1.0,Jul/14/2011 23:49:29
743479,2012.PRES.GINGRICH,Newt Gingrich to be elected President in 2012,17,0.9,Jul/14/2011 23:49:29
743479,2012.PRES.GINGRICH,Newt Gingrich to be elected President in 2012,10,0.9,Jul/14/2011 23:49:29
743479,2012.PRES.GINGRICH,Newt Gingrich to be elected President in 2012,1,0.7,Jul/17/2011 23:08:45
743479,2012.PRES.GINGRICH,Newt Gingrich to be elected President in 2012,42,0.7,Jul/18/2011 20:42:37
743479,2012.PRES.GINGRICH,Newt Gingrich to be elected President in 2012,44,0.8,Jul/19/2011 15:41:51
743479,2012.PRES.GINGRICH,Newt Gingrich to be elected President in 2012,7,0.7,Jul/20/2011 16:59:20
743479,2012.PRES.GINGRICH,Newt Gingrich to be elected President in 2012,3,0.7,Jul/20/2011 16:59:20
743479,2012.PRES.GINGRICH,Newt Gingrich to be elected President in 2012,10,0.7,Jul/20/2011 21:09:23
743479,2012.PRES.GINGRICH,Newt Gingrich to be elected President in 2012,1,0.7,Jul/20/2011 21:37:00
743479,2012.PRES.GINGRICH,Newt Gingrich to be elected President in 2012,2,0.7,Jul/21/2011 00:58:30
743479,2012.PRES.GINGRICH,Newt Gingrich to be elected President in 2012,3,0.7,Jul/21/2011 14:38:01
743479,2012.PRES.GINGRICH,Newt Gingrich to be elected President in 2012,7,0.7,Jul/21/2011 15:02:12
743479,2012.PRES.GINGRICH,Newt Gingrich to be elected President in 2012,10,0.7,Jul/21/2011 15:32:49
743479,2012.PRES.GINGRICH,Newt Gingrich to be elected President in 2012,3,0.7,Jul/21/2011 15:35:18
743479,2012.PRES.GINGRICH,Newt Gingrich to be elected President in 2012,2,0.7,Jul/21/2011 15:35:49
743479,2012.PRES.GINGRICH,Newt Gingrich to be elected President in 2012,2,0.7,Jul/21/2011 15:37:15
743479,2012.PRES.GINGRICH,Newt Gingrich to be elected President in 2012,8,0.6,Jul/21/2011 15:37:41
743479,2012.PRES.GINGRICH,Newt Gingrich to be elected President in 2012,10,0.6,Jul/21/2011 15:39:09
743479,2012.PRES.GINGRICH,Newt Gingrich to be elected President in 2012,8,0.6,Jul/21/2011 15:42:18
743479,2012.PRES.GINGRICH,Newt Gingrich to be elected President in 2012,5,0.6,Jul/21/2011 20:03:49
743479,2012.PRES.GINGRICH,Newt Gingrich to be elected President in 2012,5,0.6,Jul/21/2011 20:09:56
743479,2012.PRES.GINGRICH,Newt Gingrich to be elected President in 2012,10,0.6,Jul/21/2011 20:56:43
743479,2012.PRES.GINGRICH,Newt Gingrich to be elected President in 2012,4,0.6,Jul/21/2011 21:53:29
743479,2012.PRES.GINGRICH,Newt Gingrich to be elected President in 2012,6,0.6,Jul/21/2011 21:53:29
743479,2012.PRES.GINGRICH,Newt Gingrich to be elected President in 2012,5,0.6,Jul/21/2011 21:55:02
743479,2012.PRES.GINGRICH,Newt Gingrich to be elected President in 2012,5,0.6,Jul/21/2011 21:56:07
743479,2012.PRES.GINGRICH,Newt Gingrich to be elected President in 2012,5,0.6,Jul/21/2011 21:57:53
743479,2012.PRES.GINGRICH,Newt Gingrich to be elected President in 2012,6,0.6,Jul/21/2011 21:58:52
743479,2012.PRES.GINGRICH,Newt Gingrich to be elected President in 2012,10,0.6,Jul/21/2011 22:01:40
743479,2012.PRES.GINGRICH,Newt Gingrich to be elected President in 2012,10,0.6,Jul/22/2011 02:28:49
743479,2012.PRES.GINGRICH,Newt Gingrich to be elected President in 2012,1,0.6,Jul/22/2011 12:53:32
743479,2012.PRES.GINGRICH,Newt Gingrich to be elected President in 2012,5,0.6,Jul/22/2011 13:15:34
743479,2012.PRES.GINGRICH,Newt Gingrich to be elected President in 2012,3,0.6,Jul/22/2011 13:15:55
743479,2012.PRES.GINGRICH,Newt Gingrich to be elected President in 2012,2,0.6,Jul/22/2011 14:16:50
743479,2012.PRES.GINGRICH,Newt Gingrich to be elected President in 2012,1,0.6,Jul/22/2011 14:17:28
743479,2012.PRES.GINGRICH,Newt Gingrich to be elected President in 2012,2,0.6,Jul/22/2011 17:40:33
743479,2012.PRES.GINGRICH,Newt Gingrich to be elected President in 2012,9,0.6,Jul/22/2011 22:05:43
743479,2012.PRES.GINGRICH,Newt Gingrich to be elected President in 2012,1,0.6,Jul/22/2011 22:05:43
743479,2012.PRES.GINGRICH,Newt Gingrich to be elected President in 2012,10,0.6,Jul/22/2011 22:06:10
743479,2012.PRES.GINGRICH,Newt Gingrich to be elected President in 2012,4,0.6,Jul/22/2011 22:06:44
743479,2012.PRES.GINGRICH,Newt Gingrich to be elected President in 2012,3,0.6,Jul/22/2011 22:07:19
743479,2012.PRES.GINGRICH,Newt Gingrich to be elected President in 2012,1,0.6,Jul/23/2011 00:30:35
743479,2012.PRES.GINGRICH,Newt Gingrich to be elected President in 2012,10,0.6,Jul/23/2011 00:34:43
743479,2012.PRES.GINGRICH,Newt Gingrich to be elected President in 2012,10,0.6,Jul/23/2011 00:44:06
743479,2012.PRES.GINGRICH,Newt Gingrich to be elected President in 2012,1,0.6,Jul/23/2011 03:40:44
743479,2012.PRES.GINGRICH,Newt Gingrich to be elected President in 2012,1,0.6,Jul/23/2011 16:55:09
743479,2012.PRES.GINGRICH,Newt Gingrich to be elected President in 2012,7,0.6,Jul/23/2011 18:03:12
743479,2012.PRES.GINGRICH,Newt Gingrich to be elected President in 2012,10,0.6,Jul/23/2011 18:04:21
743479,2012.PRES.GINGRICH,Newt Gingrich to be elected President in 2012,10,0.6,Jul/24/2011 15:25:35
743479,2012.PRES.GINGRICH,Newt Gingrich to be elected President in 2012,10,0.6,Jul/24/2011 15:25:41
743479,2012.PRES.GINGRICH,Newt Gingrich to be elected President in 2012,5,0.6,Jul/24/2011 15:25:47
743479,2012.PRES.GINGRICH,Newt Gingrich to be elected President in 2012,1,0.6,Jul/24/2011 23:32:08
743479,2012.PRES.GINGRICH,Newt Gingrich to be elected President in 2012,6,0.6,Jul/26/2011 14:03:10
743479,2012.PRES.GINGRICH,Newt Gingrich to be elected President in 2012,1,0.5,Jul/26/2011 17:06:31
743479,2012.PRES.GINGRICH,Newt Gingrich to be elected President in 2012,9,0.5,Jul/26/2011 17:06:55
743479,2012.PRES.GINGRICH,Newt Gingrich to be elected President in 2012,10,0.5,Jul/26/2011 21:23:14
743479,2012.PRES.GINGRICH,Newt Gingrich to be elected President in 2012,1,0.5,Jul/27/2011 04:12:04
743479,2012.PRES.GINGRICH,Newt Gingrich to be elected President in 2012,10,0.5,Jul/27/2011 14:09:56
743479,2012.PRES.GINGRICH,Newt Gingrich to be elected President in 2012,9,0.5,Jul/27/2011 14:13:20
743479,2012.PRES.GINGRICH,Newt Gingrich to be elected President in 2012,1,0.5,Jul/27/2011 14:13:20
743479,2012.PRES.GINGRICH,Newt Gingrich to be elected President in 2012,1,0.5,Jul/27/2011 15:59:41
743479,2012.PRES.GINGRICH,Newt Gingrich to be elected President in 2012,10,0.5,Jul/27/2011 16:06:30
743479,2012.PRES.GINGRICH,Newt Gingrich to be elected President in 2012,9,0.5,Jul/27/2011 16:07:47
743479,2012.PRES.GINGRICH,Newt Gingrich to be elected President in 2012,10,0.5,Jul/27/2011 16:08:57
743479,2012.PRES.GINGRICH,Newt Gingrich to be elected President in 2012,10,0.5,Jul/27/2011 16:10:05
743479,2012.PRES.GINGRICH,Newt Gingrich to be elected President in 2012,9,0.5,Jul/27/2011 16:16:00
743479,2012.PRES.GINGRICH,Newt Gingrich to be elected President in 2012,1,0.5,Jul/27/2011 16:16:00
743479,2012.PRES.GINGRICH,Newt Gingrich to be elected President in 2012,1,0.5,Jul/27/2011 16:43:21
743479,2012.PRES.GINGRICH,Newt Gingrich to be elected President in 2012,10,0.5,Jul/27/2011 17:25:19
743479,2012.PRES.GINGRICH,Newt Gingrich to be elected President in 2012,10,0.5,Jul/27/2011 20:13:04
743479,2012.PRES.GINGRICH,Newt Gingrich to be elected President in 2012,10,0.5,Jul/27/2011 20:14:15
743479,2012.PRES.GINGRICH,Newt Gingrich to be elected President in 2012,5,0.5,Jul/29/2011 00:57:48
743479,2012.PRES.GINGRICH,Newt Gingrich to be elected President in 2012,10,0.5,Jul/29/2011 00:58:14
743479,2012.PRES.GINGRICH,Newt Gingrich to be elected President in 2012,3,0.5,Jul/29/2011 00:58:25
743479,2012.PRES.GINGRICH,Newt Gingrich to be elected President in 2012,7,0.5,Jul/29/2011 00:58:25
743479,2012.PRES.GINGRICH,Newt Gingrich to be elected President in 2012,10,0.5,Jul/29/2011 00:58:35
743479,2012.PRES.GINGRICH,Newt Gingrich to be elected President in 2012,10,0.5,Jul/29/2011 00:59:08
743479,2012.PRES.GINGRICH,Newt Gingrich to be elected President in 2012,10,0.5,Jul/29/2011 00:59:24
743479,2012.PRES.GINGRICH,Newt Gingrich to be elected President in 2012,5,0.5,Jul/29/2011 03:48:56
743479,2012.PRES.GINGRICH,Newt Gingrich to be elected President in 2012,5,0.5,Jul/29/2011 03:49:24
743479,2012.PRES.GINGRICH,Newt Gingrich to be elected President in 2012,3,0.5,Jul/29/2011 03:49:59
743479,2012.PRES.GINGRICH,Newt Gingrich to be elected President in 2012,7,0.5,Jul/29/2011 03:49:59
743479,2012.PRES.GINGRICH,Newt Gingrich to be elected President in 2012,5,0.5,Jul/29/2011 03:50:06
743479,2012.PRES.GINGRICH,Newt Gingrich to be elected President in 2012,2,0.5,Jul/29/2011 17:17:31
743479,2012.PRES.GINGRICH,Newt Gingrich to be elected President in 2012,5,0.5,Jul/29/2011 17:57:04
743479,2012.PRES.GINGRICH,Newt Gingrich to be elected President in 2012,3,0.5,Jul/29/2011 18:34:43
743479,2012.PRES.GINGRICH,Newt Gingrich to be elected President in 2012,2,0.5,Jul/29/2011 18:40:17
743479,2012.PRES.GINGRICH,Newt Gingrich to be elected President in 2012,8,0.5,Jul/29/2011 18:41:46
743479,2012.PRES.GINGRICH,Newt Gingrich to be elected President in 2012,3,0.5,Jul/29/2011 21:54:40
743479,2012.PRES.GINGRICH,Newt Gingrich to be elected President in 2012,1,0.5,Jul/30/2011 00:35:39
743479,2012.PRES.GINGRICH,Newt Gingrich to be elected President in 2012,1,0.5,Jul/30/2011 02:09:54
743479,2012.PRES.GINGRICH,Newt Gingrich to be elected President in 2012,1,0.5,Jul/30/2011 02:12:45
743479,2012.PRES.GINGRICH,Newt Gingrich to be elected President in 2012,3,0.5,Jul/30/2011 02:13:28
743479,2012.PRES.GINGRICH,Newt Gingrich to be elected President in 2012,1,0.5,Jul/30/2011 02:14:24
743479,2012.PRES.GINGRICH,Newt Gingrich to be elected President in 2012,5,0.5,Jul/30/2011 02:15:44
743479,2012.PRES.GINGRICH,Newt Gingrich to be elected President in 2012,1,0.5,Jul/30/2011 02:24:03
743479,2012.PRES.GINGRICH,Newt Gingrich to be elected President in 2012,2,0.5,Jul/30/2011 02:25:15
743479,2012.PRES.GINGRICH,Newt Gingrich to be elected President in 2012,1,0.5,Jul/30/2011 02:25:15
743479,2012.PRES.GINGRICH,Newt Gingrich to be elected President in 2012,10,0.5,Jul/30/2011 02:28:38
743479,2012.PRES.GINGRICH,Newt Gingrich to be elected President in 2012,10,0.5,Jul/30/2011 02:44:52
743479,2012.PRES.GINGRICH,Newt Gingrich to be elected President in 2012,4,0.5,Jul/30/2011 02:45:29
743479,2012.PRES.GINGRICH,Newt Gingrich to be elected President in 2012,10,0.5,Jul/30/2011 02:47:28
743479,2012.PRES.GINGRICH,Newt Gingrich to be elected President in 2012,10,0.5,Jul/30/2011 02:47:35
743479,2012.PRES.GINGRICH,Newt Gingrich to be elected President in 2012,8,0.5,Jul/30/2011 02:47:45
743479,2012.PRES.GINGRICH,Newt Gingrich to be elected President in 2012,1,0.5,Jul/30/2011 12:47:39
743479,2012.PRES.GINGRICH,Newt Gingrich to be elected President in 2012,2,0.5,Jul/30/2011 15:11:15
743479,2012.PRES.GINGRICH,Newt Gingrich to be elected President in 2012,1,0.5,Jul/30/2011 15:50:09
743479,2012.PRES.GINGRICH,Newt Gingrich to be elected President in 2012,5,0.5,Jul/30/2011 15:54:03
743479,2012.PRES.GINGRICH,Newt Gingrich to be elected President in 2012,5,0.5,Jul/30/2011 15:54:30
743479,2012.PRES.GINGRICH,Newt Gingrich to be elected President in 2012,1,0.5,Jul/30/2011 19:39:47
743479,2012.PRES.GINGRICH,Newt Gingrich to be elected President in 2012,1,0.5,Jul/30/2011 19:40:26
743479,2012.PRES.GINGRICH,Newt Gingrich to be elected President in 2012,1,0.5,Jul/30/2011 19:40:39
743479,2012.PRES.GINGRICH,Newt Gingrich to be elected President in 2012,1,0.5,Jul/30/2011 19:41:20
743479,2012.PRES.GINGRICH,Newt Gingrich to be elected President in 2012,1,0.5,Jul/30/2011 19:42:17
743479,2012.PRES.GINGRICH,Newt Gingrich to be elected President in 2012,1,0.5,Jul/30/2011 19:44:31
743479,2012.PRES.GINGRICH,Newt Gingrich to be elected President in 2012,1,0.5,Jul/30/2011 19:45:25
743479,2012.PRES.GINGRICH,Newt Gingrich to be elected President in 2012,1,0.5,Jul/30/2011 20:17:46
743479,2012.PRES.GINGRICH,Newt Gingrich to be elected President in 2012,1,0.5,Jul/30/2011 20:19:37
743479,2012.PRES.GINGRICH,Newt Gingrich to be elected President in 2012,10,0.5,Jul/31/2011 15:27:24
743479,2012.PRES.GINGRICH,Newt Gingrich to be elected President in 2012,10,0.5,Aug/01/2011 02:10:15
743479,2012.PRES.GINGRICH,Newt Gingrich to be elected President in 2012,1,0.4,Aug/01/2011 18:30:32
743479,2012.PRES.GINGRICH,Newt Gingrich to be elected President in 2012,2,0.4,Aug/01/2011 21:32:47
743479,2012.PRES.GINGRICH,Newt Gingrich to be elected President in 2012,1,0.4,Aug/01/2011 22:33:45
743479,2012.PRES.GINGRICH,Newt Gingrich to be elected President in 2012,4,0.4,Aug/02/2011 00:34:10
743479,2012.PRES.GINGRICH,Newt Gingrich to be elected President in 2012,10,0.4,Aug/02/2011 20:09:39
743479,2012.PRES.GINGRICH,Newt Gingrich to be elected President in 2012,10,0.4,Aug/02/2011 22:17:14
743479,2012.PRES.GINGRICH,Newt Gingrich to be elected President in 2012,10,0.4,Aug/02/2011 22:32:14
743479,2012.PRES.GINGRICH,Newt Gingrich to be elected President in 2012,1,0.4,Aug/02/2011 22:38:46
743479,2012.PRES.GINGRICH,Newt Gingrich to be elected President in 2012,1,0.4,Aug/02/2011 22:40:55
743479,2012.PRES.GINGRICH,Newt Gingrich to be elected President in 2012,1,0.4,Aug/02/2011 22:49:47
743479,2012.PRES.GINGRICH,Newt Gingrich to be elected President in 2012,11,0.4,Aug/02/2011 22:55:45
743479,2012.PRES.GINGRICH,Newt Gingrich to be elected President in 2012,10,0.3,Aug/03/2011 14:17:59
743479,2012.PRES.GINGRICH,Newt Gingrich to be elected President in 2012,10,0.3,Aug/03/2011 14:18:06
743479,2012.PRES.GINGRICH,Newt Gingrich to be elected President in 2012,9,0.3,Aug/03/2011 14:18:49
743479,2012.PRES.GINGRICH,Newt Gingrich to be elected President in 2012,1,0.3,Aug/04/2011 11:53:51
743479,2012.PRES.GINGRICH,Newt Gingrich to be elected President in 2012,2,0.3,Aug/04/2011 18:01:14
743479,2012.PRES.GINGRICH,Newt Gingrich to be elected President in 2012,10,0.3,Aug/05/2011 01:16:58
743479,2012.PRES.GINGRICH,Newt Gingrich to be elected President in 2012,1,0.3,Aug/05/2011 01:17:07
743479,2012.PRES.GINGRICH,Newt Gingrich to be elected President in 2012,10,0.3,Aug/05/2011 13:09:10
743479,2012.PRES.GINGRICH,Newt Gingrich to be elected President in 2012,10,0.3,Aug/05/2011 13:09:25
743479,2012.PRES.GINGRICH,Newt Gingrich to be elected President in 2012,4,0.3,Aug/05/2011 13:09:44
743479,2012.PRES.GINGRICH,Newt Gingrich to be elected President in 2012,2,0.3,Aug/08/2011 16:24:43
743479,2012.PRES.GINGRICH,Newt Gingrich to be elected President in 2012,1,0.3,Aug/08/2011 16:24:51
743479,2012.PRES.GINGRICH,Newt Gingrich to be elected President in 2012,30,0.3,Aug/09/2011 21:46:41
743479,2012.PRES.GINGRICH,Newt Gingrich to be elected President in 2012,22,0.3,Aug/09/2011 21:46:41
743479,2012.PRES.GINGRICH,Newt Gingrich to be elected President in 2012,98,0.3,Aug/09/2011 21:46:41
743479,2012.PRES.GINGRICH,Newt Gingrich to be elected President in 2012,10,0.4,Aug/09/2011 23:40:17
743479,2012.PRES.GINGRICH,Newt Gingrich to be elected President in 2012,10,0.4,Aug/09/2011 23:40:17
743479,2012.PRES.GINGRICH,Newt Gingrich to be elected President in 2012,5,0.8,Aug/09/2011 23:40:17
743479,2012.PRES.GINGRICH,Newt Gingrich to be elected President in 2012,10,0.5,Aug/09/2011 23:40:17
743479,2012.PRES.GINGRICH,Newt Gingrich to be elected President in 2012,10,0.6,Aug/09/2011 23:40:17
743479,2012.PRES.GINGRICH,Newt Gingrich to be elected President in 2012,10,0.7,Aug/09/2011 23:40:17
743479,2012.PRES.GINGRICH,Newt Gingrich to be elected President in 2012,10,0.8,Aug/09/2011 23:40:17
743479,2012.PRES.GINGRICH,Newt Gingrich to be elected President in 2012,40,0.5,Aug/09/2011 23:40:17
743479,2012.PRES.GINGRICH,Newt Gingrich to be elected President in 2012,10,0.5,Aug/09/2011 23:40:17
743479,2012.PRES.GINGRICH,Newt Gingrich to be elected President in 2012,10,0.5,Aug/09/2011 23:40:17
743479,2012.PRES.GINGRICH,Newt Gingrich to be elected President in 2012,10,0.5,Aug/09/2011 23:40:17
743479,2012.PRES.GINGRICH,Newt Gingrich to be elected President in 2012,10,0.5,Aug/09/2011 23:40:17
743479,2012.PRES.GINGRICH,Newt Gingrich to be elected President in 2012,10,0.5,Aug/09/2011 23:40:17
743479,2012.PRES.GINGRICH,Newt Gingrich to be elected President in 2012,10,0.5,Aug/09/2011 23:40:17
743479,2012.PRES.GINGRICH,Newt Gingrich to be elected President in 2012,10,0.5,Aug/09/2011 23:40:17
743479,2012.PRES.GINGRICH,Newt Gingrich to be elected President in 2012,10,0.5,Aug/09/2011 23:40:17
743479,2012.PRES.GINGRICH,Newt Gingrich to be elected President in 2012,10,0.5,Aug/09/2011 23:40:17
743479,2012.PRES.GINGRICH,Newt Gingrich to be elected President in 2012,10,0.5,Aug/09/2011 23:40:17
743479,2012.PRES.GINGRICH,Newt Gingrich to be elected President in 2012,10,0.5,Aug/09/2011 23:40:17
743479,2012.PRES.GINGRICH,Newt Gingrich to be elected President in 2012,10,0.5,Aug/09/2011 23:40:17
743479,2012.PRES.GINGRICH,Newt Gingrich to be elected President in 2012,10,0.5,Aug/09/2011 23:40:17
743479,2012.PRES.GINGRICH,Newt Gingrich to be elected President in 2012,10,0.5,Aug/09/2011 23:40:17
743479,2012.PRES.GINGRICH,Newt Gingrich to be elected President in 2012,10,0.5,Aug/09/2011 23:40:17
743479,2012.PRES.GINGRICH,Newt Gingrich to be elected President in 2012,10,0.5,Aug/09/2011 23:40:17
743479,2012.PRES.GINGRICH,Newt Gingrich to be elected President in 2012,10,0.5,Aug/09/2011 23:40:17
743479,2012.PRES.GINGRICH,Newt Gingrich to be elected President in 2012,10,0.5,Aug/09/2011 23:40:17
743479,2012.PRES.GINGRICH,Newt Gingrich to be elected President in 2012,10,0.5,Aug/09/2011 23:40:17
743479,2012.PRES.GINGRICH,Newt Gingrich to be elected President in 2012,10,0.5,Aug/09/2011 23:40:17
743479,2012.PRES.GINGRICH,Newt Gingrich to be elected President in 2012,10,0.5,Aug/09/2011 23:40:17
743479,2012.PRES.GINGRICH,Newt Gingrich to be elected President in 2012,10,0.9,Aug/09/2011 23:40:17
743479,2012.PRES.GINGRICH,Newt Gingrich to be elected President in 2012,100,1.0,Aug/09/2011 23:40:17
743479,2012.PRES.GINGRICH,Newt Gingrich to be elected President in 2012,100,1.0,Aug/09/2011 23:40:17
743479,2012.PRES.GINGRICH,Newt Gingrich to be elected President in 2012,149,1.0,Aug/09/2011 23:40:17
743479,2012.PRES.GINGRICH,Newt Gingrich to be elected President in 2012,80,0.9,Aug/09/2011 23:40:17
743479,2012.PRES.GINGRICH,Newt Gingrich to be elected President in 2012,10,1.0,Aug/09/2011 23:40:17
743479,2012.PRES.GINGRICH,Newt Gingrich to be elected President in 2012,10,1.0,Aug/09/2011 23:40:17
743479,2012.PRES.GINGRICH,Newt Gingrich to be elected President in 2012,10,1.0,Aug/09/2011 23:40:17
743479,2012.PRES.GINGRICH,Newt Gingrich to be elected President in 2012,111,1.0,Aug/09/2011 23:40:17
743479,2012.PRES.GINGRICH,Newt Gingrich to be elected President in 2012,10,1.0,Aug/09/2011 23:40:17
743479,2012.PRES.GINGRICH,Newt Gingrich to be elected President in 2012,10,1.0,Aug/09/2011 23:40:17
743479,2012.PRES.GINGRICH,Newt Gingrich to be elected President in 2012,10,1.0,Aug/09/2011 23:40:17
743479,2012.PRES.GINGRICH,Newt Gingrich to be elected President in 2012,10,1.0,Aug/09/2011 23:40:17
743479,2012.PRES.GINGRICH,Newt Gingrich to be elected President in 2012,10,1.0,Aug/09/2011 23:40:17
743479,2012.PRES.GINGRICH,Newt Gingrich to be elected President in 2012,98,1.0,Aug/09/2011 23:40:17
743479,2012.PRES.GINGRICH,Newt Gingrich to be elected President in 2012,10,1.0,Aug/09/2011 23:47:30
743479,2012.PRES.GINGRICH,Newt Gingrich to be elected President in 2012,90,1.0,Aug/09/2011 23:47:30
743479,2012.PRES.GINGRICH,Newt Gingrich to be elected President in 2012,10,1.0,Aug/09/2011 23:50:33
743479,2012.PRES.GINGRICH,Newt Gingrich to be elected President in 2012,50,1.0,Aug/09/2011 23:50:33
743479,2012.PRES.GINGRICH,Newt Gingrich to be elected President in 2012,88,0.8,Aug/10/2011 05:38:53
743479,2012.PRES.GINGRICH,Newt Gingrich to be elected President in 2012,40,0.7,Aug/10/2011 05:38:53
743479,2012.PRES.GINGRICH,Newt Gingrich to be elected President in 2012,10,0.6,Aug/11/2011 05:03:18
743479,2012.PRES.GINGRICH,Newt Gingrich to be elected President in 2012,10,0.6,Aug/11/2011 05:03:18
743479,2012.PRES.GINGRICH,Newt Gingrich to be elected President in 2012,10,0.5,Aug/11/2011 21:35:18
743479,2012.PRES.GINGRICH,Newt Gingrich to be elected President in 2012,1,0.5,Aug/11/2011 21:41:37
743479,2012.PRES.GINGRICH,Newt Gingrich to be elected President in 2012,10,1.0,Aug/11/2011 23:12:51
743479,2012.PRES.GINGRICH,Newt Gingrich to be elected President in 2012,10,0.9,Aug/11/2011 23:12:51
743479,2012.PRES.GINGRICH,Newt Gingrich to be elected President in 2012,8,0.8,Aug/11/2011 23:12:51
743479,2012.PRES.GINGRICH,Newt Gingrich to be elected President in 2012,10,0.8,Aug/11/2011 23:12:51
743479,2012.PRES.GINGRICH,Newt Gingrich to be elected President in 2012,10,0.7,Aug/11/2011 23:12:51
743479,2012.PRES.GINGRICH,Newt Gingrich to be elected President in 2012,50,1.0,Aug/11/2011 23:12:51
743479,2012.PRES.GINGRICH,Newt Gingrich to be elected President in 2012,10,0.7,Aug/11/2011 23:12:51
743479,2012.PRES.GINGRICH,Newt Gingrich to be elected President in 2012,10,0.8,Aug/11/2011 23:12:51
743479,2012.PRES.GINGRICH,Newt Gingrich to be elected President in 2012,10,1.0,Aug/11/2011 23:12:51
743479,2012.PRES.GINGRICH,Newt Gingrich to be elected President in 2012,10,1.0,Aug/11/2011 23:12:51
743479,2012.PRES.GINGRICH,Newt Gingrich to be elected President in 2012,10,0.6,Aug/11/2011 23:12:51
743479,2012.PRES.GINGRICH,Newt Gingrich to be elected President in 2012,10,1.0,Aug/11/2011 23:12:51
743479,2012.PRES.GINGRICH,Newt Gingrich to be elected President in 2012,10,1.0,Aug/11/2011 23:12:51
743479,2012.PRES.GINGRICH,Newt Gingrich to be elected President in 2012,10,0.6,Aug/11/2011 23:12:51
743479,2012.PRES.GINGRICH,Newt Gingrich to be elected President in 2012,10,1.0,Aug/11/2011 23:12:51
743479,2012.PRES.GINGRICH,Newt Gingrich to be elected President in 2012,10,1.0,Aug/11/2011 23:12:51
743479,2012.PRES.GINGRICH,Newt Gingrich to be elected President in 2012,20,1.0,Aug/11/2011 23:12:51
743479,2012.PRES.GINGRICH,Newt Gingrich to be elected President in 2012,2,0.5,Aug/12/2011 00:25:37
743479,2012.PRES.GINGRICH,Newt Gingrich to be elected President in 2012,10,0.5,Aug/12/2011 00:26:17
743479,2012.PRES.GINGRICH,Newt Gingrich to be elected President in 2012,18,0.9,Aug/12/2011 03:15:18
743479,2012.PRES.GINGRICH,Newt Gingrich to be elected President in 2012,18,0.9,Aug/12/2011 03:15:18
743479,2012.PRES.GINGRICH,Newt Gingrich to be elected President in 2012,1,0.9,Aug/12/2011 03:15:18
743479,2012.PRES.GINGRICH,Newt Gingrich to be elected President in 2012,1,0.9,Aug/12/2011 03:15:18
743479,2012.PRES.GINGRICH,Newt Gingrich to be elected President in 2012,10,1.0,Aug/12/2011 03:15:34
743479,2012.PRES.GINGRICH,Newt Gingrich to be elected President in 2012,10,1.0,Aug/12/2011 03:15:34
743479,2012.PRES.GINGRICH,Newt Gingrich to be elected President in 2012,10,1.0,Aug/12/2011 03:15:34
743479,2012.PRES.GINGRICH,Newt Gingrich to be elected President in 2012,10,1.0,Aug/12/2011 03:15:34
743479,2012.PRES.GINGRICH,Newt Gingrich to be elected President in 2012,10,1.0,Aug/12/2011 03:15:34
743479,2012.PRES.GINGRICH,Newt Gingrich to be elected President in 2012,10,1.1,Aug/12/2011 03:15:44
743479,2012.PRES.GINGRICH,Newt Gingrich to be elected President in 2012,10,1.2,Aug/12/2011 03:15:52
743479,2012.PRES.GINGRICH,Newt Gingrich to be elected President in 2012,10,1.3,Aug/12/2011 03:16:06
743479,2012.PRES.GINGRICH,Newt Gingrich to be elected President in 2012,10,1.4,Aug/12/2011 03:16:20
743479,2012.PRES.GINGRICH,Newt Gingrich to be elected President in 2012,10,1.5,Aug/12/2011 03:16:32
743479,2012.PRES.GINGRICH,Newt Gingrich to be elected President in 2012,20,1.5,Aug/12/2011 03:16:32
743479,2012.PRES.GINGRICH,Newt Gingrich to be elected President in 2012,10,1.6,Aug/12/2011 03:16:44
743479,2012.PRES.GINGRICH,Newt Gingrich to be elected President in 2012,10,1.7,Aug/12/2011 03:17:27
743479,2012.PRES.GINGRICH,Newt Gingrich to be elected President in 2012,10,1.8,Aug/12/2011 03:17:43
743479,2012.PRES.GINGRICH,Newt Gingrich to be elected President in 2012,10,1.9,Aug/12/2011 03:18:22
743479,2012.PRES.GINGRICH,Newt Gingrich to be elected President in 2012,100,2.0,Aug/12/2011 03:18:40
743479,2012.PRES.GINGRICH,Newt Gingrich to be elected President in 2012,10,2.0,Aug/12/2011 03:18:40
743479,2012.PRES.GINGRICH,Newt Gingrich to be elected President in 2012,2,0.6,Aug/12/2011 03:28:15
743479,2012.PRES.GINGRICH,Newt Gingrich to be elected President in 2012,45,1.0,Aug/12/2011 03:32:15
743479,2012.PRES.GINGRICH,Newt Gingrich to be elected President in 2012,10,0.8,Aug/13/2011 01:51:54
743479,2012.PRES.GINGRICH,Newt Gingrich to be elected President in 2012,10,0.8,Aug/13/2011 01:52:39
743479,2012.PRES.GINGRICH,Newt Gingrich to be elected President in 2012,10,0.9,Aug/13/2011 02:02:49
743479,2012.PRES.GINGRICH,Newt Gingrich to be elected President in 2012,10,1.0,Aug/13/2011 02:03:00
743479,2012.PRES.GINGRICH,Newt Gingrich to be elected President in 2012,20,1.0,Aug/13/2011 02:03:00
743479,2012.PRES.GINGRICH,Newt Gingrich to be elected President in 2012,20,1.0,Aug/13/2011 02:03:00
743479,2012.PRES.GINGRICH,Newt Gingrich to be elected President in 2012,1,0.8,Aug/13/2011 02:34:59
743479,2012.PRES.GINGRICH,Newt Gingrich to be elected President in 2012,10,1.0,Aug/13/2011 08:58:44
743479,2012.PRES.GINGRICH,Newt Gingrich to be elected President in 2012,10,1.0,Aug/13/2011 08:58:44
743479,2012.PRES.GINGRICH,Newt Gingrich to be elected President in 2012,10,1.0,Aug/13/2011 08:58:44
743479,2012.PRES.GINGRICH,Newt Gingrich to be elected President in 2012,1,0.8,Aug/13/2011 17:21:21
743479,2012.PRES.GINGRICH,Newt Gingrich to be elected President in 2012,1,0.8,Aug/13/2011 17:21:41
743479,2012.PRES.GINGRICH,Newt Gingrich to be elected President in 2012,2,0.8,Aug/14/2011 08:41:46
743479,2012.PRES.GINGRICH,Newt Gingrich to be elected President in 2012,10,1.0,Aug/14/2011 09:18:19
743479,2012.PRES.GINGRICH,Newt Gingrich to be elected President in 2012,10,0.9,Aug/14/2011 09:18:19
743479,2012.PRES.GINGRICH,Newt Gingrich to be elected President in 2012,10,1.0,Aug/14/2011 09:18:19
743479,2012.PRES.GINGRICH,Newt Gingrich to be elected President in 2012,20,1.0,Aug/14/2011 09:18:19
743479,2012.PRES.GINGRICH,Newt Gingrich to be elected President in 2012,3,0.9,Aug/14/2011 09:18:19
743479,2012.PRES.GINGRICH,Newt Gingrich to be elected President in 2012,20,1.0,Aug/14/2011 15:44:39
743479,2012.PRES.GINGRICH,Newt Gingrich to be elected President in 2012,18,0.8,Aug/15/2011 10:39:34
743479,2012.PRES.GINGRICH,Newt Gingrich to be elected President in 2012,200,0.5,Aug/15/2011 14:55:18
743479,2012.PRES.GINGRICH,Newt Gingrich to be elected President in 2012,18,0.6,Aug/15/2011 14:55:18
743479,2012.PRES.GINGRICH,Newt Gingrich to be elected President in 2012,18,0.6,Aug/15/2011 14:55:18
743479,2012.PRES.GINGRICH,Newt Gingrich to be elected President in 2012,10,0.6,Aug/15/2011 23:36:15
743479,2012.PRES.GINGRICH,Newt Gingrich to be elected President in 2012,57,0.6,Aug/15/2011 23:36:15
743479,2012.PRES.GINGRICH,Newt Gingrich to be elected President in 2012,10,0.6,Aug/16/2011 07:22:23
743479,2012.PRES.GINGRICH,Newt Gingrich to be elected President in 2012,18,0.6,Aug/16/2011 07:22:23
743479,2012.PRES.GINGRICH,Newt Gingrich to be elected President in 2012,6,0.5,Aug/16/2011 11:45:30
743479,2012.PRES.GINGRICH,Newt Gingrich to be elected President in 2012,20,0.6,Aug/16/2011 14:11:41
743479,2012.PRES.GINGRICH,Newt Gingrich to be elected President in 2012,20,0.6,Aug/16/2011 14:13:33
743479,2012.PRES.GINGRICH,Newt Gingrich to be elected President in 2012,20,0.6,Aug/16/2011 14:14:36
743479,2012.PRES.GINGRICH,Newt Gingrich to be elected President in 2012,30,0.6,Aug/16/2011 14:15:33
743479,2012.PRES.GINGRICH,Newt Gingrich to be elected President in 2012,60,0.6,Aug/16/2011 14:16:16
743479,2012.PRES.GINGRICH,Newt Gingrich to be elected President in 2012,30,0.6,Aug/16/2011 23:23:36
743479,2012.PRES.GINGRICH,Newt Gingrich to be elected President in 2012,20,0.6,Aug/16/2011 23:23:36
743479,2012.PRES.GINGRICH,Newt Gingrich to be elected President in 2012,45,0.6,Aug/16/2011 23:27:35
743479,2012.PRES.GINGRICH,Newt Gingrich to be elected President in 2012,100,0.6,Aug/16/2011 23:29:07
743479,2012.PRES.GINGRICH,Newt Gingrich to be elected President in 2012,18,0.6,Aug/17/2011 20:13:14
743479,2012.PRES.GINGRICH,Newt Gingrich to be elected President in 2012,14,0.6,Aug/17/2011 20:13:14
743479,2012.PRES.GINGRICH,Newt Gingrich to be elected President in 2012,2,0.6,Aug/17/2011 20:13:14
743479,2012.PRES.GINGRICH,Newt Gingrich to be elected President in 2012,20,0.6,Aug/19/2011 06:35:04
743479,2012.PRES.GINGRICH,Newt Gingrich to be elected President in 2012,10,0.6,Aug/19/2011 06:35:04
743479,2012.PRES.GINGRICH,Newt Gingrich to be elected President in 2012,10,0.6,Aug/20/2011 05:16:53
743479,2012.PRES.GINGRICH,Newt Gingrich to be elected President in 2012,10,0.6,Aug/20/2011 05:16:53
743479,2012.PRES.GINGRICH,Newt Gingrich to be elected President in 2012,20,0.6,Aug/20/2011 21:25:40
743479,2012.PRES.GINGRICH,Newt Gingrich to be elected President in 2012,10,0.6,Aug/20/2011 21:25:40
743479,2012.PRES.GINGRICH,Newt Gingrich to be elected President in 2012,4,0.5,Aug/21/2011 01:44:31
743479,2012.PRES.GINGRICH,Newt Gingrich to be elected President in 2012,4,0.6,Aug/21/2011 08:56:02
743479,2012.PRES.GINGRICH,Newt Gingrich to be elected President in 2012,10,0.6,Aug/21/2011 08:56:02
743479,2012.PRES.GINGRICH,Newt Gingrich to be elected President in 2012,9,0.5,Aug/21/2011 14:38:32
743479,2012.PRES.GINGRICH,Newt Gingrich to be elected President in 2012,368,0.5,Aug/21/2011 18:07:14
743479,2012.PRES.GINGRICH,Newt Gingrich to be elected President in 2012,9,0.6,Aug/22/2011 02:54:35
743479,2012.PRES.GINGRICH,Newt Gingrich to be elected President in 2012,68,0.6,Aug/22/2011 02:54:35
743479,2012.PRES.GINGRICH,Newt Gingrich to be elected President in 2012,10,0.6,Aug/22/2011 02:54:35
743479,2012.PRES.GINGRICH,Newt Gingrich to be elected President in 2012,10,0.6,Aug/22/2011 02:54:35
743479,2012.PRES.GINGRICH,Newt Gingrich to be elected President in 2012,80,0.6,Aug/22/2011 04:00:29
743479,2012.PRES.GINGRICH,Newt Gingrich to be elected President in 2012,80,0.6,Aug/22/2011 23:15:43
743479,2012.PRES.GINGRICH,Newt Gingrich to be elected President in 2012,10,0.6,Aug/22/2011 23:15:43
743479,2012.PRES.GINGRICH,Newt Gingrich to be elected President in 2012,60,0.6,Aug/22/2011 23:19:50
743479,2012.PRES.GINGRICH,Newt Gingrich to be elected President in 2012,90,0.6,Aug/22/2011 23:22:40
743479,2012.PRES.GINGRICH,Newt Gingrich to be elected President in 2012,50,0.6,Aug/24/2011 02:25:44
743479,2012.PRES.GINGRICH,Newt Gingrich to be elected President in 2012,47,0.6,Aug/24/2011 03:17:20
743479,2012.PRES.GINGRICH,Newt Gingrich to be elected President in 2012,30,0.6,Aug/24/2011 03:17:47
743479,2012.PRES.GINGRICH,Newt Gingrich to be elected President in 2012,30,0.6,Aug/25/2011 23:24:44
743479,2012.PRES.GINGRICH,Newt Gingrich to be elected President in 2012,10,0.6,Aug/25/2011 23:24:44
743479,2012.PRES.GINGRICH,Newt Gingrich to be elected President in 2012,2,0.6,Aug/26/2011 23:51:50
743479,2012.PRES.GINGRICH,Newt Gingrich to be elected President in 2012,54,0.6,Aug/27/2011 02:58:38
743479,2012.PRES.GINGRICH,Newt Gingrich to be elected President in 2012,44,0.6,Aug/27/2011 03:38:06
743479,2012.PRES.GINGRICH,Newt Gingrich to be elected President in 2012,50,0.6,Aug/30/2011 02:33:02
743479,2012.PRES.GINGRICH,Newt Gingrich to be elected President in 2012,50,0.8,Aug/30/2011 23:04:11
743479,2012.PRES.GINGRICH,Newt Gingrich to be elected President in 2012,4,0.7,Aug/30/2011 23:04:11
743479,2012.PRES.GINGRICH,Newt Gingrich to be elected President in 2012,30,0.7,Aug/30/2011 23:04:11
743479,2012.PRES.GINGRICH,Newt Gingrich to be elected President in 2012,10,0.7,Aug/30/2011 23:04:11
743479,2012.PRES.GINGRICH,Newt Gingrich to be elected President in 2012,10,1.0,Aug/30/2011 23:04:11
743479,2012.PRES.GINGRICH,Newt Gingrich to be elected President in 2012,21,0.9,Aug/30/2011 23:04:11
743479,2012.PRES.GINGRICH,Newt Gingrich to be elected President in 2012,100,1.0,Aug/30/2011 23:04:11
743479,2012.PRES.GINGRICH,Newt Gingrich to be elected President in 2012,20,1.0,Aug/30/2011 23:04:11
743479,2012.PRES.GINGRICH,Newt Gingrich to be elected President in 2012,50,1.0,Aug/30/2011 23:04:11
743479,2012.PRES.GINGRICH,Newt Gingrich to be elected President in 2012,1,0.9,Aug/30/2011 23:04:11
743479,2012.PRES.GINGRICH,Newt Gingrich to be elected President in 2012,50,1.0,Aug/30/2011 23:04:11
743479,2012.PRES.GINGRICH,Newt Gingrich to be elected President in 2012,10,0.8,Aug/30/2011 23:04:11
743479,2012.PRES.GINGRICH,Newt Gingrich to be elected President in 2012,50,1.0,Aug/30/2011 23:04:11
743479,2012.PRES.GINGRICH,Newt Gingrich to be elected President in 2012,50,1.0,Aug/31/2011 03:52:31
743479,2012.PRES.GINGRICH,Newt Gingrich to be elected President in 2012,41,1.0,Aug/31/2011 04:26:28
743479,2012.PRES.GINGRICH,Newt Gingrich to be elected President in 2012,200,0.9,Aug/31/2011 04:57:43
743479,2012.PRES.GINGRICH,Newt Gingrich to be elected President in 2012,51,1.0,Aug/31/2011 13:07:29
743479,2012.PRES.GINGRICH,Newt Gingrich to be elected President in 2012,200,1.1,Sep/01/2011 04:26:35
743479,2012.PRES.GINGRICH,Newt Gingrich to be elected President in 2012,10,1.0,Sep/01/2011 04:26:35
743479,2012.PRES.GINGRICH,Newt Gingrich to be elected President in 2012,1,0.6,Sep/01/2011 15:20:11
743479,2012.PRES.GINGRICH,Newt Gingrich to be elected President in 2012,1,0.6,Sep/01/2011 15:31:58
743479,2012.PRES.GINGRICH,Newt Gingrich to be elected President in 2012,1,0.6,Sep/01/2011 15:32:22
743479,2012.PRES.GINGRICH,Newt Gingrich to be elected President in 2012,1,0.6,Sep/01/2011 15:32:44
743479,2012.PRES.GINGRICH,Newt Gingrich to be elected President in 2012,1,0.6,Sep/02/2011 02:16:26
743479,2012.PRES.GINGRICH,Newt Gingrich to be elected President in 2012,9,0.6,Sep/02/2011 05:09:33
743479,2012.PRES.GINGRICH,Newt Gingrich to be elected President in 2012,7,0.6,Sep/02/2011 17:33:55
743479,2012.PRES.GINGRICH,Newt Gingrich to be elected President in 2012,10,0.6,Sep/02/2011 18:53:22
743479,2012.PRES.GINGRICH,Newt Gingrich to be elected President in 2012,1,0.6,Sep/02/2011 18:58:48
743479,2012.PRES.GINGRICH,Newt Gingrich to be elected President in 2012,1,0.6,Sep/02/2011 21:16:43
743479,2012.PRES.GINGRICH,Newt Gingrich to be elected President in 2012,50,1.0,Sep/03/2011 07:04:34
743479,2012.PRES.GINGRICH,Newt Gingrich to be elected President in 2012,1,1.0,Sep/03/2011 07:04:34
743479,2012.PRES.GINGRICH,Newt Gingrich to be elected President in 2012,50,1.0,Sep/03/2011 07:04:34
743479,2012.PRES.GINGRICH,Newt Gingrich to be elected President in 2012,3,1.0,Sep/03/2011 07:04:34
743479,2012.PRES.GINGRICH,Newt Gingrich to be elected President in 2012,31,0.9,Sep/03/2011 07:04:34
743479,2012.PRES.GINGRICH,Newt Gingrich to be elected President in 2012,1,1.0,Sep/03/2011 07:04:34
743479,2012.PRES.GINGRICH,Newt Gingrich to be elected President in 2012,50,1.0,Sep/03/2011 07:04:34
743479,2012.PRES.GINGRICH,Newt Gingrich to be elected President in 2012,9,1.0,Sep/03/2011 07:04:34
743479,2012.PRES.GINGRICH,Newt Gingrich to be elected President in 2012,7,1.0,Sep/03/2011 07:04:34
743479,2012.PRES.GINGRICH,Newt Gingrich to be elected President in 2012,50,1.0,Sep/03/2011 07:04:34
743479,2012.PRES.GINGRICH,Newt Gingrich to be elected President in 2012,10,1.0,Sep/03/2011 07:04:34
743479,2012.PRES.GINGRICH,Newt Gingrich to be elected President in 2012,1,1.0,Sep/03/2011 07:04:34
743479,2012.PRES.GINGRICH,Newt Gingrich to be elected President in 2012,1,1.0,Sep/03/2011 07:04:34
743479,2012.PRES.GINGRICH,Newt Gingrich to be elected President in 2012,50,1.0,Sep/03/2011 07:04:34
743479,2012.PRES.GINGRICH,Newt Gingrich to be elected President in 2012,50,1.0,Sep/03/2011 07:04:34
743479,2012.PRES.GINGRICH,Newt Gingrich to be elected President in 2012,1,0.7,Sep/03/2011 14:20:11
743479,2012.PRES.GINGRICH,Newt Gingrich to be elected President in 2012,2,0.7,Sep/05/2011 15:27:58
743479,2012.PRES.GINGRICH,Newt Gingrich to be elected President in 2012,10,0.9,Sep/06/2011 07:00:59
743479,2012.PRES.GINGRICH,Newt Gingrich to be elected President in 2012,2,0.9,Sep/06/2011 07:00:59
743479,2012.PRES.GINGRICH,Newt Gingrich to be elected President in 2012,1,0.7,Sep/07/2011 03:20:19
743479,2012.PRES.GINGRICH,Newt Gingrich to be elected President in 2012,1,0.6,Sep/07/2011 10:33:49
743479,2012.PRES.GINGRICH,Newt Gingrich to be elected President in 2012,1,0.6,Sep/07/2011 10:36:00
743479,2012.PRES.GINGRICH,Newt Gingrich to be elected President in 2012,500,0.9,Sep/07/2011 11:54:50
743479,2012.PRES.GINGRICH,Newt Gingrich to be elected President in 2012,3,0.6,Sep/07/2011 17:10:35
743479,2012.PRES.GINGRICH,Newt Gingrich to be elected President in 2012,1,0.6,Sep/07/2011 17:10:35
743479,2012.PRES.GINGRICH,Newt Gingrich to be elected President in 2012,2,0.6,Sep/07/2011 20:31:18
743479,2012.PRES.GINGRICH,Newt Gingrich to be elected President in 2012,1,1.0,Sep/08/2011 06:35:05
743479,2012.PRES.GINGRICH,Newt Gingrich to be elected President in 2012,18,1.0,Sep/08/2011 06:35:05
743479,2012.PRES.GINGRICH,Newt Gingrich to be elected President in 2012,50,1.0,Sep/08/2011 06:35:05
743479,2012.PRES.GINGRICH,Newt Gingrich to be elected President in 2012,1,1.0,Sep/08/2011 06:35:05
743479,2012.PRES.GINGRICH,Newt Gingrich to be elected President in 2012,1,0.9,Sep/08/2011 06:35:05
743479,2012.PRES.GINGRICH,Newt Gingrich to be elected President in 2012,50,1.0,Sep/08/2011 06:35:05
743479,2012.PRES.GINGRICH,Newt Gingrich to be elected President in 2012,1,0.8,Sep/08/2011 06:35:05
743479,2012.PRES.GINGRICH,Newt Gingrich to be elected President in 2012,50,1.0,Sep/08/2011 06:35:05
743479,2012.PRES.GINGRICH,Newt Gingrich to be elected President in 2012,52,0.9,Sep/08/2011 06:35:05
743479,2012.PRES.GINGRICH,Newt Gingrich to be elected President in 2012,3,0.7,Sep/08/2011 14:10:46
743479,2012.PRES.GINGRICH,Newt Gingrich to be elected President in 2012,4,0.8,Sep/08/2011 14:10:46
743479,2012.PRES.GINGRICH,Newt Gingrich to be elected President in 2012,5,0.9,Sep/08/2011 14:10:46
743479,2012.PRES.GINGRICH,Newt Gingrich to be elected President in 2012,25,0.9,Sep/08/2011 14:10:46
743479,2012.PRES.GINGRICH,Newt Gingrich to be elected President in 2012,37,1.0,Sep/10/2011 13:01:00
743479,2012.PRES.GINGRICH,Newt Gingrich to be elected President in 2012,50,1.0,Sep/10/2011 13:01:00
743479,2012.PRES.GINGRICH,Newt Gingrich to be elected President in 2012,30,0.9,Sep/11/2011 03:24:11
743479,2012.PRES.GINGRICH,Newt Gingrich to be elected President in 2012,14,0.7,Sep/12/2011 19:47:26
743479,2012.PRES.GINGRICH,Newt Gingrich to be elected President in 2012,10,0.8,Sep/14/2011 10:08:50
743479,2012.PRES.GINGRICH,Newt Gingrich to be elected President in 2012,50,1.0,Sep/14/2011 10:08:50
743479,2012.PRES.GINGRICH,Newt Gingrich to be elected President in 2012,30,1.0,Sep/14/2011 10:08:50
743479,2012.PRES.GINGRICH,Newt Gingrich to be elected President in 2012,50,0.9,Sep/14/2011 10:08:50
743479,2012.PRES.GINGRICH,Newt Gingrich to be elected President in 2012,50,1.0,Sep/14/2011 10:08:50
743479,2012.PRES.GINGRICH,Newt Gingrich to be elected President in 2012,50,1.0,Sep/14/2011 10:08:50
743479,2012.PRES.GINGRICH,Newt Gingrich to be elected President in 2012,50,1.0,Sep/14/2011 10:08:50
743479,2012.PRES.GINGRICH,Newt Gingrich to be elected President in 2012,10,0.9,Sep/14/2011 10:08:50
743479,2012.PRES.GINGRICH,Newt Gingrich to be elected President in 2012,50,1.0,Sep/14/2011 10:08:50
743479,2012.PRES.GINGRICH,Newt Gingrich to be elected President in 2012,50,1.1,Sep/14/2011 10:20:53
743479,2012.PRES.GINGRICH,Newt Gingrich to be elected President in 2012,11,0.7,Sep/14/2011 15:13:20
743479,2012.PRES.GINGRICH,Newt Gingrich to be elected President in 2012,10,0.7,Sep/14/2011 15:13:20
743479,2012.PRES.GINGRICH,Newt Gingrich to be elected President in 2012,20,0.8,Sep/14/2011 15:13:20
743479,2012.PRES.GINGRICH,Newt Gingrich to be elected President in 2012,10,0.9,Sep/14/2011 15:13:20
743479,2012.PRES.GINGRICH,Newt Gingrich to be elected President in 2012,10,0.6,Sep/14/2011 15:21:23
743479,2012.PRES.GINGRICH,Newt Gingrich to be elected President in 2012,43,0.9,Sep/14/2011 21:46:46
743479,2012.PRES.GINGRICH,Newt Gingrich to be elected President in 2012,40,0.9,Sep/15/2011 03:41:44
743479,2012.PRES.GINGRICH,Newt Gingrich to be elected President in 2012,51,1.0,Sep/15/2011 14:02:18
743479,2012.PRES.GINGRICH,Newt Gingrich to be elected President in 2012,50,1.0,Sep/15/2011 14:02:18
743479,2012.PRES.GINGRICH,Newt Gingrich to be elected President in 2012,43,1.0,Sep/15/2011 14:02:18
743479,2012.PRES.GINGRICH,Newt Gingrich to be elected President in 2012,40,1.0,Sep/15/2011 14:02:18
743479,2012.PRES.GINGRICH,Newt Gingrich to be elected President in 2012,10,0.9,Sep/15/2011 23:01:20
743479,2012.PRES.GINGRICH,Newt Gingrich to be elected President in 2012,2,0.9,Sep/20/2011 21:20:53
743479,2012.PRES.GINGRICH,Newt Gingrich to be elected President in 2012,2,0.9,Sep/20/2011 21:20:53
743479,2012.PRES.GINGRICH,Newt Gingrich to be elected President in 2012,6,0.9,Sep/20/2011 21:20:53
743479,2012.PRES.GINGRICH,Newt Gingrich to be elected President in 2012,50,1.0,Sep/20/2011 21:24:12
743479,2012.PRES.GINGRICH,Newt Gingrich to be elected President in 2012,50,1.0,Sep/20/2011 21:24:12
743479,2012.PRES.GINGRICH,Newt Gingrich to be elected President in 2012,7,1.0,Sep/20/2011 21:24:12
743479,2012.PRES.GINGRICH,Newt Gingrich to be elected President in 2012,3,1.0,Sep/23/2011 12:09:52
743479,2012.PRES.GINGRICH,Newt Gingrich to be elected President in 2012,50,1.0,Sep/23/2011 12:09:52
743479,2012.PRES.GINGRICH,Newt Gingrich to be elected President in 2012,50,1.0,Sep/23/2011 12:09:52
743479,2012.PRES.GINGRICH,Newt Gingrich to be elected President in 2012,1,1.0,Sep/23/2011 12:09:52
743479,2012.PRES.GINGRICH,Newt Gingrich to be elected President in 2012,50,1.0,Sep/23/2011 12:09:52
743479,2012.PRES.GINGRICH,Newt Gingrich to be elected President in 2012,50,1.0,Sep/23/2011 12:09:52
743479,2012.PRES.GINGRICH,Newt Gingrich to be elected President in 2012,50,1.0,Sep/23/2011 12:09:52
743479,2012.PRES.GINGRICH,Newt Gingrich to be elected President in 2012,50,1.0,Sep/23/2011 12:09:52
743479,2012.PRES.GINGRICH,Newt Gingrich to be elected President in 2012,50,1.0,Sep/23/2011 12:09:52
743479,2012.PRES.GINGRICH,Newt Gingrich to be elected President in 2012,50,0.9,Sep/23/2011 12:09:52
743479,2012.PRES.GINGRICH,Newt Gingrich to be elected President in 2012,50,1.0,Sep/23/2011 12:09:52
743479,2012.PRES.GINGRICH,Newt Gingrich to be elected President in 2012,40,1.0,Sep/23/2011 14:42:16
743479,2012.PRES.GINGRICH,Newt Gingrich to be elected President in 2012,10,0.9,Sep/24/2011 16:53:35
743479,2012.PRES.GINGRICH,Newt Gingrich to be elected President in 2012,90,0.9,Sep/24/2011 16:54:48
743479,2012.PRES.GINGRICH,Newt Gingrich to be elected President in 2012,10,0.9,Sep/24/2011 16:57:02
743479,2012.PRES.GINGRICH,Newt Gingrich to be elected President in 2012,72,0.9,Sep/24/2011 16:57:18
743479,2012.PRES.GINGRICH,Newt Gingrich to be elected President in 2012,10,0.8,Sep/24/2011 23:12:48
743479,2012.PRES.GINGRICH,Newt Gingrich to be elected President in 2012,3,0.8,Sep/24/2011 23:12:48
743479,2012.PRES.GINGRICH,Newt Gingrich to be elected President in 2012,10,0.9,Sep/24/2011 23:12:48
743479,2012.PRES.GINGRICH,Newt Gingrich to be elected President in 2012,150,0.9,Sep/24/2011 23:13:58
743479,2012.PRES.GINGRICH,Newt Gingrich to be elected President in 2012,10,0.9,Sep/25/2011 03:08:09
743479,2012.PRES.GINGRICH,Newt Gingrich to be elected President in 2012,10,0.9,Sep/25/2011 03:15:04
743479,2012.PRES.GINGRICH,Newt Gingrich to be elected President in 2012,10,0.9,Sep/26/2011 02:24:13
743479,2012.PRES.GINGRICH,Newt Gingrich to be elected President in 2012,5,0.7,Sep/26/2011 21:07:48
743479,2012.PRES.GINGRICH,Newt Gingrich to be elected President in 2012,8,0.8,Sep/28/2011 02:10:09
743479,2012.PRES.GINGRICH,Newt Gingrich to be elected President in 2012,2,0.8,Sep/28/2011 02:10:45
743479,2012.PRES.GINGRICH,Newt Gingrich to be elected President in 2012,3,0.8,Sep/28/2011 02:11:23
743479,2012.PRES.GINGRICH,Newt Gingrich to be elected President in 2012,1,0.8,Sep/28/2011 02:13:12
743479,2012.PRES.GINGRICH,Newt Gingrich to be elected President in 2012,10,1.0,Sep/28/2011 05:48:38
743479,2012.PRES.GINGRICH,Newt Gingrich to be elected President in 2012,100,1.0,Sep/28/2011 05:48:38
743479,2012.PRES.GINGRICH,Newt Gingrich to be elected President in 2012,82,1.0,Sep/28/2011 05:48:38
743479,2012.PRES.GINGRICH,Newt Gingrich to be elected President in 2012,160,1.0,Sep/28/2011 05:48:38
743479,2012.PRES.GINGRICH,Newt Gingrich to be elected President in 2012,20,1.0,Sep/28/2011 05:48:38
743479,2012.PRES.GINGRICH,Newt Gingrich to be elected President in 2012,10,1.0,Sep/28/2011 05:48:38
743479,2012.PRES.GINGRICH,Newt Gingrich to be elected President in 2012,300,0.9,Sep/28/2011 05:48:38
743479,2012.PRES.GINGRICH,Newt Gingrich to be elected President in 2012,10,0.9,Sep/28/2011 05:48:38
743479,2012.PRES.GINGRICH,Newt Gingrich to be elected President in 2012,1,0.9,Sep/28/2011 05:48:38
743479,2012.PRES.GINGRICH,Newt Gingrich to be elected President in 2012,50,1.0,Sep/28/2011 05:48:38
743479,2012.PRES.GINGRICH,Newt Gingrich to be elected President in 2012,50,1.0,Sep/28/2011 05:48:38
743479,2012.PRES.GINGRICH,Newt Gingrich to be elected President in 2012,50,1.0,Sep/28/2011 05:48:38
743479,2012.PRES.GINGRICH,Newt Gingrich to be elected President in 2012,10,0.8,Sep/28/2011 05:48:38
743479,2012.PRES.GINGRICH,Newt Gingrich to be elected President in 2012,5,0.9,Sep/29/2011 16:45:36
743479,2012.PRES.GINGRICH,Newt Gingrich to be elected President in 2012,5,0.9,Sep/29/2011 16:46:13
743479,2012.PRES.GINGRICH,Newt Gingrich to be elected President in 2012,5,0.9,Sep/29/2011 17:27:35
743479,2012.PRES.GINGRICH,Newt Gingrich to be elected President in 2012,1,0.9,Sep/29/2011 17:58:42
743479,2012.PRES.GINGRICH,Newt Gingrich to be elected President in 2012,4,0.9,Sep/29/2011 18:59:36
743479,2012.PRES.GINGRICH,Newt Gingrich to be elected President in 2012,2,0.9,Sep/30/2011 02:29:26
743479,2012.PRES.GINGRICH,Newt Gingrich to be elected President in 2012,3,0.9,Sep/30/2011 04:19:03
743479,2012.PRES.GINGRICH,Newt Gingrich to be elected President in 2012,4,0.9,Sep/30/2011 14:57:51
743479,2012.PRES.GINGRICH,Newt Gingrich to be elected President in 2012,1,0.9,Sep/30/2011 15:19:24
743479,2012.PRES.GINGRICH,Newt Gingrich to be elected President in 2012,5,0.9,Sep/30/2011 15:19:24
743479,2012.PRES.GINGRICH,Newt Gingrich to be elected President in 2012,6,0.9,Sep/30/2011 15:19:24
743479,2012.PRES.GINGRICH,Newt Gingrich to be elected President in 2012,4,0.9,Sep/30/2011 15:19:37
743479,2012.PRES.GINGRICH,Newt Gingrich to be elected President in 2012,7,0.9,Sep/30/2011 15:26:33
743479,2012.PRES.GINGRICH,Newt Gingrich to be elected President in 2012,3,0.9,Sep/30/2011 15:26:59
743479,2012.PRES.GINGRICH,Newt Gingrich to be elected President in 2012,4,0.9,Sep/30/2011 15:27:19
743479,2012.PRES.GINGRICH,Newt Gingrich to be elected President in 2012,3,0.9,Sep/30/2011 15:27:19
743479,2012.PRES.GINGRICH,Newt Gingrich to be elected President in 2012,5,0.9,Sep/30/2011 15:27:59
743479,2012.PRES.GINGRICH,Newt Gingrich to be elected President in 2012,5,0.9,Sep/30/2011 15:28:54
743479,2012.PRES.GINGRICH,Newt Gingrich to be elected President in 2012,2,0.9,Sep/30/2011 15:29:29
743479,2012.PRES.GINGRICH,Newt Gingrich to be elected President in 2012,1,0.9,Sep/30/2011 15:36:25
743479,2012.PRES.GINGRICH,Newt Gingrich to be elected President in 2012,9,0.9,Sep/30/2011 15:36:25
743479,2012.PRES.GINGRICH,Newt Gingrich to be elected President in 2012,10,0.9,Sep/30/2011 15:36:50
743479,2012.PRES.GINGRICH,Newt Gingrich to be elected President in 2012,5,0.9,Sep/30/2011 15:37:10
743479,2012.PRES.GINGRICH,Newt Gingrich to be elected President in 2012,5,0.9,Sep/30/2011 15:37:55
743479,2012.PRES.GINGRICH,Newt Gingrich to be elected President in 2012,1,0.9,Sep/30/2011 15:38:35
743479,2012.PRES.GINGRICH,Newt Gingrich to be elected President in 2012,4,0.9,Sep/30/2011 15:38:55
743479,2012.PRES.GINGRICH,Newt Gingrich to be elected President in 2012,6,0.9,Sep/30/2011 15:39:35
743479,2012.PRES.GINGRICH,Newt Gingrich to be elected President in 2012,7,0.9,Sep/30/2011 15:40:30
743479,2012.PRES.GINGRICH,Newt Gingrich to be elected President in 2012,1,0.9,Sep/30/2011 15:47:15
743479,2012.PRES.GINGRICH,Newt Gingrich to be elected President in 2012,2,0.9,Sep/30/2011 15:47:23
743479,2012.PRES.GINGRICH,Newt Gingrich to be elected President in 2012,1,0.9,Sep/30/2011 15:47:23
743479,2012.PRES.GINGRICH,Newt Gingrich to be elected President in 2012,3,0.9,Sep/30/2011 15:47:32
743479,2012.PRES.GINGRICH,Newt Gingrich to be elected President in 2012,2,0.9,Sep/30/2011 15:48:14
743479,2012.PRES.GINGRICH,Newt Gingrich to be elected President in 2012,2,0.9,Sep/30/2011 15:49:31
743479,2012.PRES.GINGRICH,Newt Gingrich to be elected President in 2012,12,0.9,Sep/30/2011 15:49:43
743479,2012.PRES.GINGRICH,Newt Gingrich to be elected President in 2012,10,0.9,Sep/30/2011 15:49:56
743479,2012.PRES.GINGRICH,Newt Gingrich to be elected President in 2012,5,0.9,Sep/30/2011 15:50:17
743479,2012.PRES.GINGRICH,Newt Gingrich to be elected President in 2012,5,0.9,Sep/30/2011 15:50:23
743479,2012.PRES.GINGRICH,Newt Gingrich to be elected President in 2012,10,0.9,Sep/30/2011 15:50:37
743479,2012.PRES.GINGRICH,Newt Gingrich to be elected President in 2012,10,0.9,Sep/30/2011 18:23:52
743479,2012.PRES.GINGRICH,Newt Gingrich to be elected President in 2012,10,0.9,Sep/30/2011 18:44:01
743479,2012.PRES.GINGRICH,Newt Gingrich to be elected President in 2012,50,1.0,Oct/01/2011 03:39:25
743479,2012.PRES.GINGRICH,Newt Gingrich to be elected President in 2012,1,1.0,Oct/01/2011 03:39:25
743479,2012.PRES.GINGRICH,Newt Gingrich to be elected President in 2012,50,1.0,Oct/01/2011 03:39:25
743479,2012.PRES.GINGRICH,Newt Gingrich to be elected President in 2012,50,1.0,Oct/01/2011 03:39:25
743479,2012.PRES.GINGRICH,Newt Gingrich to be elected President in 2012,10,1.0,Oct/01/2011 03:39:25
743479,2012.PRES.GINGRICH,Newt Gingrich to be elected President in 2012,50,1.0,Oct/01/2011 03:39:25
743479,2012.PRES.GINGRICH,Newt Gingrich to be elected President in 2012,112,1.0,Oct/01/2011 03:39:25
743479,2012.PRES.GINGRICH,Newt Gingrich to be elected President in 2012,3,1.0,Oct/01/2011 03:39:25
743479,2012.PRES.GINGRICH,Newt Gingrich to be elected President in 2012,10,1.0,Oct/01/2011 03:39:25
743479,2012.PRES.GINGRICH,Newt Gingrich to be elected President in 2012,50,1.0,Oct/01/2011 03:39:25
