market id,market symbol,market name,trade quantity,trade price,date/time [utc]
743477,2012.PRES.THUNE,John Thune to be elected President in 2012,150,7.5,Jan/04/2011 22:19:23
743477,2012.PRES.THUNE,John Thune to be elected President in 2012,10,7.0,Jan/05/2011 23:12:46
743477,2012.PRES.THUNE,John Thune to be elected President in 2012,20,6.5,Jan/06/2011 02:33:36
743477,2012.PRES.THUNE,John Thune to be elected President in 2012,11,6.0,Jan/06/2011 04:20:51
743477,2012.PRES.THUNE,John Thune to be elected President in 2012,11,6.0,Jan/06/2011 04:25:46
743477,2012.PRES.THUNE,John Thune to be elected President in 2012,20,6.5,Jan/06/2011 12:24:56
743477,2012.PRES.THUNE,John Thune to be elected President in 2012,5,6.0,Jan/06/2011 18:19:36
743477,2012.PRES.THUNE,John Thune to be elected President in 2012,5,6.2,Jan/06/2011 18:19:36
743477,2012.PRES.THUNE,John Thune to be elected President in 2012,5,6.3,Jan/06/2011 18:19:36
743477,2012.PRES.THUNE,John Thune to be elected President in 2012,5,6.4,Jan/06/2011 18:19:36
743477,2012.PRES.THUNE,John Thune to be elected President in 2012,5,6.1,Jan/06/2011 18:19:36
743477,2012.PRES.THUNE,John Thune to be elected President in 2012,5,5.9,Jan/10/2011 03:48:30
743477,2012.PRES.THUNE,John Thune to be elected President in 2012,5,5.8,Jan/10/2011 03:48:30
743477,2012.PRES.THUNE,John Thune to be elected President in 2012,5,5.7,Jan/10/2011 03:48:30
743477,2012.PRES.THUNE,John Thune to be elected President in 2012,5,5.6,Jan/10/2011 03:48:30
743477,2012.PRES.THUNE,John Thune to be elected President in 2012,20,5.1,Jan/17/2011 13:38:24
743477,2012.PRES.THUNE,John Thune to be elected President in 2012,150,5.0,Jan/17/2011 13:38:24
743477,2012.PRES.THUNE,John Thune to be elected President in 2012,65,6.0,Jan/26/2011 22:17:17
743477,2012.PRES.THUNE,John Thune to be elected President in 2012,60,6.5,Jan/29/2011 14:09:32
743477,2012.PRES.THUNE,John Thune to be elected President in 2012,5,6.4,Jan/29/2011 14:09:32
743477,2012.PRES.THUNE,John Thune to be elected President in 2012,40,6.3,Jan/29/2011 14:09:32
743477,2012.PRES.THUNE,John Thune to be elected President in 2012,15,7.0,Jan/30/2011 19:44:50
743477,2012.PRES.THUNE,John Thune to be elected President in 2012,10,7.0,Feb/01/2011 15:26:23
743477,2012.PRES.THUNE,John Thune to be elected President in 2012,25,7.0,Feb/01/2011 15:26:38
743477,2012.PRES.THUNE,John Thune to be elected President in 2012,25,7.0,Feb/01/2011 15:27:03
743477,2012.PRES.THUNE,John Thune to be elected President in 2012,25,7.0,Feb/01/2011 15:27:37
743477,2012.PRES.THUNE,John Thune to be elected President in 2012,100,8.0,Feb/02/2011 16:23:44
743477,2012.PRES.THUNE,John Thune to be elected President in 2012,5,5.0,Feb/11/2011 15:09:36
743477,2012.PRES.THUNE,John Thune to be elected President in 2012,5,6.0,Feb/11/2011 15:09:36
743477,2012.PRES.THUNE,John Thune to be elected President in 2012,5,6.2,Feb/11/2011 15:09:36
743477,2012.PRES.THUNE,John Thune to be elected President in 2012,5,6.1,Feb/11/2011 15:09:36
743477,2012.PRES.THUNE,John Thune to be elected President in 2012,5,5.9,Feb/11/2011 15:09:36
743477,2012.PRES.THUNE,John Thune to be elected President in 2012,4,0.1,Mar/07/2011 23:23:41
743477,2012.PRES.THUNE,John Thune to be elected President in 2012,1,0.1,Mar/07/2011 23:23:41
743477,2012.PRES.THUNE,John Thune to be elected President in 2012,1,0.2,Mar/21/2011 16:10:26
743477,2012.PRES.THUNE,John Thune to be elected President in 2012,44,0.1,Apr/11/2011 20:16:04
743477,2012.PRES.THUNE,John Thune to be elected President in 2012,60,0.1,Apr/14/2011 16:26:15
743477,2012.PRES.THUNE,John Thune to be elected President in 2012,20,0.1,Apr/26/2011 14:16:41
743477,2012.PRES.THUNE,John Thune to be elected President in 2012,10,0.1,Apr/26/2011 14:19:23
743477,2012.PRES.THUNE,John Thune to be elected President in 2012,10,0.1,Apr/26/2011 15:25:38
743477,2012.PRES.THUNE,John Thune to be elected President in 2012,10,0.1,Apr/26/2011 18:46:37
743477,2012.PRES.THUNE,John Thune to be elected President in 2012,100,0.1,Apr/29/2011 07:08:56
743477,2012.PRES.THUNE,John Thune to be elected President in 2012,10,0.1,May/02/2011 03:10:17
743477,2012.PRES.THUNE,John Thune to be elected President in 2012,10,0.1,May/02/2011 21:57:49
743477,2012.PRES.THUNE,John Thune to be elected President in 2012,10,0.1,May/03/2011 15:10:34
743477,2012.PRES.THUNE,John Thune to be elected President in 2012,10,0.1,May/03/2011 21:00:21
743477,2012.PRES.THUNE,John Thune to be elected President in 2012,10,0.1,May/05/2011 03:50:06
743477,2012.PRES.THUNE,John Thune to be elected President in 2012,25,0.1,May/07/2011 17:23:36
743477,2012.PRES.THUNE,John Thune to be elected President in 2012,55,0.1,May/08/2011 10:35:50
743477,2012.PRES.THUNE,John Thune to be elected President in 2012,100,0.1,May/08/2011 10:35:50
743477,2012.PRES.THUNE,John Thune to be elected President in 2012,10,0.1,May/08/2011 10:35:50
743477,2012.PRES.THUNE,John Thune to be elected President in 2012,40,0.1,May/08/2011 10:35:50
743477,2012.PRES.THUNE,John Thune to be elected President in 2012,75,0.1,May/08/2011 10:35:50
743477,2012.PRES.THUNE,John Thune to be elected President in 2012,5,0.1,May/08/2011 10:55:03
743477,2012.PRES.THUNE,John Thune to be elected President in 2012,50,0.1,May/08/2011 15:15:20
743477,2012.PRES.THUNE,John Thune to be elected President in 2012,20,0.1,May/09/2011 00:36:48
743477,2012.PRES.THUNE,John Thune to be elected President in 2012,20,0.1,May/10/2011 00:08:43
743477,2012.PRES.THUNE,John Thune to be elected President in 2012,5,0.1,May/10/2011 00:22:08
743477,2012.PRES.THUNE,John Thune to be elected President in 2012,35,0.1,May/13/2011 20:32:21
743477,2012.PRES.THUNE,John Thune to be elected President in 2012,20,0.1,May/13/2011 20:32:21
743477,2012.PRES.THUNE,John Thune to be elected President in 2012,90,0.1,May/13/2011 20:32:21
743477,2012.PRES.THUNE,John Thune to be elected President in 2012,20,0.1,May/13/2011 20:32:21
743477,2012.PRES.THUNE,John Thune to be elected President in 2012,10,0.1,May/13/2011 20:32:21
743477,2012.PRES.THUNE,John Thune to be elected President in 2012,10,0.1,May/13/2011 20:32:21
743477,2012.PRES.THUNE,John Thune to be elected President in 2012,40,0.1,May/13/2011 20:32:21
743477,2012.PRES.THUNE,John Thune to be elected President in 2012,10,0.1,May/13/2011 20:32:21
743477,2012.PRES.THUNE,John Thune to be elected President in 2012,10,0.1,May/13/2011 20:32:21
743477,2012.PRES.THUNE,John Thune to be elected President in 2012,30,0.1,May/13/2011 20:32:21
743477,2012.PRES.THUNE,John Thune to be elected President in 2012,10,0.1,May/13/2011 20:32:21
743477,2012.PRES.THUNE,John Thune to be elected President in 2012,15,0.1,May/13/2011 20:32:21
743477,2012.PRES.THUNE,John Thune to be elected President in 2012,1,0.1,Jun/11/2011 04:12:59
743477,2012.PRES.THUNE,John Thune to be elected President in 2012,89,0.1,Jun/20/2011 13:40:19
743477,2012.PRES.THUNE,John Thune to be elected President in 2012,40,0.1,Jun/20/2011 13:40:19
743477,2012.PRES.THUNE,John Thune to be elected President in 2012,70,0.1,Jun/20/2011 13:40:19
743477,2012.PRES.THUNE,John Thune to be elected President in 2012,100,0.1,Jun/20/2011 13:40:19
743477,2012.PRES.THUNE,John Thune to be elected President in 2012,150,0.1,Jun/20/2011 13:40:19
743477,2012.PRES.THUNE,John Thune to be elected President in 2012,120,0.1,Jun/20/2011 13:40:19
743477,2012.PRES.THUNE,John Thune to be elected President in 2012,3,0.2,Jun/20/2011 14:05:56
743477,2012.PRES.THUNE,John Thune to be elected President in 2012,1,0.3,Jun/20/2011 14:06:07
743477,2012.PRES.THUNE,John Thune to be elected President in 2012,26,0.4,Jun/20/2011 14:25:39
743477,2012.PRES.THUNE,John Thune to be elected President in 2012,10,0.2,Jun/20/2011 14:39:11
743477,2012.PRES.THUNE,John Thune to be elected President in 2012,60,0.2,Jun/20/2011 14:42:30
743477,2012.PRES.THUNE,John Thune to be elected President in 2012,40,0.2,Jun/20/2011 14:44:25
743477,2012.PRES.THUNE,John Thune to be elected President in 2012,50,0.3,Jun/20/2011 15:29:30
743477,2012.PRES.THUNE,John Thune to be elected President in 2012,5,0.4,Jun/20/2011 22:08:16
743477,2012.PRES.THUNE,John Thune to be elected President in 2012,10,0.4,Jun/21/2011 03:06:44
743477,2012.PRES.THUNE,John Thune to be elected President in 2012,59,0.4,Jun/21/2011 03:08:47
743477,2012.PRES.THUNE,John Thune to be elected President in 2012,10,0.5,Jun/21/2011 03:09:53
743477,2012.PRES.THUNE,John Thune to be elected President in 2012,10,0.6,Jun/21/2011 17:53:02
743477,2012.PRES.THUNE,John Thune to be elected President in 2012,591,0.1,Jun/22/2011 16:29:09
743477,2012.PRES.THUNE,John Thune to be elected President in 2012,25,0.1,Jun/22/2011 17:57:09
743477,2012.PRES.THUNE,John Thune to be elected President in 2012,10,0.3,Jun/23/2011 04:20:15
743477,2012.PRES.THUNE,John Thune to be elected President in 2012,10,0.2,Jun/23/2011 22:19:03
743477,2012.PRES.THUNE,John Thune to be elected President in 2012,10,0.2,Jun/30/2011 01:52:03
743477,2012.PRES.THUNE,John Thune to be elected President in 2012,10,0.2,Jun/30/2011 01:52:03
743477,2012.PRES.THUNE,John Thune to be elected President in 2012,100,0.2,Jun/30/2011 01:52:03
743477,2012.PRES.THUNE,John Thune to be elected President in 2012,10,0.2,Jun/30/2011 01:52:03
743477,2012.PRES.THUNE,John Thune to be elected President in 2012,10,0.2,Jun/30/2011 01:52:03
743477,2012.PRES.THUNE,John Thune to be elected President in 2012,10,0.2,Jun/30/2011 01:52:03
743477,2012.PRES.THUNE,John Thune to be elected President in 2012,10,0.2,Jun/30/2011 01:52:03
743477,2012.PRES.THUNE,John Thune to be elected President in 2012,10,0.2,Jun/30/2011 01:52:03
743477,2012.PRES.THUNE,John Thune to be elected President in 2012,10,0.2,Jun/30/2011 01:52:03
743477,2012.PRES.THUNE,John Thune to be elected President in 2012,10,0.2,Jun/30/2011 01:52:03
743477,2012.PRES.THUNE,John Thune to be elected President in 2012,10,0.2,Jun/30/2011 01:52:03
743477,2012.PRES.THUNE,John Thune to be elected President in 2012,20,0.2,Jun/30/2011 01:52:03
743477,2012.PRES.THUNE,John Thune to be elected President in 2012,10,0.2,Jun/30/2011 01:52:03
743477,2012.PRES.THUNE,John Thune to be elected President in 2012,20,0.2,Jun/30/2011 01:52:03
743477,2012.PRES.THUNE,John Thune to be elected President in 2012,50,0.2,Jun/30/2011 02:56:37
743477,2012.PRES.THUNE,John Thune to be elected President in 2012,75,0.1,Jul/13/2011 02:31:43
743477,2012.PRES.THUNE,John Thune to be elected President in 2012,200,0.1,Jul/13/2011 02:31:43
743477,2012.PRES.THUNE,John Thune to be elected President in 2012,10,0.1,Jul/13/2011 02:31:43
743477,2012.PRES.THUNE,John Thune to be elected President in 2012,195,0.1,Jul/13/2011 07:35:06
743477,2012.PRES.THUNE,John Thune to be elected President in 2012,5,0.1,Jul/13/2011 14:23:28
743477,2012.PRES.THUNE,John Thune to be elected President in 2012,10,0.1,Jul/16/2011 03:53:32
743477,2012.PRES.THUNE,John Thune to be elected President in 2012,70,0.1,Jul/21/2011 12:12:11
743477,2012.PRES.THUNE,John Thune to be elected President in 2012,50,0.1,Jul/21/2011 20:13:06
743477,2012.PRES.THUNE,John Thune to be elected President in 2012,100,0.1,Jul/21/2011 20:16:10
743477,2012.PRES.THUNE,John Thune to be elected President in 2012,100,0.1,Jul/31/2011 15:02:34
743477,2012.PRES.THUNE,John Thune to be elected President in 2012,100,0.1,Jul/31/2011 15:02:34
743477,2012.PRES.THUNE,John Thune to be elected President in 2012,100,0.1,Jul/31/2011 15:02:34
743477,2012.PRES.THUNE,John Thune to be elected President in 2012,100,0.1,Jul/31/2011 15:02:34
743477,2012.PRES.THUNE,John Thune to be elected President in 2012,100,0.1,Jul/31/2011 15:02:34
743477,2012.PRES.THUNE,John Thune to be elected President in 2012,10,0.1,Jul/31/2011 15:02:34
743477,2012.PRES.THUNE,John Thune to be elected President in 2012,210,0.1,Jul/31/2011 16:51:41
743477,2012.PRES.THUNE,John Thune to be elected President in 2012,190,0.1,Jul/31/2011 17:02:22
743477,2012.PRES.THUNE,John Thune to be elected President in 2012,100,0.1,Jul/31/2011 17:02:22
743477,2012.PRES.THUNE,John Thune to be elected President in 2012,200,0.1,Jul/31/2011 17:15:51
743477,2012.PRES.THUNE,John Thune to be elected President in 2012,10,0.1,Jul/31/2011 17:18:20
743477,2012.PRES.THUNE,John Thune to be elected President in 2012,250,0.1,Jul/31/2011 17:18:20
743477,2012.PRES.THUNE,John Thune to be elected President in 2012,40,0.1,Jul/31/2011 17:18:20
743477,2012.PRES.THUNE,John Thune to be elected President in 2012,10,0.1,Aug/01/2011 00:35:26
743477,2012.PRES.THUNE,John Thune to be elected President in 2012,200,0.1,Aug/07/2011 09:07:19
743477,2012.PRES.THUNE,John Thune to be elected President in 2012,240,0.1,Aug/07/2011 09:07:19
743477,2012.PRES.THUNE,John Thune to be elected President in 2012,1,0.2,Aug/07/2011 12:42:03
743477,2012.PRES.THUNE,John Thune to be elected President in 2012,1,0.2,Aug/07/2011 12:42:28
743477,2012.PRES.THUNE,John Thune to be elected President in 2012,10,0.1,Aug/08/2011 02:17:30
743477,2012.PRES.THUNE,John Thune to be elected President in 2012,10,0.1,Aug/08/2011 03:20:27
743477,2012.PRES.THUNE,John Thune to be elected President in 2012,10,0.1,Aug/08/2011 15:08:56
743477,2012.PRES.THUNE,John Thune to be elected President in 2012,2,0.1,Aug/08/2011 16:24:43
743477,2012.PRES.THUNE,John Thune to be elected President in 2012,1,0.1,Aug/08/2011 16:24:51
743477,2012.PRES.THUNE,John Thune to be elected President in 2012,3,0.1,Aug/09/2011 14:24:04
743477,2012.PRES.THUNE,John Thune to be elected President in 2012,57,0.1,Aug/10/2011 07:04:35
743477,2012.PRES.THUNE,John Thune to be elected President in 2012,8,0.2,Aug/10/2011 07:04:53
743477,2012.PRES.THUNE,John Thune to be elected President in 2012,4,0.2,Aug/10/2011 07:04:53
743477,2012.PRES.THUNE,John Thune to be elected President in 2012,175,0.2,Aug/10/2011 07:04:53
743477,2012.PRES.THUNE,John Thune to be elected President in 2012,10,0.2,Aug/10/2011 07:04:53
743477,2012.PRES.THUNE,John Thune to be elected President in 2012,9,0.2,Aug/10/2011 07:04:53
743477,2012.PRES.THUNE,John Thune to be elected President in 2012,25,0.2,Aug/10/2011 07:04:53
743477,2012.PRES.THUNE,John Thune to be elected President in 2012,10,0.1,Aug/11/2011 21:41:30
743477,2012.PRES.THUNE,John Thune to be elected President in 2012,1,0.1,Aug/11/2011 21:41:37
743477,2012.PRES.THUNE,John Thune to be elected President in 2012,77,0.1,Aug/11/2011 23:36:05
743477,2012.PRES.THUNE,John Thune to be elected President in 2012,30,0.1,Aug/11/2011 23:36:05
743477,2012.PRES.THUNE,John Thune to be elected President in 2012,33,0.1,Aug/12/2011 08:43:37
743477,2012.PRES.THUNE,John Thune to be elected President in 2012,170,0.1,Aug/13/2011 07:29:21
743477,2012.PRES.THUNE,John Thune to be elected President in 2012,20,0.1,Aug/15/2011 03:19:07
743477,2012.PRES.THUNE,John Thune to be elected President in 2012,90,0.1,Aug/15/2011 03:34:11
743477,2012.PRES.THUNE,John Thune to be elected President in 2012,76,0.1,Aug/15/2011 07:08:07
743477,2012.PRES.THUNE,John Thune to be elected President in 2012,14,0.1,Aug/15/2011 07:08:47
743477,2012.PRES.THUNE,John Thune to be elected President in 2012,500,0.1,Aug/15/2011 12:40:27
743477,2012.PRES.THUNE,John Thune to be elected President in 2012,86,0.1,Aug/15/2011 13:04:01
743477,2012.PRES.THUNE,John Thune to be elected President in 2012,10,0.1,Aug/15/2011 13:04:01
743477,2012.PRES.THUNE,John Thune to be elected President in 2012,6,0.1,Aug/16/2011 11:45:30
743477,2012.PRES.THUNE,John Thune to be elected President in 2012,100,0.1,Aug/17/2011 13:44:35
743477,2012.PRES.THUNE,John Thune to be elected President in 2012,98,0.1,Aug/23/2011 23:02:27
743477,2012.PRES.THUNE,John Thune to be elected President in 2012,10,0.1,Nov/16/2011 19:10:17
743477,2012.PRES.THUNE,John Thune to be elected President in 2012,75,0.1,Nov/16/2011 19:10:17
743477,2012.PRES.THUNE,John Thune to be elected President in 2012,100,0.1,Nov/16/2011 19:10:17
743477,2012.PRES.THUNE,John Thune to be elected President in 2012,5,0.1,Nov/16/2011 19:10:17
743477,2012.PRES.THUNE,John Thune to be elected President in 2012,1,0.1,Nov/16/2011 19:10:17
743477,2012.PRES.THUNE,John Thune to be elected President in 2012,209,0.1,Nov/16/2011 19:10:17
743477,2012.PRES.THUNE,John Thune to be elected President in 2012,1246,0.1,Jan/20/2012 15:29:41
743477,2012.PRES.THUNE,John Thune to be elected President in 2012,92,0.1,Jan/20/2012 15:29:41
743477,2012.PRES.THUNE,John Thune to be elected President in 2012,1050,0.1,Jan/20/2012 15:29:41
743477,2012.PRES.THUNE,John Thune to be elected President in 2012,221,0.1,Jan/20/2012 15:29:41
743477,2012.PRES.THUNE,John Thune to be elected President in 2012,2000,0.1,Jan/20/2012 15:29:41
743477,2012.PRES.THUNE,John Thune to be elected President in 2012,391,0.1,Jan/20/2012 15:29:41
743477,2012.PRES.THUNE,John Thune to be elected President in 2012,50,0.1,Jan/23/2012 03:19:28
743477,2012.PRES.THUNE,John Thune to be elected President in 2012,1,0.1,Feb/09/2012 10:13:49
743477,2012.PRES.THUNE,John Thune to be elected President in 2012,10,0.1,Feb/09/2012 19:34:47
743477,2012.PRES.THUNE,John Thune to be elected President in 2012,635,0.1,Feb/16/2012 06:27:21
743477,2012.PRES.THUNE,John Thune to be elected President in 2012,2000,0.1,Feb/16/2012 06:27:21
743477,2012.PRES.THUNE,John Thune to be elected President in 2012,25,0.1,Feb/16/2012 06:27:21
743477,2012.PRES.THUNE,John Thune to be elected President in 2012,50,0.1,Feb/16/2012 06:27:21
743477,2012.PRES.THUNE,John Thune to be elected President in 2012,4000,0.1,Feb/16/2012 06:27:21
743477,2012.PRES.THUNE,John Thune to be elected President in 2012,350,0.1,Feb/16/2012 06:27:21
743477,2012.PRES.THUNE,John Thune to be elected President in 2012,500,0.1,Feb/16/2012 06:27:21
743477,2012.PRES.THUNE,John Thune to be elected President in 2012,1350,0.1,Feb/16/2012 06:27:21
743477,2012.PRES.THUNE,John Thune to be elected President in 2012,500,0.1,Feb/16/2012 06:27:21
743477,2012.PRES.THUNE,John Thune to be elected President in 2012,1,0.1,Feb/16/2012 06:27:21
743477,2012.PRES.THUNE,John Thune to be elected President in 2012,489,0.1,Feb/16/2012 06:27:21
743477,2012.PRES.THUNE,John Thune to be elected President in 2012,2962,0.1,Feb/16/2012 06:28:04
743477,2012.PRES.THUNE,John Thune to be elected President in 2012,100,0.1,Feb/16/2012 06:28:04
743477,2012.PRES.THUNE,John Thune to be elected President in 2012,2000,0.2,Feb/16/2012 06:28:36
743477,2012.PRES.THUNE,John Thune to be elected President in 2012,1,0.2,Feb/16/2012 06:28:36
743477,2012.PRES.THUNE,John Thune to be elected President in 2012,1000,0.2,Feb/16/2012 06:28:36
743477,2012.PRES.THUNE,John Thune to be elected President in 2012,1000,0.2,Feb/16/2012 06:28:36
743477,2012.PRES.THUNE,John Thune to be elected President in 2012,100,0.2,Feb/16/2012 06:28:36
743477,2012.PRES.THUNE,John Thune to be elected President in 2012,10,0.2,Feb/16/2012 06:28:36
743477,2012.PRES.THUNE,John Thune to be elected President in 2012,28,0.2,Feb/16/2012 06:28:36
743477,2012.PRES.THUNE,John Thune to be elected President in 2012,200,0.3,Feb/16/2012 06:29:31
743477,2012.PRES.THUNE,John Thune to be elected President in 2012,10,0.3,Feb/16/2012 06:29:31
743477,2012.PRES.THUNE,John Thune to be elected President in 2012,100,0.3,Feb/16/2012 06:29:31
743477,2012.PRES.THUNE,John Thune to be elected President in 2012,1,0.3,Feb/16/2012 06:29:31
743477,2012.PRES.THUNE,John Thune to be elected President in 2012,1,0.4,Feb/16/2012 06:30:06
743477,2012.PRES.THUNE,John Thune to be elected President in 2012,1000,0.4,Feb/16/2012 06:30:06
743477,2012.PRES.THUNE,John Thune to be elected President in 2012,100,0.4,Feb/16/2012 06:30:06
743477,2012.PRES.THUNE,John Thune to be elected President in 2012,10,0.4,Feb/16/2012 06:30:06
743477,2012.PRES.THUNE,John Thune to be elected President in 2012,10,0.4,Feb/16/2012 06:30:06
743477,2012.PRES.THUNE,John Thune to be elected President in 2012,2000,0.5,Feb/16/2012 06:30:40
743477,2012.PRES.THUNE,John Thune to be elected President in 2012,1000,0.5,Feb/16/2012 06:30:40
743477,2012.PRES.THUNE,John Thune to be elected President in 2012,100,0.5,Feb/16/2012 06:30:40
743477,2012.PRES.THUNE,John Thune to be elected President in 2012,10,0.5,Feb/16/2012 06:30:40
743477,2012.PRES.THUNE,John Thune to be elected President in 2012,2,0.6,Feb/16/2012 06:31:24
743477,2012.PRES.THUNE,John Thune to be elected President in 2012,1,0.7,Feb/16/2012 06:31:24
743477,2012.PRES.THUNE,John Thune to be elected President in 2012,10,0.9,Feb/16/2012 06:31:24
743477,2012.PRES.THUNE,John Thune to be elected President in 2012,10,0.8,Feb/16/2012 06:31:24
743477,2012.PRES.THUNE,John Thune to be elected President in 2012,10,0.7,Feb/16/2012 06:31:24
743477,2012.PRES.THUNE,John Thune to be elected President in 2012,10,0.6,Feb/16/2012 06:31:24
743477,2012.PRES.THUNE,John Thune to be elected President in 2012,20,0.6,Feb/16/2012 06:31:24
743477,2012.PRES.THUNE,John Thune to be elected President in 2012,20,0.6,Feb/16/2012 06:31:24
743477,2012.PRES.THUNE,John Thune to be elected President in 2012,9,0.7,Feb/16/2012 06:31:24
743477,2012.PRES.THUNE,John Thune to be elected President in 2012,100,0.9,Feb/16/2012 06:35:51
743477,2012.PRES.THUNE,John Thune to be elected President in 2012,10,1.0,Feb/16/2012 06:36:19
743477,2012.PRES.THUNE,John Thune to be elected President in 2012,5,4.0,Feb/16/2012 06:37:14
743477,2012.PRES.THUNE,John Thune to be elected President in 2012,20,3.9,Feb/16/2012 06:37:14
743477,2012.PRES.THUNE,John Thune to be elected President in 2012,10,3.8,Feb/16/2012 06:37:14
743477,2012.PRES.THUNE,John Thune to be elected President in 2012,20,4.0,Feb/16/2012 06:38:12
743477,2012.PRES.THUNE,John Thune to be elected President in 2012,100,4.9,Feb/16/2012 06:38:12
743477,2012.PRES.THUNE,John Thune to be elected President in 2012,15,8.9,Feb/16/2012 06:38:12
743477,2012.PRES.THUNE,John Thune to be elected President in 2012,15,4.0,Feb/16/2012 06:38:12
743477,2012.PRES.THUNE,John Thune to be elected President in 2012,100,0.2,Feb/16/2012 06:54:35
743477,2012.PRES.THUNE,John Thune to be elected President in 2012,50,0.3,Feb/16/2012 06:54:42
743477,2012.PRES.THUNE,John Thune to be elected President in 2012,50,1.0,Feb/16/2012 06:55:50
743477,2012.PRES.THUNE,John Thune to be elected President in 2012,100,2.0,Feb/16/2012 06:56:22
743477,2012.PRES.THUNE,John Thune to be elected President in 2012,1,3.0,Feb/16/2012 06:56:47
743477,2012.PRES.THUNE,John Thune to be elected President in 2012,1,1.0,Feb/16/2012 07:03:15
743477,2012.PRES.THUNE,John Thune to be elected President in 2012,1,1.8,Feb/16/2012 07:10:05
743477,2012.PRES.THUNE,John Thune to be elected President in 2012,1,1.0,Feb/16/2012 07:10:08
743477,2012.PRES.THUNE,John Thune to be elected President in 2012,20,0.3,Feb/16/2012 15:55:56
743477,2012.PRES.THUNE,John Thune to be elected President in 2012,1,0.4,Feb/16/2012 19:40:57
743477,2012.PRES.THUNE,John Thune to be elected President in 2012,1,0.2,Feb/16/2012 21:53:39
743477,2012.PRES.THUNE,John Thune to be elected President in 2012,250,0.3,Feb/16/2012 22:17:02
743477,2012.PRES.THUNE,John Thune to be elected President in 2012,2,0.3,Feb/16/2012 22:17:31
743477,2012.PRES.THUNE,John Thune to be elected President in 2012,248,0.3,Feb/16/2012 23:17:30
743477,2012.PRES.THUNE,John Thune to be elected President in 2012,58,0.2,Feb/16/2012 23:28:40
743477,2012.PRES.THUNE,John Thune to be elected President in 2012,252,0.3,Feb/16/2012 23:50:23
743477,2012.PRES.THUNE,John Thune to be elected President in 2012,1,0.3,Feb/16/2012 23:50:23
743477,2012.PRES.THUNE,John Thune to be elected President in 2012,243,0.4,Feb/17/2012 00:06:21
743477,2012.PRES.THUNE,John Thune to be elected President in 2012,1,0.4,Feb/17/2012 00:06:21
743477,2012.PRES.THUNE,John Thune to be elected President in 2012,1,0.5,Feb/17/2012 00:06:30
743477,2012.PRES.THUNE,John Thune to be elected President in 2012,49,0.5,Feb/17/2012 00:17:14
743477,2012.PRES.THUNE,John Thune to be elected President in 2012,1,0.5,Feb/17/2012 00:17:14
743477,2012.PRES.THUNE,John Thune to be elected President in 2012,1,0.9,Feb/17/2012 00:17:37
743477,2012.PRES.THUNE,John Thune to be elected President in 2012,1,0.8,Feb/17/2012 00:17:56
743477,2012.PRES.THUNE,John Thune to be elected President in 2012,3,0.4,Feb/17/2012 00:51:28
743477,2012.PRES.THUNE,John Thune to be elected President in 2012,47,0.4,Feb/17/2012 02:01:30
743477,2012.PRES.THUNE,John Thune to be elected President in 2012,50,0.5,Feb/17/2012 05:26:10
743477,2012.PRES.THUNE,John Thune to be elected President in 2012,1,0.5,Feb/17/2012 05:26:10
743477,2012.PRES.THUNE,John Thune to be elected President in 2012,1,0.8,Feb/17/2012 05:27:36
743477,2012.PRES.THUNE,John Thune to be elected President in 2012,50,0.8,Feb/17/2012 05:27:36
743477,2012.PRES.THUNE,John Thune to be elected President in 2012,1,0.9,Feb/17/2012 05:27:36
743477,2012.PRES.THUNE,John Thune to be elected President in 2012,1,1.0,Feb/17/2012 05:27:36
743477,2012.PRES.THUNE,John Thune to be elected President in 2012,1,0.9,Feb/17/2012 05:27:36
743477,2012.PRES.THUNE,John Thune to be elected President in 2012,99,0.9,Feb/17/2012 05:27:36
743477,2012.PRES.THUNE,John Thune to be elected President in 2012,50,1.0,Feb/17/2012 05:28:22
743477,2012.PRES.THUNE,John Thune to be elected President in 2012,200,1.0,Feb/17/2012 05:28:22
743477,2012.PRES.THUNE,John Thune to be elected President in 2012,149,1.0,Feb/17/2012 05:28:22
743477,2012.PRES.THUNE,John Thune to be elected President in 2012,50,1.0,Feb/17/2012 05:28:22
743477,2012.PRES.THUNE,John Thune to be elected President in 2012,1,1.0,Feb/17/2012 05:28:22
743477,2012.PRES.THUNE,John Thune to be elected President in 2012,50,1.1,Feb/17/2012 05:28:22
743477,2012.PRES.THUNE,John Thune to be elected President in 2012,56,1.2,Feb/17/2012 05:29:14
743477,2012.PRES.THUNE,John Thune to be elected President in 2012,1,1.1,Feb/17/2012 05:29:14
743477,2012.PRES.THUNE,John Thune to be elected President in 2012,244,1.2,Feb/17/2012 05:29:56
743477,2012.PRES.THUNE,John Thune to be elected President in 2012,1,1.2,Feb/17/2012 05:29:56
743477,2012.PRES.THUNE,John Thune to be elected President in 2012,5,1.2,Feb/17/2012 05:32:55
743477,2012.PRES.THUNE,John Thune to be elected President in 2012,1,1.7,Feb/17/2012 05:43:54
743477,2012.PRES.THUNE,John Thune to be elected President in 2012,20,0.6,Feb/17/2012 10:21:14
743477,2012.PRES.THUNE,John Thune to be elected President in 2012,1,0.6,Feb/17/2012 15:14:33
743477,2012.PRES.THUNE,John Thune to be elected President in 2012,50,0.9,Feb/17/2012 15:44:13
743477,2012.PRES.THUNE,John Thune to be elected President in 2012,979,0.6,Feb/17/2012 15:44:33
743477,2012.PRES.THUNE,John Thune to be elected President in 2012,500,0.5,Feb/17/2012 15:44:48
743477,2012.PRES.THUNE,John Thune to be elected President in 2012,2400,0.4,Feb/17/2012 15:45:12
743477,2012.PRES.THUNE,John Thune to be elected President in 2012,1,1.0,Feb/17/2012 16:29:23
743477,2012.PRES.THUNE,John Thune to be elected President in 2012,1,0.9,Feb/17/2012 16:44:30
743477,2012.PRES.THUNE,John Thune to be elected President in 2012,1,0.9,Feb/17/2012 18:09:07
743477,2012.PRES.THUNE,John Thune to be elected President in 2012,1202,0.4,Feb/17/2012 22:33:42
743477,2012.PRES.THUNE,John Thune to be elected President in 2012,1,0.5,Feb/17/2012 22:33:42
743477,2012.PRES.THUNE,John Thune to be elected President in 2012,1,0.6,Feb/17/2012 22:33:42
743477,2012.PRES.THUNE,John Thune to be elected President in 2012,100,0.7,Feb/18/2012 07:06:22
743477,2012.PRES.THUNE,John Thune to be elected President in 2012,20,0.8,Feb/18/2012 07:06:22
743477,2012.PRES.THUNE,John Thune to be elected President in 2012,10,0.9,Feb/18/2012 07:11:39
743477,2012.PRES.THUNE,John Thune to be elected President in 2012,49,0.8,Feb/18/2012 07:11:39
743477,2012.PRES.THUNE,John Thune to be elected President in 2012,1,0.8,Feb/18/2012 07:11:39
743477,2012.PRES.THUNE,John Thune to be elected President in 2012,300,0.4,Feb/18/2012 12:10:51
743477,2012.PRES.THUNE,John Thune to be elected President in 2012,25,0.4,Feb/18/2012 12:51:31
743477,2012.PRES.THUNE,John Thune to be elected President in 2012,680,0.4,Feb/18/2012 18:11:35
743477,2012.PRES.THUNE,John Thune to be elected President in 2012,1,0.5,Feb/18/2012 18:17:37
743477,2012.PRES.THUNE,John Thune to be elected President in 2012,1,0.6,Feb/18/2012 18:17:37
743477,2012.PRES.THUNE,John Thune to be elected President in 2012,5,0.5,Feb/18/2012 18:17:37
743477,2012.PRES.THUNE,John Thune to be elected President in 2012,4,0.5,Feb/18/2012 18:17:37
743477,2012.PRES.THUNE,John Thune to be elected President in 2012,1,0.5,Feb/18/2012 19:22:40
743477,2012.PRES.THUNE,John Thune to be elected President in 2012,9,0.5,Feb/18/2012 19:22:40
743477,2012.PRES.THUNE,John Thune to be elected President in 2012,290,0.5,Feb/18/2012 21:18:56
743477,2012.PRES.THUNE,John Thune to be elected President in 2012,10,0.4,Feb/19/2012 13:25:00
743477,2012.PRES.THUNE,John Thune to be elected President in 2012,4,0.4,Feb/19/2012 18:31:26
743477,2012.PRES.THUNE,John Thune to be elected President in 2012,10,0.4,Feb/19/2012 23:47:59
743477,2012.PRES.THUNE,John Thune to be elected President in 2012,10,0.4,Feb/19/2012 23:49:13
743477,2012.PRES.THUNE,John Thune to be elected President in 2012,25,0.4,Feb/20/2012 01:06:55
743477,2012.PRES.THUNE,John Thune to be elected President in 2012,170,0.5,Feb/21/2012 02:08:56
743477,2012.PRES.THUNE,John Thune to be elected President in 2012,1,0.5,Feb/21/2012 02:08:56
743477,2012.PRES.THUNE,John Thune to be elected President in 2012,100,0.6,Feb/21/2012 02:09:20
743477,2012.PRES.THUNE,John Thune to be elected President in 2012,100,0.6,Feb/21/2012 02:09:20
743477,2012.PRES.THUNE,John Thune to be elected President in 2012,8,0.6,Feb/21/2012 02:09:20
743477,2012.PRES.THUNE,John Thune to be elected President in 2012,1,0.6,Feb/21/2012 02:09:20
743477,2012.PRES.THUNE,John Thune to be elected President in 2012,100,0.7,Feb/21/2012 02:10:24
743477,2012.PRES.THUNE,John Thune to be elected President in 2012,2,0.8,Feb/21/2012 02:10:42
743477,2012.PRES.THUNE,John Thune to be elected President in 2012,200,0.8,Feb/21/2012 02:10:42
743477,2012.PRES.THUNE,John Thune to be elected President in 2012,100,0.9,Feb/21/2012 02:11:25
743477,2012.PRES.THUNE,John Thune to be elected President in 2012,11,1.0,Feb/21/2012 02:11:57
743477,2012.PRES.THUNE,John Thune to be elected President in 2012,42,1.0,Feb/21/2012 02:11:57
743477,2012.PRES.THUNE,John Thune to be elected President in 2012,19,1.0,Feb/21/2012 02:11:57
743477,2012.PRES.THUNE,John Thune to be elected President in 2012,50,1.0,Feb/21/2012 02:11:57
743477,2012.PRES.THUNE,John Thune to be elected President in 2012,25,0.8,Feb/21/2012 02:32:22
743477,2012.PRES.THUNE,John Thune to be elected President in 2012,25,0.7,Feb/21/2012 02:49:22
743477,2012.PRES.THUNE,John Thune to be elected President in 2012,334,0.4,Feb/21/2012 16:01:25
743477,2012.PRES.THUNE,John Thune to be elected President in 2012,50,0.4,Feb/21/2012 16:01:25
743477,2012.PRES.THUNE,John Thune to be elected President in 2012,25,0.3,Feb/21/2012 19:29:09
743477,2012.PRES.THUNE,John Thune to be elected President in 2012,69,0.3,Feb/21/2012 19:29:09
743477,2012.PRES.THUNE,John Thune to be elected President in 2012,1,0.2,Feb/21/2012 20:45:02
743477,2012.PRES.THUNE,John Thune to be elected President in 2012,120,0.3,Feb/21/2012 22:56:56
743477,2012.PRES.THUNE,John Thune to be elected President in 2012,220,0.3,Feb/22/2012 01:08:43
743477,2012.PRES.THUNE,John Thune to be elected President in 2012,1,0.2,Feb/23/2012 02:30:42
743477,2012.PRES.THUNE,John Thune to be elected President in 2012,100,0.3,Feb/23/2012 06:47:54
743477,2012.PRES.THUNE,John Thune to be elected President in 2012,5,0.3,Feb/23/2012 12:22:23
743477,2012.PRES.THUNE,John Thune to be elected President in 2012,5,0.3,Feb/23/2012 13:33:04
743477,2012.PRES.THUNE,John Thune to be elected President in 2012,5,0.3,Feb/23/2012 13:52:17
743477,2012.PRES.THUNE,John Thune to be elected President in 2012,5,0.3,Feb/23/2012 14:27:17
743477,2012.PRES.THUNE,John Thune to be elected President in 2012,5,0.3,Feb/23/2012 14:57:39
743477,2012.PRES.THUNE,John Thune to be elected President in 2012,5,0.3,Feb/23/2012 16:45:13
743477,2012.PRES.THUNE,John Thune to be elected President in 2012,5,0.3,Feb/23/2012 16:45:39
743477,2012.PRES.THUNE,John Thune to be elected President in 2012,2,0.3,Feb/23/2012 16:45:55
743477,2012.PRES.THUNE,John Thune to be elected President in 2012,5,0.3,Feb/23/2012 16:46:22
743477,2012.PRES.THUNE,John Thune to be elected President in 2012,5,0.3,Feb/23/2012 16:46:40
743477,2012.PRES.THUNE,John Thune to be elected President in 2012,5,0.3,Feb/23/2012 16:50:39
743477,2012.PRES.THUNE,John Thune to be elected President in 2012,5,0.3,Feb/23/2012 16:51:09
743477,2012.PRES.THUNE,John Thune to be elected President in 2012,5,0.3,Feb/23/2012 16:58:42
743477,2012.PRES.THUNE,John Thune to be elected President in 2012,5,0.3,Feb/23/2012 16:59:07
743477,2012.PRES.THUNE,John Thune to be elected President in 2012,5,0.3,Feb/23/2012 17:05:54
743477,2012.PRES.THUNE,John Thune to be elected President in 2012,2,0.3,Feb/23/2012 17:35:07
743477,2012.PRES.THUNE,John Thune to be elected President in 2012,5,0.3,Feb/23/2012 17:37:28
743477,2012.PRES.THUNE,John Thune to be elected President in 2012,5,0.3,Feb/23/2012 17:37:44
743477,2012.PRES.THUNE,John Thune to be elected President in 2012,5,0.3,Feb/23/2012 17:38:24
743477,2012.PRES.THUNE,John Thune to be elected President in 2012,1,0.3,Feb/23/2012 17:38:58
743477,2012.PRES.THUNE,John Thune to be elected President in 2012,5,0.3,Feb/23/2012 17:49:28
743477,2012.PRES.THUNE,John Thune to be elected President in 2012,5,0.3,Feb/23/2012 18:18:54
743477,2012.PRES.THUNE,John Thune to be elected President in 2012,2,0.3,Feb/23/2012 20:08:29
743477,2012.PRES.THUNE,John Thune to be elected President in 2012,5,0.2,Feb/23/2012 20:58:40
743477,2012.PRES.THUNE,John Thune to be elected President in 2012,5,0.3,Feb/23/2012 22:00:17
743477,2012.PRES.THUNE,John Thune to be elected President in 2012,5,0.3,Feb/24/2012 00:32:53
743477,2012.PRES.THUNE,John Thune to be elected President in 2012,4,0.3,Feb/24/2012 00:32:59
743477,2012.PRES.THUNE,John Thune to be elected President in 2012,5,0.3,Feb/24/2012 00:35:07
743477,2012.PRES.THUNE,John Thune to be elected President in 2012,5,0.3,Feb/24/2012 03:22:25
743477,2012.PRES.THUNE,John Thune to be elected President in 2012,5,0.3,Feb/24/2012 09:52:54
743477,2012.PRES.THUNE,John Thune to be elected President in 2012,5,0.3,Feb/24/2012 09:53:23
743477,2012.PRES.THUNE,John Thune to be elected President in 2012,5,0.3,Feb/24/2012 09:56:56
743477,2012.PRES.THUNE,John Thune to be elected President in 2012,5,0.3,Feb/24/2012 09:57:57
743477,2012.PRES.THUNE,John Thune to be elected President in 2012,5,0.3,Feb/24/2012 09:58:23
743477,2012.PRES.THUNE,John Thune to be elected President in 2012,5,0.3,Feb/24/2012 15:14:10
743477,2012.PRES.THUNE,John Thune to be elected President in 2012,5,0.3,Feb/24/2012 17:11:54
743477,2012.PRES.THUNE,John Thune to be elected President in 2012,5,0.3,Feb/24/2012 17:12:15
743477,2012.PRES.THUNE,John Thune to be elected President in 2012,5,0.3,Feb/24/2012 17:23:09
743477,2012.PRES.THUNE,John Thune to be elected President in 2012,189,0.3,Feb/24/2012 17:42:59
743477,2012.PRES.THUNE,John Thune to be elected President in 2012,5,0.2,Feb/24/2012 21:33:25
743477,2012.PRES.THUNE,John Thune to be elected President in 2012,2,0.2,Feb/24/2012 21:57:46
743477,2012.PRES.THUNE,John Thune to be elected President in 2012,5,0.2,Feb/24/2012 21:58:24
743477,2012.PRES.THUNE,John Thune to be elected President in 2012,5,0.2,Feb/24/2012 21:59:16
743477,2012.PRES.THUNE,John Thune to be elected President in 2012,5,0.2,Feb/24/2012 21:59:21
743477,2012.PRES.THUNE,John Thune to be elected President in 2012,4,0.2,Feb/24/2012 22:59:50
743477,2012.PRES.THUNE,John Thune to be elected President in 2012,5,0.2,Feb/24/2012 23:28:12
743477,2012.PRES.THUNE,John Thune to be elected President in 2012,5,0.2,Feb/24/2012 23:29:27
743477,2012.PRES.THUNE,John Thune to be elected President in 2012,5,0.2,Feb/24/2012 23:29:56
743477,2012.PRES.THUNE,John Thune to be elected President in 2012,5,0.2,Feb/24/2012 23:30:42
743477,2012.PRES.THUNE,John Thune to be elected President in 2012,10,0.2,Feb/25/2012 02:10:27
743477,2012.PRES.THUNE,John Thune to be elected President in 2012,5,0.2,Feb/25/2012 03:33:49
743477,2012.PRES.THUNE,John Thune to be elected President in 2012,5,0.1,Feb/25/2012 06:39:49
743477,2012.PRES.THUNE,John Thune to be elected President in 2012,4,0.1,Feb/25/2012 19:34:54
743477,2012.PRES.THUNE,John Thune to be elected President in 2012,32,0.1,Feb/26/2012 05:01:38
743477,2012.PRES.THUNE,John Thune to be elected President in 2012,500,0.1,Feb/26/2012 05:01:38
743477,2012.PRES.THUNE,John Thune to be elected President in 2012,1000,0.1,Feb/26/2012 05:01:38
743477,2012.PRES.THUNE,John Thune to be elected President in 2012,3,0.1,Feb/26/2012 05:01:38
743477,2012.PRES.THUNE,John Thune to be elected President in 2012,3,0.1,Feb/26/2012 16:19:39
743477,2012.PRES.THUNE,John Thune to be elected President in 2012,3,0.1,Feb/26/2012 22:58:58
743477,2012.PRES.THUNE,John Thune to be elected President in 2012,5,0.1,Feb/27/2012 03:05:06
743477,2012.PRES.THUNE,John Thune to be elected President in 2012,5,0.1,Feb/27/2012 04:50:08
743477,2012.PRES.THUNE,John Thune to be elected President in 2012,4,0.1,Feb/27/2012 04:50:09
743477,2012.PRES.THUNE,John Thune to be elected President in 2012,4,0.1,Feb/27/2012 04:50:09
743477,2012.PRES.THUNE,John Thune to be elected President in 2012,1,0.1,Feb/27/2012 05:28:42
743477,2012.PRES.THUNE,John Thune to be elected President in 2012,2,0.1,Feb/27/2012 05:39:13
743477,2012.PRES.THUNE,John Thune to be elected President in 2012,5,0.1,Feb/27/2012 06:33:23
743477,2012.PRES.THUNE,John Thune to be elected President in 2012,1,0.2,Feb/27/2012 06:50:33
743477,2012.PRES.THUNE,John Thune to be elected President in 2012,17,0.2,Feb/27/2012 06:50:33
743477,2012.PRES.THUNE,John Thune to be elected President in 2012,200,0.2,Feb/27/2012 06:50:33
743477,2012.PRES.THUNE,John Thune to be elected President in 2012,1,0.1,Feb/27/2012 06:50:41
743477,2012.PRES.THUNE,John Thune to be elected President in 2012,5,0.1,Feb/27/2012 09:49:48
743477,2012.PRES.THUNE,John Thune to be elected President in 2012,2,0.1,Feb/27/2012 10:00:04
743477,2012.PRES.THUNE,John Thune to be elected President in 2012,3,0.1,Feb/27/2012 10:00:04
743477,2012.PRES.THUNE,John Thune to be elected President in 2012,5,0.1,Feb/27/2012 10:00:25
743477,2012.PRES.THUNE,John Thune to be elected President in 2012,2,0.1,Feb/27/2012 10:00:47
743477,2012.PRES.THUNE,John Thune to be elected President in 2012,4,0.1,Feb/27/2012 14:56:07
743477,2012.PRES.THUNE,John Thune to be elected President in 2012,1,0.1,Feb/27/2012 14:56:07
743477,2012.PRES.THUNE,John Thune to be elected President in 2012,5,0.1,Feb/27/2012 14:59:25
743477,2012.PRES.THUNE,John Thune to be elected President in 2012,5,0.1,Feb/27/2012 14:59:58
743477,2012.PRES.THUNE,John Thune to be elected President in 2012,5,0.1,Feb/27/2012 15:52:18
743477,2012.PRES.THUNE,John Thune to be elected President in 2012,5,0.1,Feb/27/2012 16:03:51
743477,2012.PRES.THUNE,John Thune to be elected President in 2012,5,0.1,Feb/27/2012 16:04:13
743477,2012.PRES.THUNE,John Thune to be elected President in 2012,5,0.1,Feb/27/2012 17:17:59
743477,2012.PRES.THUNE,John Thune to be elected President in 2012,5,0.1,Feb/27/2012 17:18:03
743477,2012.PRES.THUNE,John Thune to be elected President in 2012,5,0.1,Feb/27/2012 17:18:46
743477,2012.PRES.THUNE,John Thune to be elected President in 2012,5,0.1,Feb/27/2012 17:19:58
743477,2012.PRES.THUNE,John Thune to be elected President in 2012,5,0.1,Feb/27/2012 17:26:25
743477,2012.PRES.THUNE,John Thune to be elected President in 2012,5,0.1,Feb/27/2012 17:33:22
743477,2012.PRES.THUNE,John Thune to be elected President in 2012,5,0.1,Feb/27/2012 17:51:24
743477,2012.PRES.THUNE,John Thune to be elected President in 2012,1,0.1,Feb/27/2012 17:54:49
743477,2012.PRES.THUNE,John Thune to be elected President in 2012,5,0.1,Feb/27/2012 18:19:00
743477,2012.PRES.THUNE,John Thune to be elected President in 2012,5,0.1,Feb/27/2012 18:42:21
743477,2012.PRES.THUNE,John Thune to be elected President in 2012,5,0.1,Feb/27/2012 18:42:56
743477,2012.PRES.THUNE,John Thune to be elected President in 2012,5,0.1,Feb/27/2012 18:43:40
743477,2012.PRES.THUNE,John Thune to be elected President in 2012,5,0.1,Feb/27/2012 19:09:13
743477,2012.PRES.THUNE,John Thune to be elected President in 2012,5,0.1,Feb/27/2012 19:28:00
743477,2012.PRES.THUNE,John Thune to be elected President in 2012,5,0.1,Feb/27/2012 19:28:28
743477,2012.PRES.THUNE,John Thune to be elected President in 2012,5,0.1,Feb/27/2012 19:29:24
743477,2012.PRES.THUNE,John Thune to be elected President in 2012,344,0.1,Feb/27/2012 19:33:05
743477,2012.PRES.THUNE,John Thune to be elected President in 2012,56,0.1,Feb/27/2012 19:33:05
743477,2012.PRES.THUNE,John Thune to be elected President in 2012,5,0.1,Feb/27/2012 21:52:51
743477,2012.PRES.THUNE,John Thune to be elected President in 2012,5,0.1,Feb/27/2012 21:54:58
743477,2012.PRES.THUNE,John Thune to be elected President in 2012,5,0.1,Feb/27/2012 23:29:18
743477,2012.PRES.THUNE,John Thune to be elected President in 2012,5,0.1,Feb/28/2012 00:07:04
743477,2012.PRES.THUNE,John Thune to be elected President in 2012,3,0.1,Feb/28/2012 00:24:54
743477,2012.PRES.THUNE,John Thune to be elected President in 2012,5,0.1,Feb/28/2012 00:51:20
743477,2012.PRES.THUNE,John Thune to be elected President in 2012,5,0.1,Feb/28/2012 00:59:38
743477,2012.PRES.THUNE,John Thune to be elected President in 2012,5,0.1,Feb/28/2012 01:05:12
743477,2012.PRES.THUNE,John Thune to be elected President in 2012,10,0.1,Feb/28/2012 01:11:20
743477,2012.PRES.THUNE,John Thune to be elected President in 2012,5,0.1,Feb/28/2012 01:22:39
743477,2012.PRES.THUNE,John Thune to be elected President in 2012,5,0.1,Feb/28/2012 01:28:30
743477,2012.PRES.THUNE,John Thune to be elected President in 2012,5,0.1,Feb/28/2012 01:54:11
743477,2012.PRES.THUNE,John Thune to be elected President in 2012,5,0.1,Feb/28/2012 02:00:26
743477,2012.PRES.THUNE,John Thune to be elected President in 2012,5,0.1,Feb/28/2012 02:04:55
743477,2012.PRES.THUNE,John Thune to be elected President in 2012,5,0.1,Feb/28/2012 02:07:04
743477,2012.PRES.THUNE,John Thune to be elected President in 2012,5,0.1,Feb/28/2012 02:39:31
743477,2012.PRES.THUNE,John Thune to be elected President in 2012,32,0.1,Feb/28/2012 02:43:18
743477,2012.PRES.THUNE,John Thune to be elected President in 2012,5,0.1,Feb/28/2012 02:45:06
743477,2012.PRES.THUNE,John Thune to be elected President in 2012,5,0.1,Feb/28/2012 03:32:51
743477,2012.PRES.THUNE,John Thune to be elected President in 2012,5,0.1,Feb/28/2012 03:42:34
743477,2012.PRES.THUNE,John Thune to be elected President in 2012,5,0.1,Feb/28/2012 06:15:20
743477,2012.PRES.THUNE,John Thune to be elected President in 2012,5,0.1,Feb/28/2012 11:13:25
743477,2012.PRES.THUNE,John Thune to be elected President in 2012,5,0.1,Feb/28/2012 17:49:13
743477,2012.PRES.THUNE,John Thune to be elected President in 2012,5,0.1,Feb/28/2012 17:49:40
743477,2012.PRES.THUNE,John Thune to be elected President in 2012,4,0.1,Feb/28/2012 19:51:38
743477,2012.PRES.THUNE,John Thune to be elected President in 2012,1,0.1,Feb/28/2012 19:51:38
743477,2012.PRES.THUNE,John Thune to be elected President in 2012,5,0.1,Feb/28/2012 19:58:13
743477,2012.PRES.THUNE,John Thune to be elected President in 2012,5,0.1,Feb/28/2012 20:19:08
743477,2012.PRES.THUNE,John Thune to be elected President in 2012,5,0.1,Feb/28/2012 20:21:18
743477,2012.PRES.THUNE,John Thune to be elected President in 2012,5,0.1,Feb/28/2012 20:51:10
743477,2012.PRES.THUNE,John Thune to be elected President in 2012,5,0.1,Feb/28/2012 20:57:32
743477,2012.PRES.THUNE,John Thune to be elected President in 2012,1,0.1,Feb/28/2012 21:00:56
743477,2012.PRES.THUNE,John Thune to be elected President in 2012,5,0.1,Feb/28/2012 21:02:10
743477,2012.PRES.THUNE,John Thune to be elected President in 2012,1,0.1,Feb/28/2012 23:06:39
743477,2012.PRES.THUNE,John Thune to be elected President in 2012,5,0.1,Feb/29/2012 01:46:46
743477,2012.PRES.THUNE,John Thune to be elected President in 2012,4,0.1,Feb/29/2012 01:47:45
743477,2012.PRES.THUNE,John Thune to be elected President in 2012,5,0.1,Feb/29/2012 01:48:03
743477,2012.PRES.THUNE,John Thune to be elected President in 2012,5,0.1,Feb/29/2012 02:09:44
743477,2012.PRES.THUNE,John Thune to be elected President in 2012,2,0.1,Feb/29/2012 02:18:29
743477,2012.PRES.THUNE,John Thune to be elected President in 2012,5,0.1,Feb/29/2012 02:19:26
743477,2012.PRES.THUNE,John Thune to be elected President in 2012,5,0.1,Feb/29/2012 02:27:07
743477,2012.PRES.THUNE,John Thune to be elected President in 2012,5,0.1,Feb/29/2012 02:29:56
743477,2012.PRES.THUNE,John Thune to be elected President in 2012,5,0.1,Feb/29/2012 02:32:29
743477,2012.PRES.THUNE,John Thune to be elected President in 2012,5,0.1,Feb/29/2012 02:34:58
743477,2012.PRES.THUNE,John Thune to be elected President in 2012,5,0.1,Feb/29/2012 02:36:47
743477,2012.PRES.THUNE,John Thune to be elected President in 2012,5,0.1,Feb/29/2012 02:44:47
743477,2012.PRES.THUNE,John Thune to be elected President in 2012,1,0.1,Feb/29/2012 02:54:35
743477,2012.PRES.THUNE,John Thune to be elected President in 2012,5,0.1,Feb/29/2012 02:54:50
743477,2012.PRES.THUNE,John Thune to be elected President in 2012,5,0.1,Feb/29/2012 03:01:39
743477,2012.PRES.THUNE,John Thune to be elected President in 2012,5,0.1,Feb/29/2012 09:22:15
743477,2012.PRES.THUNE,John Thune to be elected President in 2012,5,0.1,Feb/29/2012 14:05:54
743477,2012.PRES.THUNE,John Thune to be elected President in 2012,5,0.1,Feb/29/2012 14:06:05
743477,2012.PRES.THUNE,John Thune to be elected President in 2012,5,0.1,Feb/29/2012 15:17:02
743477,2012.PRES.THUNE,John Thune to be elected President in 2012,5,0.1,Feb/29/2012 15:20:39
743477,2012.PRES.THUNE,John Thune to be elected President in 2012,102,0.1,Feb/29/2012 18:46:27
743477,2012.PRES.THUNE,John Thune to be elected President in 2012,5,0.1,Feb/29/2012 18:59:50
743477,2012.PRES.THUNE,John Thune to be elected President in 2012,5,0.1,Feb/29/2012 19:56:51
743477,2012.PRES.THUNE,John Thune to be elected President in 2012,5,0.1,Feb/29/2012 23:45:17
743477,2012.PRES.THUNE,John Thune to be elected President in 2012,5,0.1,Feb/29/2012 23:45:38
743477,2012.PRES.THUNE,John Thune to be elected President in 2012,5,0.1,Mar/01/2012 00:20:30
743477,2012.PRES.THUNE,John Thune to be elected President in 2012,5,0.1,Mar/01/2012 00:21:29
743477,2012.PRES.THUNE,John Thune to be elected President in 2012,5,0.1,Mar/01/2012 16:11:57
743477,2012.PRES.THUNE,John Thune to be elected President in 2012,4,0.1,Mar/01/2012 18:15:00
743477,2012.PRES.THUNE,John Thune to be elected President in 2012,1,0.1,Mar/01/2012 23:19:06
743477,2012.PRES.THUNE,John Thune to be elected President in 2012,34,0.1,Mar/01/2012 23:19:06
743477,2012.PRES.THUNE,John Thune to be elected President in 2012,5,0.1,Mar/01/2012 23:20:36
743477,2012.PRES.THUNE,John Thune to be elected President in 2012,5,0.1,Mar/01/2012 23:23:04
743477,2012.PRES.THUNE,John Thune to be elected President in 2012,5,0.1,Mar/01/2012 23:25:34
743477,2012.PRES.THUNE,John Thune to be elected President in 2012,4,0.1,Mar/01/2012 23:28:12
743477,2012.PRES.THUNE,John Thune to be elected President in 2012,25,0.1,Mar/01/2012 23:28:12
743477,2012.PRES.THUNE,John Thune to be elected President in 2012,10,0.1,Mar/01/2012 23:32:02
743477,2012.PRES.THUNE,John Thune to be elected President in 2012,5,0.1,Mar/01/2012 23:33:12
743477,2012.PRES.THUNE,John Thune to be elected President in 2012,10,0.1,Mar/01/2012 23:36:00
743477,2012.PRES.THUNE,John Thune to be elected President in 2012,5,0.1,Mar/01/2012 23:40:14
743477,2012.PRES.THUNE,John Thune to be elected President in 2012,61,0.1,Mar/01/2012 23:48:00
743477,2012.PRES.THUNE,John Thune to be elected President in 2012,5,0.1,Mar/01/2012 23:52:29
743477,2012.PRES.THUNE,John Thune to be elected President in 2012,4,0.1,Mar/01/2012 23:54:51
743477,2012.PRES.THUNE,John Thune to be elected President in 2012,9,0.1,Mar/01/2012 23:59:43
743477,2012.PRES.THUNE,John Thune to be elected President in 2012,16,0.1,Mar/02/2012 02:53:50
743477,2012.PRES.THUNE,John Thune to be elected President in 2012,5,0.1,Mar/02/2012 03:10:03
743477,2012.PRES.THUNE,John Thune to be elected President in 2012,30,0.1,Mar/02/2012 03:27:42
743477,2012.PRES.THUNE,John Thune to be elected President in 2012,55,0.1,Mar/02/2012 03:34:23
743477,2012.PRES.THUNE,John Thune to be elected President in 2012,15,0.1,Mar/02/2012 03:34:23
743477,2012.PRES.THUNE,John Thune to be elected President in 2012,232,0.1,Mar/02/2012 03:39:03
743477,2012.PRES.THUNE,John Thune to be elected President in 2012,10,0.1,Mar/02/2012 05:40:59
743477,2012.PRES.THUNE,John Thune to be elected President in 2012,1,0.1,Mar/02/2012 05:40:59
743477,2012.PRES.THUNE,John Thune to be elected President in 2012,187,0.1,Mar/02/2012 05:40:59
743477,2012.PRES.THUNE,John Thune to be elected President in 2012,91,0.1,Mar/02/2012 05:40:59
743477,2012.PRES.THUNE,John Thune to be elected President in 2012,490,0.1,Mar/02/2012 21:22:54
743477,2012.PRES.THUNE,John Thune to be elected President in 2012,9,0.1,Mar/02/2012 21:22:54
743477,2012.PRES.THUNE,John Thune to be elected President in 2012,1,0.1,Mar/02/2012 21:22:54
743477,2012.PRES.THUNE,John Thune to be elected President in 2012,1,0.2,Mar/03/2012 05:15:43
743477,2012.PRES.THUNE,John Thune to be elected President in 2012,85,0.1,Mar/03/2012 05:15:43
743477,2012.PRES.THUNE,John Thune to be elected President in 2012,1,0.1,Mar/03/2012 05:15:43
743477,2012.PRES.THUNE,John Thune to be elected President in 2012,20,0.1,Mar/08/2012 16:39:29
743477,2012.PRES.THUNE,John Thune to be elected President in 2012,20,0.1,Mar/08/2012 16:39:29
743477,2012.PRES.THUNE,John Thune to be elected President in 2012,20,0.1,Mar/08/2012 16:39:29
743477,2012.PRES.THUNE,John Thune to be elected President in 2012,5,0.1,Mar/08/2012 16:39:29
743477,2012.PRES.THUNE,John Thune to be elected President in 2012,20,0.1,Mar/08/2012 16:39:29
743477,2012.PRES.THUNE,John Thune to be elected President in 2012,4,0.1,Mar/08/2012 16:39:29
743477,2012.PRES.THUNE,John Thune to be elected President in 2012,15,0.1,Mar/08/2012 16:39:29
743477,2012.PRES.THUNE,John Thune to be elected President in 2012,65,0.1,Mar/08/2012 16:39:29
743477,2012.PRES.THUNE,John Thune to be elected President in 2012,17,0.1,Mar/08/2012 16:39:29
743477,2012.PRES.THUNE,John Thune to be elected President in 2012,50,0.1,Mar/08/2012 16:39:29
743477,2012.PRES.THUNE,John Thune to be elected President in 2012,18,0.1,Mar/08/2012 16:39:29
743477,2012.PRES.THUNE,John Thune to be elected President in 2012,34,0.1,Mar/08/2012 16:39:29
743477,2012.PRES.THUNE,John Thune to be elected President in 2012,6,0.1,Mar/08/2012 16:39:29
743477,2012.PRES.THUNE,John Thune to be elected President in 2012,9,0.1,Mar/08/2012 16:39:29
743477,2012.PRES.THUNE,John Thune to be elected President in 2012,1,0.1,Mar/08/2012 16:39:29
743477,2012.PRES.THUNE,John Thune to be elected President in 2012,10,0.1,Mar/08/2012 16:39:29
743477,2012.PRES.THUNE,John Thune to be elected President in 2012,5,0.1,Mar/08/2012 16:39:29
743477,2012.PRES.THUNE,John Thune to be elected President in 2012,5,0.1,Mar/08/2012 16:39:29
743477,2012.PRES.THUNE,John Thune to be elected President in 2012,1,0.1,Mar/08/2012 16:39:29
743477,2012.PRES.THUNE,John Thune to be elected President in 2012,12,0.1,Mar/08/2012 16:39:29
743477,2012.PRES.THUNE,John Thune to be elected President in 2012,13,0.1,Mar/08/2012 16:39:29
743477,2012.PRES.THUNE,John Thune to be elected President in 2012,10,0.1,Mar/08/2012 16:39:29
743477,2012.PRES.THUNE,John Thune to be elected President in 2012,10,0.1,Mar/08/2012 16:39:29
743477,2012.PRES.THUNE,John Thune to be elected President in 2012,1,0.1,Mar/08/2012 16:39:29
743477,2012.PRES.THUNE,John Thune to be elected President in 2012,1,0.2,Mar/08/2012 16:39:35
743477,2012.PRES.THUNE,John Thune to be elected President in 2012,541,0.1,Mar/09/2012 05:23:07
743477,2012.PRES.THUNE,John Thune to be elected President in 2012,1,0.1,Mar/09/2012 05:29:46
743477,2012.PRES.THUNE,John Thune to be elected President in 2012,1,0.1,Mar/09/2012 05:29:46
743477,2012.PRES.THUNE,John Thune to be elected President in 2012,3,0.2,Mar/09/2012 05:29:46
743477,2012.PRES.THUNE,John Thune to be elected President in 2012,1,0.2,Mar/09/2012 05:32:13
743477,2012.PRES.THUNE,John Thune to be elected President in 2012,1,0.2,Mar/09/2012 05:43:11
743477,2012.PRES.THUNE,John Thune to be elected President in 2012,100,0.1,Mar/15/2012 04:59:09
743477,2012.PRES.THUNE,John Thune to be elected President in 2012,10,0.1,Mar/15/2012 04:59:09
743477,2012.PRES.THUNE,John Thune to be elected President in 2012,10,0.1,Mar/15/2012 04:59:09
743477,2012.PRES.THUNE,John Thune to be elected President in 2012,300,0.1,Mar/15/2012 04:59:09
743477,2012.PRES.THUNE,John Thune to be elected President in 2012,100,0.1,Mar/15/2012 04:59:09
743477,2012.PRES.THUNE,John Thune to be elected President in 2012,20,0.1,Mar/15/2012 04:59:09
743477,2012.PRES.THUNE,John Thune to be elected President in 2012,1,0.1,Mar/15/2012 04:59:09
743477,2012.PRES.THUNE,John Thune to be elected President in 2012,1,0.1,Mar/15/2012 04:59:09
743477,2012.PRES.THUNE,John Thune to be elected President in 2012,122,0.2,Mar/15/2012 06:05:06
743477,2012.PRES.THUNE,John Thune to be elected President in 2012,15,0.2,Mar/15/2012 06:05:06
743477,2012.PRES.THUNE,John Thune to be elected President in 2012,8,0.2,Mar/15/2012 06:05:06
743477,2012.PRES.THUNE,John Thune to be elected President in 2012,100,0.1,Mar/15/2012 14:59:30
743477,2012.PRES.THUNE,John Thune to be elected President in 2012,87,0.1,Mar/15/2012 23:09:11
743477,2012.PRES.THUNE,John Thune to be elected President in 2012,13,0.1,Mar/15/2012 23:09:11
743477,2012.PRES.THUNE,John Thune to be elected President in 2012,1,0.2,Mar/17/2012 05:06:32
743477,2012.PRES.THUNE,John Thune to be elected President in 2012,50,0.1,Mar/18/2012 22:47:39
743477,2012.PRES.THUNE,John Thune to be elected President in 2012,74,0.1,Mar/19/2012 18:53:17
743477,2012.PRES.THUNE,John Thune to be elected President in 2012,300,0.1,Mar/29/2012 12:37:47
743477,2012.PRES.THUNE,John Thune to be elected President in 2012,20,0.1,Mar/29/2012 12:37:47
743477,2012.PRES.THUNE,John Thune to be elected President in 2012,20,0.1,Mar/29/2012 12:37:47
743477,2012.PRES.THUNE,John Thune to be elected President in 2012,50,0.1,Mar/29/2012 12:37:47
743477,2012.PRES.THUNE,John Thune to be elected President in 2012,50,0.1,Mar/29/2012 12:37:47
743477,2012.PRES.THUNE,John Thune to be elected President in 2012,100,0.1,Mar/29/2012 12:37:47
743477,2012.PRES.THUNE,John Thune to be elected President in 2012,10,0.1,Mar/29/2012 12:37:47
743477,2012.PRES.THUNE,John Thune to be elected President in 2012,100,0.1,Mar/29/2012 12:37:47
743477,2012.PRES.THUNE,John Thune to be elected President in 2012,10,0.1,Mar/29/2012 12:37:47
743477,2012.PRES.THUNE,John Thune to be elected President in 2012,10,0.1,Mar/29/2012 12:37:47
743477,2012.PRES.THUNE,John Thune to be elected President in 2012,100,0.1,Mar/29/2012 12:37:47
743477,2012.PRES.THUNE,John Thune to be elected President in 2012,100,0.1,Mar/29/2012 12:37:47
743477,2012.PRES.THUNE,John Thune to be elected President in 2012,40,0.1,Mar/29/2012 12:37:47
743477,2012.PRES.THUNE,John Thune to be elected President in 2012,6,0.1,Mar/29/2012 12:37:47
743477,2012.PRES.THUNE,John Thune to be elected President in 2012,12,0.1,Mar/29/2012 12:37:47
743477,2012.PRES.THUNE,John Thune to be elected President in 2012,5,0.1,Mar/29/2012 12:37:47
743477,2012.PRES.THUNE,John Thune to be elected President in 2012,100,0.1,Mar/29/2012 12:37:47
743477,2012.PRES.THUNE,John Thune to be elected President in 2012,71,0.1,Mar/29/2012 12:37:47
743477,2012.PRES.THUNE,John Thune to be elected President in 2012,90,0.1,Mar/29/2012 12:37:47
743477,2012.PRES.THUNE,John Thune to be elected President in 2012,257,0.1,Mar/29/2012 12:37:47
743477,2012.PRES.THUNE,John Thune to be elected President in 2012,50,0.1,Mar/29/2012 12:37:47
743477,2012.PRES.THUNE,John Thune to be elected President in 2012,9,0.1,Mar/29/2012 12:37:47
743477,2012.PRES.THUNE,John Thune to be elected President in 2012,200,0.1,Mar/29/2012 12:37:47
743477,2012.PRES.THUNE,John Thune to be elected President in 2012,147,0.1,Mar/29/2012 12:37:47
743477,2012.PRES.THUNE,John Thune to be elected President in 2012,53,0.1,Mar/29/2012 12:37:47
743477,2012.PRES.THUNE,John Thune to be elected President in 2012,36,0.1,Mar/29/2012 12:37:47
743477,2012.PRES.THUNE,John Thune to be elected President in 2012,71,0.1,Mar/29/2012 12:37:47
743477,2012.PRES.THUNE,John Thune to be elected President in 2012,61,0.1,Mar/29/2012 12:37:47
743477,2012.PRES.THUNE,John Thune to be elected President in 2012,71,0.1,Mar/29/2012 12:37:47
743477,2012.PRES.THUNE,John Thune to be elected President in 2012,140,0.1,Mar/29/2012 12:37:47
743477,2012.PRES.THUNE,John Thune to be elected President in 2012,30,0.1,Mar/29/2012 12:37:47
743477,2012.PRES.THUNE,John Thune to be elected President in 2012,30,0.1,Mar/29/2012 12:37:47
743477,2012.PRES.THUNE,John Thune to be elected President in 2012,20,0.1,Mar/29/2012 12:37:47
743477,2012.PRES.THUNE,John Thune to be elected President in 2012,15,0.1,Mar/29/2012 12:37:47
743477,2012.PRES.THUNE,John Thune to be elected President in 2012,19,0.1,Mar/29/2012 12:37:47
743477,2012.PRES.THUNE,John Thune to be elected President in 2012,30,0.1,Mar/29/2012 12:37:47
743477,2012.PRES.THUNE,John Thune to be elected President in 2012,1,0.1,Mar/29/2012 12:37:47
743477,2012.PRES.THUNE,John Thune to be elected President in 2012,361,0.1,Mar/29/2012 12:37:47
743477,2012.PRES.THUNE,John Thune to be elected President in 2012,30,0.1,Mar/29/2012 12:37:47
743477,2012.PRES.THUNE,John Thune to be elected President in 2012,10,0.1,Mar/29/2012 12:37:47
743477,2012.PRES.THUNE,John Thune to be elected President in 2012,3,0.1,Mar/29/2012 12:37:47
743477,2012.PRES.THUNE,John Thune to be elected President in 2012,50,0.1,Mar/29/2012 12:37:47
743477,2012.PRES.THUNE,John Thune to be elected President in 2012,30,0.1,Mar/29/2012 12:37:47
743477,2012.PRES.THUNE,John Thune to be elected President in 2012,10,0.1,Mar/29/2012 12:37:47
743477,2012.PRES.THUNE,John Thune to be elected President in 2012,120,0.1,Mar/29/2012 12:37:47
743477,2012.PRES.THUNE,John Thune to be elected President in 2012,3,0.1,Mar/29/2012 12:37:47
743477,2012.PRES.THUNE,John Thune to be elected President in 2012,45,0.1,Mar/29/2012 12:37:47
743477,2012.PRES.THUNE,John Thune to be elected President in 2012,100,0.1,Mar/29/2012 12:37:47
743477,2012.PRES.THUNE,John Thune to be elected President in 2012,5,0.1,Mar/29/2012 12:37:47
743477,2012.PRES.THUNE,John Thune to be elected President in 2012,3,0.1,Mar/29/2012 12:37:47
743477,2012.PRES.THUNE,John Thune to be elected President in 2012,50,0.1,Mar/29/2012 12:37:47
743477,2012.PRES.THUNE,John Thune to be elected President in 2012,50,0.1,Mar/29/2012 12:37:47
743477,2012.PRES.THUNE,John Thune to be elected President in 2012,50,0.1,Mar/29/2012 12:37:47
743477,2012.PRES.THUNE,John Thune to be elected President in 2012,50,0.1,Mar/29/2012 12:37:47
743477,2012.PRES.THUNE,John Thune to be elected President in 2012,50,0.1,Mar/29/2012 12:37:47
743477,2012.PRES.THUNE,John Thune to be elected President in 2012,52,0.1,Mar/29/2012 13:15:00
743477,2012.PRES.THUNE,John Thune to be elected President in 2012,35,0.1,Mar/29/2012 13:27:34
743477,2012.PRES.THUNE,John Thune to be elected President in 2012,119,0.1,Mar/29/2012 15:29:16
743477,2012.PRES.THUNE,John Thune to be elected President in 2012,450,0.1,Mar/29/2012 16:12:10
743477,2012.PRES.THUNE,John Thune to be elected President in 2012,8,0.1,Mar/29/2012 17:08:52
743477,2012.PRES.THUNE,John Thune to be elected President in 2012,107,0.1,Mar/29/2012 18:05:06
743477,2012.PRES.THUNE,John Thune to be elected President in 2012,8,0.1,Apr/16/2012 12:38:03
743477,2012.PRES.THUNE,John Thune to be elected President in 2012,1,0.1,Apr/16/2012 12:38:03
743477,2012.PRES.THUNE,John Thune to be elected President in 2012,1,0.1,May/10/2012 15:29:15
743477,2012.PRES.THUNE,John Thune to be elected President in 2012,1,0.1,May/13/2012 23:32:28
743477,2012.PRES.THUNE,John Thune to be elected President in 2012,1,0.1,May/22/2012 02:56:23
743477,2012.PRES.THUNE,John Thune to be elected President in 2012,1,0.1,May/31/2012 20:52:12
743477,2012.PRES.THUNE,John Thune to be elected President in 2012,1,0.1,Jun/05/2012 17:56:29
743477,2012.PRES.THUNE,John Thune to be elected President in 2012,1,0.1,Jun/27/2012 00:52:48
743477,2012.PRES.THUNE,John Thune to be elected President in 2012,100,0.1,Aug/27/2012 09:14:44
743477,2012.PRES.THUNE,John Thune to be elected President in 2012,300,0.1,Aug/27/2012 09:14:44
743477,2012.PRES.THUNE,John Thune to be elected President in 2012,3,0.1,Aug/27/2012 09:14:44
743477,2012.PRES.THUNE,John Thune to be elected President in 2012,100,0.1,Aug/27/2012 09:14:44
743477,2012.PRES.THUNE,John Thune to be elected President in 2012,350,0.1,Aug/27/2012 09:14:44
743477,2012.PRES.THUNE,John Thune to be elected President in 2012,50,0.1,Aug/27/2012 09:14:44
743477,2012.PRES.THUNE,John Thune to be elected President in 2012,71,0.1,Aug/27/2012 09:14:44
743477,2012.PRES.THUNE,John Thune to be elected President in 2012,242,0.1,Aug/27/2012 09:14:44
743477,2012.PRES.THUNE,John Thune to be elected President in 2012,18,0.1,Aug/27/2012 09:14:44
743477,2012.PRES.THUNE,John Thune to be elected President in 2012,50,0.1,Aug/27/2012 09:14:44
743477,2012.PRES.THUNE,John Thune to be elected President in 2012,44,0.1,Aug/27/2012 09:14:44
743477,2012.PRES.THUNE,John Thune to be elected President in 2012,7,0.1,Aug/27/2012 09:14:44
743477,2012.PRES.THUNE,John Thune to be elected President in 2012,40,0.1,Aug/27/2012 09:14:44
743477,2012.PRES.THUNE,John Thune to be elected President in 2012,34,0.1,Aug/27/2012 09:14:44
743477,2012.PRES.THUNE,John Thune to be elected President in 2012,100,0.1,Aug/27/2012 09:14:44
743477,2012.PRES.THUNE,John Thune to be elected President in 2012,9,0.1,Aug/27/2012 09:14:44
743477,2012.PRES.THUNE,John Thune to be elected President in 2012,40,0.1,Aug/27/2012 09:14:44
743477,2012.PRES.THUNE,John Thune to be elected President in 2012,50,0.1,Aug/27/2012 09:14:44
743477,2012.PRES.THUNE,John Thune to be elected President in 2012,1,0.1,Sep/20/2012 15:22:50
743477,2012.PRES.THUNE,John Thune to be elected President in 2012,1,0.1,Sep/20/2012 15:22:53
743477,2012.PRES.THUNE,John Thune to be elected President in 2012,1,0.1,Sep/20/2012 15:22:56
743477,2012.PRES.THUNE,John Thune to be elected President in 2012,1,0.1,Sep/20/2012 15:22:59
743477,2012.PRES.THUNE,John Thune to be elected President in 2012,1,0.1,Sep/20/2012 15:23:01
743477,2012.PRES.THUNE,John Thune to be elected President in 2012,1,0.1,Sep/20/2012 15:23:03
743477,2012.PRES.THUNE,John Thune to be elected President in 2012,1,0.1,Sep/20/2012 15:23:04
743477,2012.PRES.THUNE,John Thune to be elected President in 2012,1,0.1,Sep/20/2012 15:23:05
743477,2012.PRES.THUNE,John Thune to be elected President in 2012,1,0.1,Sep/20/2012 15:23:07
743477,2012.PRES.THUNE,John Thune to be elected President in 2012,1,0.1,Sep/20/2012 15:23:09
743477,2012.PRES.THUNE,John Thune to be elected President in 2012,1,0.1,Sep/20/2012 15:23:10
743477,2012.PRES.THUNE,John Thune to be elected President in 2012,1,0.1,Sep/20/2012 16:11:31
743477,2012.PRES.THUNE,John Thune to be elected President in 2012,1,0.1,Sep/20/2012 16:11:33
743477,2012.PRES.THUNE,John Thune to be elected President in 2012,1,0.1,Sep/20/2012 16:11:35
743477,2012.PRES.THUNE,John Thune to be elected President in 2012,1,0.1,Sep/20/2012 16:11:38
743477,2012.PRES.THUNE,John Thune to be elected President in 2012,1,0.1,Sep/20/2012 16:11:40
743477,2012.PRES.THUNE,John Thune to be elected President in 2012,1,0.1,Sep/20/2012 16:11:42
743477,2012.PRES.THUNE,John Thune to be elected President in 2012,1,0.1,Sep/20/2012 16:11:44
743477,2012.PRES.THUNE,John Thune to be elected President in 2012,1,0.1,Sep/20/2012 16:11:46
743477,2012.PRES.THUNE,John Thune to be elected President in 2012,1,0.1,Sep/20/2012 16:11:50
743477,2012.PRES.THUNE,John Thune to be elected President in 2012,1,0.1,Sep/20/2012 16:11:51
743477,2012.PRES.THUNE,John Thune to be elected President in 2012,1,0.1,Sep/20/2012 16:11:53
743477,2012.PRES.THUNE,John Thune to be elected President in 2012,1,0.1,Sep/20/2012 16:11:54
743477,2012.PRES.THUNE,John Thune to be elected President in 2012,1,0.1,Oct/02/2012 16:32:06
743477,2012.PRES.THUNE,John Thune to be elected President in 2012,1,0.1,Oct/02/2012 16:32:13
743477,2012.PRES.THUNE,John Thune to be elected President in 2012,1,0.1,Oct/02/2012 16:32:22
743477,2012.PRES.THUNE,John Thune to be elected President in 2012,1,0.1,Oct/02/2012 16:32:25
743477,2012.PRES.THUNE,John Thune to be elected President in 2012,1,0.1,Oct/02/2012 16:32:26
743477,2012.PRES.THUNE,John Thune to be elected President in 2012,1,0.1,Oct/02/2012 16:32:31
743477,2012.PRES.THUNE,John Thune to be elected President in 2012,1,0.1,Oct/03/2012 13:06:02
743477,2012.PRES.THUNE,John Thune to be elected President in 2012,1,0.1,Oct/03/2012 13:06:04
743477,2012.PRES.THUNE,John Thune to be elected President in 2012,1,0.1,Oct/03/2012 13:06:10
743477,2012.PRES.THUNE,John Thune to be elected President in 2012,1,0.1,Oct/03/2012 13:06:14
743477,2012.PRES.THUNE,John Thune to be elected President in 2012,5,0.1,Nov/07/2012 02:07:53
743477,2012.PRES.THUNE,John Thune to be elected President in 2012,20,0.1,Nov/07/2012 02:07:53
743477,2012.PRES.THUNE,John Thune to be elected President in 2012,9,0.1,Nov/07/2012 02:08:33
743477,2012.PRES.THUNE,John Thune to be elected President in 2012,59,0.1,Nov/07/2012 02:20:35
743477,2012.PRES.THUNE,John Thune to be elected President in 2012,40,0.1,Nov/07/2012 02:20:35
743477,2012.PRES.THUNE,John Thune to be elected President in 2012,167,0.1,Nov/07/2012 02:36:50
743477,2012.PRES.THUNE,John Thune to be elected President in 2012,77,0.1,Nov/07/2012 02:36:50
743477,2012.PRES.THUNE,John Thune to be elected President in 2012,12,0.1,Nov/07/2012 02:36:50
743477,2012.PRES.THUNE,John Thune to be elected President in 2012,8,0.1,Nov/07/2012 02:36:50
743477,2012.PRES.THUNE,John Thune to be elected President in 2012,3,0.1,Nov/07/2012 02:36:50
743477,2012.PRES.THUNE,John Thune to be elected President in 2012,146,0.1,Nov/07/2012 02:36:50
743477,2012.PRES.THUNE,John Thune to be elected President in 2012,20,0.1,Nov/07/2012 02:36:50
743477,2012.PRES.THUNE,John Thune to be elected President in 2012,66,0.1,Nov/07/2012 02:36:50
743477,2012.PRES.THUNE,John Thune to be elected President in 2012,463,0.1,Nov/07/2012 02:36:56
743477,2012.PRES.THUNE,John Thune to be elected President in 2012,3,0.1,Nov/07/2012 02:36:56
743477,2012.PRES.THUNE,John Thune to be elected President in 2012,33,0.1,Nov/07/2012 02:36:56
743477,2012.PRES.THUNE,John Thune to be elected President in 2012,37,0.1,Nov/07/2012 02:37:02
743477,2012.PRES.THUNE,John Thune to be elected President in 2012,20,0.1,Nov/07/2012 02:37:02
743477,2012.PRES.THUNE,John Thune to be elected President in 2012,442,0.1,Nov/07/2012 02:37:02
743477,2012.PRES.THUNE,John Thune to be elected President in 2012,258,0.1,Nov/07/2012 02:38:15
743477,2012.PRES.THUNE,John Thune to be elected President in 2012,131,0.1,Nov/07/2012 02:38:15
