market id,market symbol,market name,trade quantity,trade price,date/time [utc]
752308,2012.PRES.CHRISTIE,Chris Christie to be elected President in 2012,60,6.0,Sep/26/2011 15:50:54
752308,2012.PRES.CHRISTIE,Chris Christie to be elected President in 2012,1,5.0,Sep/26/2011 18:55:48
752308,2012.PRES.CHRISTIE,Chris Christie to be elected President in 2012,49,5.0,Sep/26/2011 19:04:08
752308,2012.PRES.CHRISTIE,Chris Christie to be elected President in 2012,50,4.0,Sep/26/2011 20:22:03
752308,2012.PRES.CHRISTIE,Chris Christie to be elected President in 2012,5,6.5,Sep/26/2011 20:45:35
752308,2012.PRES.CHRISTIE,Chris Christie to be elected President in 2012,1,4.0,Sep/26/2011 21:30:46
752308,2012.PRES.CHRISTIE,Chris Christie to be elected President in 2012,1,3.9,Sep/26/2011 21:30:46
752308,2012.PRES.CHRISTIE,Chris Christie to be elected President in 2012,1,3.8,Sep/26/2011 21:30:46
752308,2012.PRES.CHRISTIE,Chris Christie to be elected President in 2012,1,3.7,Sep/26/2011 21:30:46
752308,2012.PRES.CHRISTIE,Chris Christie to be elected President in 2012,1,3.6,Sep/26/2011 21:30:46
752308,2012.PRES.CHRISTIE,Chris Christie to be elected President in 2012,1,3.5,Sep/26/2011 21:30:46
752308,2012.PRES.CHRISTIE,Chris Christie to be elected President in 2012,1,3.4,Sep/26/2011 21:30:46
752308,2012.PRES.CHRISTIE,Chris Christie to be elected President in 2012,1,3.3,Sep/26/2011 21:30:46
752308,2012.PRES.CHRISTIE,Chris Christie to be elected President in 2012,1,3.2,Sep/26/2011 21:30:46
752308,2012.PRES.CHRISTIE,Chris Christie to be elected President in 2012,1,3.1,Sep/26/2011 21:30:46
752308,2012.PRES.CHRISTIE,Chris Christie to be elected President in 2012,1,4.3,Sep/26/2011 21:34:25
752308,2012.PRES.CHRISTIE,Chris Christie to be elected President in 2012,1,4.2,Sep/26/2011 21:34:25
752308,2012.PRES.CHRISTIE,Chris Christie to be elected President in 2012,1,4.1,Sep/26/2011 21:34:25
752308,2012.PRES.CHRISTIE,Chris Christie to be elected President in 2012,1,4.5,Sep/26/2011 21:38:19
752308,2012.PRES.CHRISTIE,Chris Christie to be elected President in 2012,1,4.4,Sep/26/2011 21:38:19
752308,2012.PRES.CHRISTIE,Chris Christie to be elected President in 2012,20,4.5,Sep/26/2011 21:46:55
752308,2012.PRES.CHRISTIE,Chris Christie to be elected President in 2012,10,4.0,Sep/26/2011 22:57:51
752308,2012.PRES.CHRISTIE,Chris Christie to be elected President in 2012,1,4.1,Sep/26/2011 22:57:51
752308,2012.PRES.CHRISTIE,Chris Christie to be elected President in 2012,1,4.2,Sep/26/2011 22:57:51
752308,2012.PRES.CHRISTIE,Chris Christie to be elected President in 2012,1,4.3,Sep/26/2011 22:57:51
752308,2012.PRES.CHRISTIE,Chris Christie to be elected President in 2012,1,4.4,Sep/26/2011 22:57:51
752308,2012.PRES.CHRISTIE,Chris Christie to be elected President in 2012,5,4.0,Sep/26/2011 23:08:59
752308,2012.PRES.CHRISTIE,Chris Christie to be elected President in 2012,5,4.0,Sep/26/2011 23:22:10
752308,2012.PRES.CHRISTIE,Chris Christie to be elected President in 2012,100,4.1,Sep/26/2011 23:23:31
752308,2012.PRES.CHRISTIE,Chris Christie to be elected President in 2012,10,3.9,Sep/26/2011 23:27:31
752308,2012.PRES.CHRISTIE,Chris Christie to be elected President in 2012,1,3.9,Sep/26/2011 23:27:50
752308,2012.PRES.CHRISTIE,Chris Christie to be elected President in 2012,10,3.9,Sep/26/2011 23:28:13
752308,2012.PRES.CHRISTIE,Chris Christie to be elected President in 2012,1,3.9,Sep/26/2011 23:28:37
752308,2012.PRES.CHRISTIE,Chris Christie to be elected President in 2012,1,4.1,Sep/26/2011 23:30:26
752308,2012.PRES.CHRISTIE,Chris Christie to be elected President in 2012,1,4.0,Sep/26/2011 23:30:26
752308,2012.PRES.CHRISTIE,Chris Christie to be elected President in 2012,40,4.1,Sep/26/2011 23:32:25
752308,2012.PRES.CHRISTIE,Chris Christie to be elected President in 2012,1,5.0,Sep/26/2011 23:35:17
752308,2012.PRES.CHRISTIE,Chris Christie to be elected President in 2012,1,4.9,Sep/26/2011 23:35:17
752308,2012.PRES.CHRISTIE,Chris Christie to be elected President in 2012,1,4.8,Sep/26/2011 23:35:17
752308,2012.PRES.CHRISTIE,Chris Christie to be elected President in 2012,1,4.7,Sep/26/2011 23:35:17
752308,2012.PRES.CHRISTIE,Chris Christie to be elected President in 2012,1,4.6,Sep/26/2011 23:35:17
752308,2012.PRES.CHRISTIE,Chris Christie to be elected President in 2012,1,4.5,Sep/26/2011 23:35:17
752308,2012.PRES.CHRISTIE,Chris Christie to be elected President in 2012,20,5.0,Sep/26/2011 23:35:17
752308,2012.PRES.CHRISTIE,Chris Christie to be elected President in 2012,4,4.9,Sep/26/2011 23:35:17
752308,2012.PRES.CHRISTIE,Chris Christie to be elected President in 2012,1,4.4,Sep/26/2011 23:35:17
752308,2012.PRES.CHRISTIE,Chris Christie to be elected President in 2012,1,4.3,Sep/26/2011 23:35:17
752308,2012.PRES.CHRISTIE,Chris Christie to be elected President in 2012,1,4.2,Sep/26/2011 23:35:17
752308,2012.PRES.CHRISTIE,Chris Christie to be elected President in 2012,1,4.1,Sep/26/2011 23:35:17
752308,2012.PRES.CHRISTIE,Chris Christie to be elected President in 2012,20,5.0,Sep/26/2011 23:42:13
752308,2012.PRES.CHRISTIE,Chris Christie to be elected President in 2012,50,5.0,Sep/26/2011 23:42:13
752308,2012.PRES.CHRISTIE,Chris Christie to be elected President in 2012,250,4.3,Sep/27/2011 00:28:36
752308,2012.PRES.CHRISTIE,Chris Christie to be elected President in 2012,5,4.2,Sep/27/2011 02:12:39
752308,2012.PRES.CHRISTIE,Chris Christie to be elected President in 2012,20,4.1,Sep/27/2011 02:29:54
752308,2012.PRES.CHRISTIE,Chris Christie to be elected President in 2012,10,3.9,Sep/27/2011 02:41:29
752308,2012.PRES.CHRISTIE,Chris Christie to be elected President in 2012,10,3.9,Sep/27/2011 02:42:20
752308,2012.PRES.CHRISTIE,Chris Christie to be elected President in 2012,10,3.9,Sep/27/2011 02:44:51
752308,2012.PRES.CHRISTIE,Chris Christie to be elected President in 2012,1,3.9,Sep/27/2011 03:07:07
752308,2012.PRES.CHRISTIE,Chris Christie to be elected President in 2012,1,3.8,Sep/27/2011 03:07:07
752308,2012.PRES.CHRISTIE,Chris Christie to be elected President in 2012,1,3.7,Sep/27/2011 03:07:07
752308,2012.PRES.CHRISTIE,Chris Christie to be elected President in 2012,1,3.6,Sep/27/2011 03:07:07
752308,2012.PRES.CHRISTIE,Chris Christie to be elected President in 2012,1,4.0,Sep/27/2011 09:39:16
752308,2012.PRES.CHRISTIE,Chris Christie to be elected President in 2012,1,4.0,Sep/27/2011 09:39:16
752308,2012.PRES.CHRISTIE,Chris Christie to be elected President in 2012,1,4.1,Sep/27/2011 11:05:14
752308,2012.PRES.CHRISTIE,Chris Christie to be elected President in 2012,1,4.2,Sep/27/2011 11:06:24
752308,2012.PRES.CHRISTIE,Chris Christie to be elected President in 2012,1,4.3,Sep/27/2011 11:06:46
752308,2012.PRES.CHRISTIE,Chris Christie to be elected President in 2012,1,4.4,Sep/27/2011 11:07:14
752308,2012.PRES.CHRISTIE,Chris Christie to be elected President in 2012,1,4.5,Sep/27/2011 11:07:25
752308,2012.PRES.CHRISTIE,Chris Christie to be elected President in 2012,1,4.6,Sep/27/2011 11:07:39
752308,2012.PRES.CHRISTIE,Chris Christie to be elected President in 2012,1,4.7,Sep/27/2011 11:08:09
752308,2012.PRES.CHRISTIE,Chris Christie to be elected President in 2012,1,4.7,Sep/27/2011 11:08:09
752308,2012.PRES.CHRISTIE,Chris Christie to be elected President in 2012,1,4.8,Sep/27/2011 11:08:34
752308,2012.PRES.CHRISTIE,Chris Christie to be elected President in 2012,5,4.8,Sep/27/2011 11:08:34
752308,2012.PRES.CHRISTIE,Chris Christie to be elected President in 2012,50,4.9,Sep/27/2011 12:01:26
752308,2012.PRES.CHRISTIE,Chris Christie to be elected President in 2012,50,5.0,Sep/27/2011 12:01:46
752308,2012.PRES.CHRISTIE,Chris Christie to be elected President in 2012,20,5.0,Sep/27/2011 12:01:46
752308,2012.PRES.CHRISTIE,Chris Christie to be elected President in 2012,10,4.0,Sep/27/2011 15:11:37
752308,2012.PRES.CHRISTIE,Chris Christie to be elected President in 2012,10,3.4,Sep/27/2011 15:30:39
752308,2012.PRES.CHRISTIE,Chris Christie to be elected President in 2012,10,3.9,Sep/27/2011 15:30:39
752308,2012.PRES.CHRISTIE,Chris Christie to be elected President in 2012,66,3.6,Sep/27/2011 15:30:39
752308,2012.PRES.CHRISTIE,Chris Christie to be elected President in 2012,11,3.5,Sep/27/2011 15:30:39
752308,2012.PRES.CHRISTIE,Chris Christie to be elected President in 2012,11,3.4,Sep/27/2011 15:30:39
752308,2012.PRES.CHRISTIE,Chris Christie to be elected President in 2012,11,3.3,Sep/27/2011 15:30:39
752308,2012.PRES.CHRISTIE,Chris Christie to be elected President in 2012,11,3.2,Sep/27/2011 15:30:39
752308,2012.PRES.CHRISTIE,Chris Christie to be elected President in 2012,11,3.1,Sep/27/2011 15:30:39
752308,2012.PRES.CHRISTIE,Chris Christie to be elected President in 2012,11,3.0,Sep/27/2011 15:30:39
752308,2012.PRES.CHRISTIE,Chris Christie to be elected President in 2012,1,3.6,Sep/27/2011 15:56:41
752308,2012.PRES.CHRISTIE,Chris Christie to be elected President in 2012,10,3.4,Sep/27/2011 16:36:57
752308,2012.PRES.CHRISTIE,Chris Christie to be elected President in 2012,6,3.5,Sep/27/2011 16:36:57
752308,2012.PRES.CHRISTIE,Chris Christie to be elected President in 2012,5,3.6,Sep/27/2011 16:36:57
752308,2012.PRES.CHRISTIE,Chris Christie to be elected President in 2012,6,3.6,Sep/27/2011 16:36:57
752308,2012.PRES.CHRISTIE,Chris Christie to be elected President in 2012,8,3.5,Sep/27/2011 16:36:57
752308,2012.PRES.CHRISTIE,Chris Christie to be elected President in 2012,11,3.4,Sep/27/2011 16:36:57
752308,2012.PRES.CHRISTIE,Chris Christie to be elected President in 2012,11,3.3,Sep/27/2011 16:36:57
752308,2012.PRES.CHRISTIE,Chris Christie to be elected President in 2012,11,3.2,Sep/27/2011 16:36:57
752308,2012.PRES.CHRISTIE,Chris Christie to be elected President in 2012,11,3.1,Sep/27/2011 16:36:57
752308,2012.PRES.CHRISTIE,Chris Christie to be elected President in 2012,22,3.0,Sep/27/2011 16:36:57
752308,2012.PRES.CHRISTIE,Chris Christie to be elected President in 2012,5,4.2,Sep/27/2011 17:12:06
752308,2012.PRES.CHRISTIE,Chris Christie to be elected President in 2012,10,2.9,Sep/27/2011 17:18:28
752308,2012.PRES.CHRISTIE,Chris Christie to be elected President in 2012,11,2.9,Sep/27/2011 17:18:28
752308,2012.PRES.CHRISTIE,Chris Christie to be elected President in 2012,11,2.9,Sep/27/2011 18:34:30
752308,2012.PRES.CHRISTIE,Chris Christie to be elected President in 2012,22,2.8,Sep/27/2011 18:34:30
752308,2012.PRES.CHRISTIE,Chris Christie to be elected President in 2012,22,2.7,Sep/27/2011 18:34:30
752308,2012.PRES.CHRISTIE,Chris Christie to be elected President in 2012,5,1.0,Sep/27/2011 19:19:07
752308,2012.PRES.CHRISTIE,Chris Christie to be elected President in 2012,10,1.1,Sep/27/2011 19:19:07
752308,2012.PRES.CHRISTIE,Chris Christie to be elected President in 2012,485,0.9,Sep/27/2011 19:20:41
752308,2012.PRES.CHRISTIE,Chris Christie to be elected President in 2012,100,1.1,Sep/27/2011 20:00:58
752308,2012.PRES.CHRISTIE,Chris Christie to be elected President in 2012,100,1.0,Sep/27/2011 20:00:58
752308,2012.PRES.CHRISTIE,Chris Christie to be elected President in 2012,100,1.1,Sep/27/2011 20:01:02
752308,2012.PRES.CHRISTIE,Chris Christie to be elected President in 2012,100,1.2,Sep/27/2011 20:01:10
752308,2012.PRES.CHRISTIE,Chris Christie to be elected President in 2012,100,1.3,Sep/27/2011 20:01:14
752308,2012.PRES.CHRISTIE,Chris Christie to be elected President in 2012,103,1.4,Sep/27/2011 20:01:18
752308,2012.PRES.CHRISTIE,Chris Christie to be elected President in 2012,200,1.5,Sep/27/2011 20:01:23
752308,2012.PRES.CHRISTIE,Chris Christie to be elected President in 2012,200,1.0,Sep/27/2011 20:20:57
752308,2012.PRES.CHRISTIE,Chris Christie to be elected President in 2012,200,1.0,Sep/27/2011 20:21:41
752308,2012.PRES.CHRISTIE,Chris Christie to be elected President in 2012,200,1.0,Sep/27/2011 20:22:12
752308,2012.PRES.CHRISTIE,Chris Christie to be elected President in 2012,12,1.0,Sep/27/2011 20:22:12
752308,2012.PRES.CHRISTIE,Chris Christie to be elected President in 2012,200,1.0,Sep/27/2011 20:22:35
752308,2012.PRES.CHRISTIE,Chris Christie to be elected President in 2012,200,1.0,Sep/27/2011 20:23:05
752308,2012.PRES.CHRISTIE,Chris Christie to be elected President in 2012,3,1.5,Sep/27/2011 21:43:22
752308,2012.PRES.CHRISTIE,Chris Christie to be elected President in 2012,50,1.5,Sep/27/2011 21:43:29
752308,2012.PRES.CHRISTIE,Chris Christie to be elected President in 2012,50,1.5,Sep/27/2011 21:44:00
752308,2012.PRES.CHRISTIE,Chris Christie to be elected President in 2012,50,1.5,Sep/27/2011 21:45:02
752308,2012.PRES.CHRISTIE,Chris Christie to be elected President in 2012,50,2.0,Sep/27/2011 22:00:38
752308,2012.PRES.CHRISTIE,Chris Christie to be elected President in 2012,30,1.1,Sep/27/2011 22:05:17
752308,2012.PRES.CHRISTIE,Chris Christie to be elected President in 2012,50,1.2,Sep/27/2011 22:05:17
752308,2012.PRES.CHRISTIE,Chris Christie to be elected President in 2012,5,1.3,Sep/27/2011 22:05:17
752308,2012.PRES.CHRISTIE,Chris Christie to be elected President in 2012,5,1.3,Sep/27/2011 22:05:17
752308,2012.PRES.CHRISTIE,Chris Christie to be elected President in 2012,10,1.4,Sep/27/2011 22:05:17
752308,2012.PRES.CHRISTIE,Chris Christie to be elected President in 2012,50,1.5,Sep/27/2011 22:08:23
752308,2012.PRES.CHRISTIE,Chris Christie to be elected President in 2012,5,1.9,Sep/27/2011 22:10:25
752308,2012.PRES.CHRISTIE,Chris Christie to be elected President in 2012,8,1.8,Sep/27/2011 22:37:57
752308,2012.PRES.CHRISTIE,Chris Christie to be elected President in 2012,12,1.7,Sep/27/2011 22:37:57
752308,2012.PRES.CHRISTIE,Chris Christie to be elected President in 2012,16,1.6,Sep/27/2011 22:37:57
752308,2012.PRES.CHRISTIE,Chris Christie to be elected President in 2012,20,1.5,Sep/27/2011 22:37:57
752308,2012.PRES.CHRISTIE,Chris Christie to be elected President in 2012,44,1.5,Sep/27/2011 22:38:22
752308,2012.PRES.CHRISTIE,Chris Christie to be elected President in 2012,50,2.0,Sep/27/2011 22:45:38
752308,2012.PRES.CHRISTIE,Chris Christie to be elected President in 2012,50,2.0,Sep/27/2011 22:55:03
752308,2012.PRES.CHRISTIE,Chris Christie to be elected President in 2012,50,2.0,Sep/27/2011 22:56:42
752308,2012.PRES.CHRISTIE,Chris Christie to be elected President in 2012,50,2.0,Sep/27/2011 22:57:19
752308,2012.PRES.CHRISTIE,Chris Christie to be elected President in 2012,50,2.0,Sep/27/2011 22:58:26
752308,2012.PRES.CHRISTIE,Chris Christie to be elected President in 2012,10,1.9,Sep/27/2011 23:16:39
752308,2012.PRES.CHRISTIE,Chris Christie to be elected President in 2012,50,2.0,Sep/27/2011 23:16:49
752308,2012.PRES.CHRISTIE,Chris Christie to be elected President in 2012,50,2.0,Sep/27/2011 23:18:22
752308,2012.PRES.CHRISTIE,Chris Christie to be elected President in 2012,1,1.9,Sep/27/2011 23:32:13
752308,2012.PRES.CHRISTIE,Chris Christie to be elected President in 2012,2,2.4,Sep/28/2011 00:26:52
752308,2012.PRES.CHRISTIE,Chris Christie to be elected President in 2012,40,2.5,Sep/28/2011 00:27:45
752308,2012.PRES.CHRISTIE,Chris Christie to be elected President in 2012,9,2.0,Sep/28/2011 01:08:48
752308,2012.PRES.CHRISTIE,Chris Christie to be elected President in 2012,10,2.5,Sep/28/2011 01:28:07
752308,2012.PRES.CHRISTIE,Chris Christie to be elected President in 2012,2,2.5,Sep/28/2011 01:28:07
752308,2012.PRES.CHRISTIE,Chris Christie to be elected President in 2012,40,2.5,Sep/28/2011 01:28:07
752308,2012.PRES.CHRISTIE,Chris Christie to be elected President in 2012,8,2.1,Sep/28/2011 01:56:34
752308,2012.PRES.CHRISTIE,Chris Christie to be elected President in 2012,30,2.1,Sep/28/2011 02:03:55
752308,2012.PRES.CHRISTIE,Chris Christie to be elected President in 2012,20,2.1,Sep/28/2011 02:04:03
752308,2012.PRES.CHRISTIE,Chris Christie to be elected President in 2012,12,2.1,Sep/28/2011 02:08:22
752308,2012.PRES.CHRISTIE,Chris Christie to be elected President in 2012,8,1.9,Sep/28/2011 02:10:09
752308,2012.PRES.CHRISTIE,Chris Christie to be elected President in 2012,1,1.9,Sep/28/2011 02:10:45
752308,2012.PRES.CHRISTIE,Chris Christie to be elected President in 2012,1,1.9,Sep/28/2011 02:10:45
752308,2012.PRES.CHRISTIE,Chris Christie to be elected President in 2012,3,1.9,Sep/28/2011 02:11:23
752308,2012.PRES.CHRISTIE,Chris Christie to be elected President in 2012,1,1.9,Sep/28/2011 02:13:12
752308,2012.PRES.CHRISTIE,Chris Christie to be elected President in 2012,50,2.0,Sep/28/2011 03:12:08
752308,2012.PRES.CHRISTIE,Chris Christie to be elected President in 2012,4,2.5,Sep/28/2011 03:55:00
752308,2012.PRES.CHRISTIE,Chris Christie to be elected President in 2012,59,1.5,Sep/28/2011 05:58:44
752308,2012.PRES.CHRISTIE,Chris Christie to be elected President in 2012,6,1.9,Sep/28/2011 05:58:44
752308,2012.PRES.CHRISTIE,Chris Christie to be elected President in 2012,3,1.9,Sep/28/2011 05:58:44
752308,2012.PRES.CHRISTIE,Chris Christie to be elected President in 2012,1,1.9,Sep/28/2011 05:58:44
752308,2012.PRES.CHRISTIE,Chris Christie to be elected President in 2012,5,2.0,Sep/28/2011 05:58:44
752308,2012.PRES.CHRISTIE,Chris Christie to be elected President in 2012,5,1.9,Sep/28/2011 05:58:44
752308,2012.PRES.CHRISTIE,Chris Christie to be elected President in 2012,5,1.8,Sep/28/2011 05:58:44
752308,2012.PRES.CHRISTIE,Chris Christie to be elected President in 2012,7,1.7,Sep/28/2011 05:58:44
752308,2012.PRES.CHRISTIE,Chris Christie to be elected President in 2012,9,1.6,Sep/28/2011 05:58:44
752308,2012.PRES.CHRISTIE,Chris Christie to be elected President in 2012,10,1.4,Sep/28/2011 05:58:57
752308,2012.PRES.CHRISTIE,Chris Christie to be elected President in 2012,6,1.3,Sep/28/2011 05:58:57
752308,2012.PRES.CHRISTIE,Chris Christie to be elected President in 2012,41,1.5,Sep/28/2011 05:58:57
752308,2012.PRES.CHRISTIE,Chris Christie to be elected President in 2012,11,1.5,Sep/28/2011 05:58:57
752308,2012.PRES.CHRISTIE,Chris Christie to be elected President in 2012,13,1.4,Sep/28/2011 05:58:57
752308,2012.PRES.CHRISTIE,Chris Christie to be elected President in 2012,15,1.3,Sep/28/2011 05:58:57
752308,2012.PRES.CHRISTIE,Chris Christie to be elected President in 2012,4,1.2,Sep/28/2011 05:58:57
752308,2012.PRES.CHRISTIE,Chris Christie to be elected President in 2012,13,1.2,Sep/28/2011 05:59:13
752308,2012.PRES.CHRISTIE,Chris Christie to be elected President in 2012,19,1.1,Sep/28/2011 05:59:13
752308,2012.PRES.CHRISTIE,Chris Christie to be elected President in 2012,18,1.0,Sep/28/2011 05:59:13
752308,2012.PRES.CHRISTIE,Chris Christie to be elected President in 2012,1,2.4,Sep/28/2011 05:59:17
752308,2012.PRES.CHRISTIE,Chris Christie to be elected President in 2012,2,2.4,Sep/28/2011 05:59:21
752308,2012.PRES.CHRISTIE,Chris Christie to be elected President in 2012,1,2.4,Sep/28/2011 05:59:25
752308,2012.PRES.CHRISTIE,Chris Christie to be elected President in 2012,1,2.4,Sep/28/2011 05:59:30
752308,2012.PRES.CHRISTIE,Chris Christie to be elected President in 2012,2,2.4,Sep/28/2011 05:59:34
752308,2012.PRES.CHRISTIE,Chris Christie to be elected President in 2012,6,2.4,Sep/28/2011 11:56:54
752308,2012.PRES.CHRISTIE,Chris Christie to be elected President in 2012,6,1.4,Sep/28/2011 11:56:54
752308,2012.PRES.CHRISTIE,Chris Christie to be elected President in 2012,50,2.0,Sep/28/2011 14:23:57
752308,2012.PRES.CHRISTIE,Chris Christie to be elected President in 2012,10,1.9,Sep/28/2011 15:36:25
752308,2012.PRES.CHRISTIE,Chris Christie to be elected President in 2012,50,2.0,Sep/28/2011 15:37:15
752308,2012.PRES.CHRISTIE,Chris Christie to be elected President in 2012,7,2.4,Sep/28/2011 15:43:57
752308,2012.PRES.CHRISTIE,Chris Christie to be elected President in 2012,20,2.4,Sep/28/2011 15:43:57
752308,2012.PRES.CHRISTIE,Chris Christie to be elected President in 2012,46,2.5,Sep/28/2011 15:44:22
752308,2012.PRES.CHRISTIE,Chris Christie to be elected President in 2012,24,2.6,Sep/28/2011 15:44:32
752308,2012.PRES.CHRISTIE,Chris Christie to be elected President in 2012,32,2.7,Sep/28/2011 15:44:44
752308,2012.PRES.CHRISTIE,Chris Christie to be elected President in 2012,50,2.5,Sep/28/2011 17:48:10
752308,2012.PRES.CHRISTIE,Chris Christie to be elected President in 2012,50,2.5,Sep/28/2011 18:12:50
752308,2012.PRES.CHRISTIE,Chris Christie to be elected President in 2012,50,2.0,Sep/28/2011 21:51:07
752308,2012.PRES.CHRISTIE,Chris Christie to be elected President in 2012,50,2.0,Sep/28/2011 23:31:47
752308,2012.PRES.CHRISTIE,Chris Christie to be elected President in 2012,50,2.0,Sep/29/2011 00:29:02
752308,2012.PRES.CHRISTIE,Chris Christie to be elected President in 2012,10,1.9,Sep/29/2011 01:52:02
752308,2012.PRES.CHRISTIE,Chris Christie to be elected President in 2012,50,2.0,Sep/29/2011 02:34:05
752308,2012.PRES.CHRISTIE,Chris Christie to be elected President in 2012,40,2.0,Sep/29/2011 03:28:48
752308,2012.PRES.CHRISTIE,Chris Christie to be elected President in 2012,6,2.0,Sep/29/2011 05:52:55
752308,2012.PRES.CHRISTIE,Chris Christie to be elected President in 2012,10,2.5,Sep/29/2011 10:03:17
752308,2012.PRES.CHRISTIE,Chris Christie to be elected President in 2012,5,2.5,Sep/29/2011 13:12:31
752308,2012.PRES.CHRISTIE,Chris Christie to be elected President in 2012,35,2.5,Sep/29/2011 13:17:33
752308,2012.PRES.CHRISTIE,Chris Christie to be elected President in 2012,1,2.8,Sep/29/2011 13:18:02
752308,2012.PRES.CHRISTIE,Chris Christie to be elected President in 2012,5,2.8,Sep/29/2011 13:43:47
752308,2012.PRES.CHRISTIE,Chris Christie to be elected President in 2012,1,2.5,Sep/29/2011 14:16:30
752308,2012.PRES.CHRISTIE,Chris Christie to be elected President in 2012,1,2.6,Sep/29/2011 14:16:30
752308,2012.PRES.CHRISTIE,Chris Christie to be elected President in 2012,1,2.7,Sep/29/2011 14:16:30
752308,2012.PRES.CHRISTIE,Chris Christie to be elected President in 2012,49,2.5,Sep/29/2011 15:59:52
752308,2012.PRES.CHRISTIE,Chris Christie to be elected President in 2012,1,2.5,Sep/29/2011 15:59:52
752308,2012.PRES.CHRISTIE,Chris Christie to be elected President in 2012,22,2.8,Sep/29/2011 16:00:33
752308,2012.PRES.CHRISTIE,Chris Christie to be elected President in 2012,3,2.9,Sep/29/2011 16:00:58
752308,2012.PRES.CHRISTIE,Chris Christie to be elected President in 2012,31,2.9,Sep/29/2011 16:00:58
752308,2012.PRES.CHRISTIE,Chris Christie to be elected President in 2012,5,2.6,Sep/29/2011 16:45:36
752308,2012.PRES.CHRISTIE,Chris Christie to be elected President in 2012,5,2.6,Sep/29/2011 16:46:13
752308,2012.PRES.CHRISTIE,Chris Christie to be elected President in 2012,5,2.6,Sep/29/2011 17:27:35
752308,2012.PRES.CHRISTIE,Chris Christie to be elected President in 2012,35,2.6,Sep/29/2011 17:28:25
752308,2012.PRES.CHRISTIE,Chris Christie to be elected President in 2012,50,2.5,Sep/29/2011 17:56:05
752308,2012.PRES.CHRISTIE,Chris Christie to be elected President in 2012,1,2.4,Sep/29/2011 17:58:42
752308,2012.PRES.CHRISTIE,Chris Christie to be elected President in 2012,4,2.4,Sep/29/2011 18:59:36
752308,2012.PRES.CHRISTIE,Chris Christie to be elected President in 2012,1,2.9,Sep/29/2011 21:46:14
752308,2012.PRES.CHRISTIE,Chris Christie to be elected President in 2012,4,2.9,Sep/29/2011 22:17:23
752308,2012.PRES.CHRISTIE,Chris Christie to be elected President in 2012,36,3.0,Sep/29/2011 22:38:52
752308,2012.PRES.CHRISTIE,Chris Christie to be elected President in 2012,10,2.9,Sep/29/2011 22:38:52
752308,2012.PRES.CHRISTIE,Chris Christie to be elected President in 2012,10,3.0,Sep/29/2011 22:39:03
752308,2012.PRES.CHRISTIE,Chris Christie to be elected President in 2012,4,3.0,Sep/29/2011 23:08:25
752308,2012.PRES.CHRISTIE,Chris Christie to be elected President in 2012,46,3.0,Sep/29/2011 23:08:25
752308,2012.PRES.CHRISTIE,Chris Christie to be elected President in 2012,50,3.0,Sep/29/2011 23:34:35
752308,2012.PRES.CHRISTIE,Chris Christie to be elected President in 2012,19,3.0,Sep/29/2011 23:49:52
752308,2012.PRES.CHRISTIE,Chris Christie to be elected President in 2012,50,3.0,Sep/30/2011 00:02:00
752308,2012.PRES.CHRISTIE,Chris Christie to be elected President in 2012,50,3.0,Sep/30/2011 00:12:26
752308,2012.PRES.CHRISTIE,Chris Christie to be elected President in 2012,30,3.1,Sep/30/2011 00:38:01
752308,2012.PRES.CHRISTIE,Chris Christie to be elected President in 2012,20,3.3,Sep/30/2011 00:38:53
752308,2012.PRES.CHRISTIE,Chris Christie to be elected President in 2012,40,3.5,Sep/30/2011 00:39:56
752308,2012.PRES.CHRISTIE,Chris Christie to be elected President in 2012,47,3.5,Sep/30/2011 00:39:56
752308,2012.PRES.CHRISTIE,Chris Christie to be elected President in 2012,5,3.4,Sep/30/2011 00:39:56
752308,2012.PRES.CHRISTIE,Chris Christie to be elected President in 2012,30,3.9,Sep/30/2011 02:29:25
752308,2012.PRES.CHRISTIE,Chris Christie to be elected President in 2012,20,3.7,Sep/30/2011 02:29:25
752308,2012.PRES.CHRISTIE,Chris Christie to be elected President in 2012,5,3.6,Sep/30/2011 02:29:25
752308,2012.PRES.CHRISTIE,Chris Christie to be elected President in 2012,5,3.8,Sep/30/2011 02:29:25
752308,2012.PRES.CHRISTIE,Chris Christie to be elected President in 2012,50,3.5,Sep/30/2011 02:29:25
752308,2012.PRES.CHRISTIE,Chris Christie to be elected President in 2012,1,3.5,Sep/30/2011 02:29:25
752308,2012.PRES.CHRISTIE,Chris Christie to be elected President in 2012,1,3.9,Sep/30/2011 02:29:25
752308,2012.PRES.CHRISTIE,Chris Christie to be elected President in 2012,2,3.9,Sep/30/2011 02:29:26
752308,2012.PRES.CHRISTIE,Chris Christie to be elected President in 2012,50,3.5,Sep/30/2011 03:00:11
752308,2012.PRES.CHRISTIE,Chris Christie to be elected President in 2012,50,3.5,Sep/30/2011 03:14:09
752308,2012.PRES.CHRISTIE,Chris Christie to be elected President in 2012,50,4.0,Sep/30/2011 03:39:20
752308,2012.PRES.CHRISTIE,Chris Christie to be elected President in 2012,30,4.1,Sep/30/2011 03:39:20
752308,2012.PRES.CHRISTIE,Chris Christie to be elected President in 2012,1,4.0,Sep/30/2011 03:39:20
752308,2012.PRES.CHRISTIE,Chris Christie to be elected President in 2012,50,4.0,Sep/30/2011 03:43:38
752308,2012.PRES.CHRISTIE,Chris Christie to be elected President in 2012,40,4.5,Sep/30/2011 03:44:43
752308,2012.PRES.CHRISTIE,Chris Christie to be elected President in 2012,20,4.3,Sep/30/2011 03:44:43
752308,2012.PRES.CHRISTIE,Chris Christie to be elected President in 2012,5,4.2,Sep/30/2011 03:44:43
752308,2012.PRES.CHRISTIE,Chris Christie to be elected President in 2012,5,4.3,Sep/30/2011 03:44:43
752308,2012.PRES.CHRISTIE,Chris Christie to be elected President in 2012,5,4.4,Sep/30/2011 03:44:43
752308,2012.PRES.CHRISTIE,Chris Christie to be elected President in 2012,5,4.5,Sep/30/2011 03:44:43
752308,2012.PRES.CHRISTIE,Chris Christie to be elected President in 2012,19,4.5,Sep/30/2011 03:44:43
752308,2012.PRES.CHRISTIE,Chris Christie to be elected President in 2012,1,4.4,Sep/30/2011 03:44:43
752308,2012.PRES.CHRISTIE,Chris Christie to be elected President in 2012,31,4.5,Sep/30/2011 03:45:09
752308,2012.PRES.CHRISTIE,Chris Christie to be elected President in 2012,5,4.6,Sep/30/2011 04:18:59
752308,2012.PRES.CHRISTIE,Chris Christie to be elected President in 2012,5,4.6,Sep/30/2011 04:18:59
752308,2012.PRES.CHRISTIE,Chris Christie to be elected President in 2012,3,4.6,Sep/30/2011 04:19:03
752308,2012.PRES.CHRISTIE,Chris Christie to be elected President in 2012,30,4.7,Sep/30/2011 04:19:17
752308,2012.PRES.CHRISTIE,Chris Christie to be elected President in 2012,10,4.7,Sep/30/2011 04:19:17
752308,2012.PRES.CHRISTIE,Chris Christie to be elected President in 2012,5,4.7,Sep/30/2011 04:19:17
752308,2012.PRES.CHRISTIE,Chris Christie to be elected President in 2012,1,4.7,Sep/30/2011 04:19:17
752308,2012.PRES.CHRISTIE,Chris Christie to be elected President in 2012,50,5.0,Sep/30/2011 04:19:24
752308,2012.PRES.CHRISTIE,Chris Christie to be elected President in 2012,20,5.0,Sep/30/2011 04:19:24
752308,2012.PRES.CHRISTIE,Chris Christie to be elected President in 2012,50,4.9,Sep/30/2011 04:19:24
752308,2012.PRES.CHRISTIE,Chris Christie to be elected President in 2012,5,4.8,Sep/30/2011 04:19:24
752308,2012.PRES.CHRISTIE,Chris Christie to be elected President in 2012,5,4.9,Sep/30/2011 04:19:24
752308,2012.PRES.CHRISTIE,Chris Christie to be elected President in 2012,5,5.0,Sep/30/2011 04:19:24
752308,2012.PRES.CHRISTIE,Chris Christie to be elected President in 2012,1,5.0,Sep/30/2011 04:19:24
752308,2012.PRES.CHRISTIE,Chris Christie to be elected President in 2012,200,5.4,Sep/30/2011 04:21:02
752308,2012.PRES.CHRISTIE,Chris Christie to be elected President in 2012,6,5.3,Sep/30/2011 04:21:02
752308,2012.PRES.CHRISTIE,Chris Christie to be elected President in 2012,50,5.5,Sep/30/2011 04:22:23
752308,2012.PRES.CHRISTIE,Chris Christie to be elected President in 2012,1,5.5,Sep/30/2011 04:22:23
752308,2012.PRES.CHRISTIE,Chris Christie to be elected President in 2012,1,4.9,Sep/30/2011 05:33:31
752308,2012.PRES.CHRISTIE,Chris Christie to be elected President in 2012,10,3.9,Sep/30/2011 05:49:59
752308,2012.PRES.CHRISTIE,Chris Christie to be elected President in 2012,11,4.1,Sep/30/2011 05:49:59
752308,2012.PRES.CHRISTIE,Chris Christie to be elected President in 2012,22,4.0,Sep/30/2011 05:49:59
752308,2012.PRES.CHRISTIE,Chris Christie to be elected President in 2012,33,3.9,Sep/30/2011 05:49:59
752308,2012.PRES.CHRISTIE,Chris Christie to be elected President in 2012,1,5.0,Sep/30/2011 06:30:45
752308,2012.PRES.CHRISTIE,Chris Christie to be elected President in 2012,44,3.8,Sep/30/2011 06:49:30
752308,2012.PRES.CHRISTIE,Chris Christie to be elected President in 2012,55,3.7,Sep/30/2011 06:49:30
752308,2012.PRES.CHRISTIE,Chris Christie to be elected President in 2012,66,3.6,Sep/30/2011 06:49:30
752308,2012.PRES.CHRISTIE,Chris Christie to be elected President in 2012,54,3.5,Sep/30/2011 06:49:30
752308,2012.PRES.CHRISTIE,Chris Christie to be elected President in 2012,3,4.9,Sep/30/2011 08:47:52
752308,2012.PRES.CHRISTIE,Chris Christie to be elected President in 2012,1,4.9,Sep/30/2011 08:47:58
752308,2012.PRES.CHRISTIE,Chris Christie to be elected President in 2012,5,4.9,Sep/30/2011 08:48:04
752308,2012.PRES.CHRISTIE,Chris Christie to be elected President in 2012,1,4.9,Sep/30/2011 08:48:09
752308,2012.PRES.CHRISTIE,Chris Christie to be elected President in 2012,1,4.9,Sep/30/2011 08:48:09
752308,2012.PRES.CHRISTIE,Chris Christie to be elected President in 2012,3,5.3,Sep/30/2011 08:48:14
752308,2012.PRES.CHRISTIE,Chris Christie to be elected President in 2012,7,5.2,Sep/30/2011 09:52:00
752308,2012.PRES.CHRISTIE,Chris Christie to be elected President in 2012,7,5.3,Sep/30/2011 09:52:16
752308,2012.PRES.CHRISTIE,Chris Christie to be elected President in 2012,1,5.3,Sep/30/2011 09:52:16
752308,2012.PRES.CHRISTIE,Chris Christie to be elected President in 2012,11,5.4,Sep/30/2011 09:52:30
752308,2012.PRES.CHRISTIE,Chris Christie to be elected President in 2012,21,5.4,Sep/30/2011 09:52:30
752308,2012.PRES.CHRISTIE,Chris Christie to be elected President in 2012,3,5.5,Sep/30/2011 09:52:46
752308,2012.PRES.CHRISTIE,Chris Christie to be elected President in 2012,10,5.5,Sep/30/2011 09:52:46
752308,2012.PRES.CHRISTIE,Chris Christie to be elected President in 2012,33,5.5,Sep/30/2011 09:52:46
752308,2012.PRES.CHRISTIE,Chris Christie to be elected President in 2012,1,5.6,Sep/30/2011 09:56:18
752308,2012.PRES.CHRISTIE,Chris Christie to be elected President in 2012,36,5.5,Sep/30/2011 11:43:20
752308,2012.PRES.CHRISTIE,Chris Christie to be elected President in 2012,1,5.5,Sep/30/2011 11:43:20
752308,2012.PRES.CHRISTIE,Chris Christie to be elected President in 2012,4,5.6,Sep/30/2011 11:43:44
752308,2012.PRES.CHRISTIE,Chris Christie to be elected President in 2012,11,5.6,Sep/30/2011 11:43:44
752308,2012.PRES.CHRISTIE,Chris Christie to be elected President in 2012,47,5.6,Sep/30/2011 11:43:44
752308,2012.PRES.CHRISTIE,Chris Christie to be elected President in 2012,10,5.6,Sep/30/2011 12:06:53
752308,2012.PRES.CHRISTIE,Chris Christie to be elected President in 2012,4,3.9,Sep/30/2011 14:57:51
752308,2012.PRES.CHRISTIE,Chris Christie to be elected President in 2012,200,7.5,Sep/30/2011 15:19:21
752308,2012.PRES.CHRISTIE,Chris Christie to be elected President in 2012,50,6.0,Sep/30/2011 15:19:21
752308,2012.PRES.CHRISTIE,Chris Christie to be elected President in 2012,5,6.6,Sep/30/2011 15:19:21
752308,2012.PRES.CHRISTIE,Chris Christie to be elected President in 2012,50,6.5,Sep/30/2011 15:19:21
752308,2012.PRES.CHRISTIE,Chris Christie to be elected President in 2012,50,7.5,Sep/30/2011 15:19:21
752308,2012.PRES.CHRISTIE,Chris Christie to be elected President in 2012,95,7.4,Sep/30/2011 15:19:21
752308,2012.PRES.CHRISTIE,Chris Christie to be elected President in 2012,11,5.7,Sep/30/2011 15:19:21
752308,2012.PRES.CHRISTIE,Chris Christie to be elected President in 2012,42,5.7,Sep/30/2011 15:19:21
752308,2012.PRES.CHRISTIE,Chris Christie to be elected President in 2012,35,5.8,Sep/30/2011 15:19:21
752308,2012.PRES.CHRISTIE,Chris Christie to be elected President in 2012,48,5.9,Sep/30/2011 15:19:21
752308,2012.PRES.CHRISTIE,Chris Christie to be elected President in 2012,20,6.8,Sep/30/2011 15:19:21
752308,2012.PRES.CHRISTIE,Chris Christie to be elected President in 2012,1,6.8,Sep/30/2011 15:19:21
752308,2012.PRES.CHRISTIE,Chris Christie to be elected President in 2012,2,7.5,Sep/30/2011 15:19:21
752308,2012.PRES.CHRISTIE,Chris Christie to be elected President in 2012,50,5.5,Sep/30/2011 15:19:21
752308,2012.PRES.CHRISTIE,Chris Christie to be elected President in 2012,1,5.5,Sep/30/2011 15:19:21
752308,2012.PRES.CHRISTIE,Chris Christie to be elected President in 2012,1,5.8,Sep/30/2011 15:19:21
752308,2012.PRES.CHRISTIE,Chris Christie to be elected President in 2012,2,6.5,Sep/30/2011 15:19:21
752308,2012.PRES.CHRISTIE,Chris Christie to be elected President in 2012,1,5.4,Sep/30/2011 15:19:21
752308,2012.PRES.CHRISTIE,Chris Christie to be elected President in 2012,5,5.4,Sep/30/2011 15:19:21
752308,2012.PRES.CHRISTIE,Chris Christie to be elected President in 2012,1,5.4,Sep/30/2011 15:19:21
752308,2012.PRES.CHRISTIE,Chris Christie to be elected President in 2012,12,7.5,Sep/30/2011 15:19:24
752308,2012.PRES.CHRISTIE,Chris Christie to be elected President in 2012,4,7.5,Sep/30/2011 15:19:37
752308,2012.PRES.CHRISTIE,Chris Christie to be elected President in 2012,700,7.5,Sep/30/2011 15:26:08
752308,2012.PRES.CHRISTIE,Chris Christie to be elected President in 2012,7,7.5,Sep/30/2011 15:26:33
752308,2012.PRES.CHRISTIE,Chris Christie to be elected President in 2012,50,7.5,Sep/30/2011 15:26:43
752308,2012.PRES.CHRISTIE,Chris Christie to be elected President in 2012,3,7.5,Sep/30/2011 15:26:59
752308,2012.PRES.CHRISTIE,Chris Christie to be elected President in 2012,7,7.5,Sep/30/2011 15:27:19
752308,2012.PRES.CHRISTIE,Chris Christie to be elected President in 2012,5,7.5,Sep/30/2011 15:27:59
752308,2012.PRES.CHRISTIE,Chris Christie to be elected President in 2012,50,7.5,Sep/30/2011 15:28:28
752308,2012.PRES.CHRISTIE,Chris Christie to be elected President in 2012,5,7.5,Sep/30/2011 15:28:54
752308,2012.PRES.CHRISTIE,Chris Christie to be elected President in 2012,2,7.5,Sep/30/2011 15:29:29
752308,2012.PRES.CHRISTIE,Chris Christie to be elected President in 2012,50,7.5,Sep/30/2011 15:30:15
752308,2012.PRES.CHRISTIE,Chris Christie to be elected President in 2012,14,7.5,Sep/30/2011 15:30:30
752308,2012.PRES.CHRISTIE,Chris Christie to be elected President in 2012,100,7.5,Sep/30/2011 15:31:01
752308,2012.PRES.CHRISTIE,Chris Christie to be elected President in 2012,100,7.5,Sep/30/2011 15:34:31
752308,2012.PRES.CHRISTIE,Chris Christie to be elected President in 2012,100,7.5,Sep/30/2011 15:34:55
752308,2012.PRES.CHRISTIE,Chris Christie to be elected President in 2012,200,7.5,Sep/30/2011 15:35:26
752308,2012.PRES.CHRISTIE,Chris Christie to be elected President in 2012,10,7.5,Sep/30/2011 15:36:25
752308,2012.PRES.CHRISTIE,Chris Christie to be elected President in 2012,10,7.5,Sep/30/2011 15:36:50
752308,2012.PRES.CHRISTIE,Chris Christie to be elected President in 2012,5,7.5,Sep/30/2011 15:37:10
752308,2012.PRES.CHRISTIE,Chris Christie to be elected President in 2012,5,7.5,Sep/30/2011 15:37:55
752308,2012.PRES.CHRISTIE,Chris Christie to be elected President in 2012,1,7.5,Sep/30/2011 15:38:35
752308,2012.PRES.CHRISTIE,Chris Christie to be elected President in 2012,4,7.5,Sep/30/2011 15:38:55
752308,2012.PRES.CHRISTIE,Chris Christie to be elected President in 2012,6,7.5,Sep/30/2011 15:39:35
752308,2012.PRES.CHRISTIE,Chris Christie to be elected President in 2012,7,7.5,Sep/30/2011 15:40:30
752308,2012.PRES.CHRISTIE,Chris Christie to be elected President in 2012,10,7.5,Sep/30/2011 15:43:09
752308,2012.PRES.CHRISTIE,Chris Christie to be elected President in 2012,5,7.5,Sep/30/2011 15:43:27
752308,2012.PRES.CHRISTIE,Chris Christie to be elected President in 2012,20,7.5,Sep/30/2011 15:45:51
752308,2012.PRES.CHRISTIE,Chris Christie to be elected President in 2012,10,7.5,Sep/30/2011 15:46:01
752308,2012.PRES.CHRISTIE,Chris Christie to be elected President in 2012,10,7.5,Sep/30/2011 15:46:10
752308,2012.PRES.CHRISTIE,Chris Christie to be elected President in 2012,3,7.5,Sep/30/2011 15:46:24
752308,2012.PRES.CHRISTIE,Chris Christie to be elected President in 2012,3,7.5,Sep/30/2011 15:47:12
752308,2012.PRES.CHRISTIE,Chris Christie to be elected President in 2012,1,7.5,Sep/30/2011 15:48:23
752308,2012.PRES.CHRISTIE,Chris Christie to be elected President in 2012,1,7.5,Sep/30/2011 15:49:19
752308,2012.PRES.CHRISTIE,Chris Christie to be elected President in 2012,1,7.5,Sep/30/2011 15:50:34
752308,2012.PRES.CHRISTIE,Chris Christie to be elected President in 2012,14,7.5,Sep/30/2011 15:54:12
752308,2012.PRES.CHRISTIE,Chris Christie to be elected President in 2012,3,7.5,Sep/30/2011 15:54:50
752308,2012.PRES.CHRISTIE,Chris Christie to be elected President in 2012,1,7.5,Sep/30/2011 15:56:33
752308,2012.PRES.CHRISTIE,Chris Christie to be elected President in 2012,1,7.5,Sep/30/2011 15:57:05
752308,2012.PRES.CHRISTIE,Chris Christie to be elected President in 2012,50,7.5,Sep/30/2011 16:01:31
752308,2012.PRES.CHRISTIE,Chris Christie to be elected President in 2012,50,7.5,Sep/30/2011 16:10:53
752308,2012.PRES.CHRISTIE,Chris Christie to be elected President in 2012,690,7.5,Sep/30/2011 16:15:56
752308,2012.PRES.CHRISTIE,Chris Christie to be elected President in 2012,1,5.0,Sep/30/2011 18:25:40
752308,2012.PRES.CHRISTIE,Chris Christie to be elected President in 2012,10,4.8,Sep/30/2011 18:44:01
752308,2012.PRES.CHRISTIE,Chris Christie to be elected President in 2012,1,4.9,Sep/30/2011 19:15:48
752308,2012.PRES.CHRISTIE,Chris Christie to be elected President in 2012,2,5.9,Sep/30/2011 20:27:46
752308,2012.PRES.CHRISTIE,Chris Christie to be elected President in 2012,1,5.9,Sep/30/2011 20:27:46
752308,2012.PRES.CHRISTIE,Chris Christie to be elected President in 2012,10,5.9,Sep/30/2011 20:27:46
752308,2012.PRES.CHRISTIE,Chris Christie to be elected President in 2012,3,6.0,Sep/30/2011 20:28:00
752308,2012.PRES.CHRISTIE,Chris Christie to be elected President in 2012,4,6.1,Sep/30/2011 20:28:21
752308,2012.PRES.CHRISTIE,Chris Christie to be elected President in 2012,4,6.2,Sep/30/2011 20:28:44
752308,2012.PRES.CHRISTIE,Chris Christie to be elected President in 2012,1,6.2,Sep/30/2011 20:28:44
752308,2012.PRES.CHRISTIE,Chris Christie to be elected President in 2012,1,5.1,Oct/01/2011 05:48:25
752308,2012.PRES.CHRISTIE,Chris Christie to be elected President in 2012,39,5.1,Oct/01/2011 05:48:25
752308,2012.PRES.CHRISTIE,Chris Christie to be elected President in 2012,10,4.9,Oct/01/2011 05:58:32
752308,2012.PRES.CHRISTIE,Chris Christie to be elected President in 2012,1,5.0,Oct/01/2011 05:58:32
752308,2012.PRES.CHRISTIE,Chris Christie to be elected President in 2012,125,4.9,Oct/01/2011 05:58:32
752308,2012.PRES.CHRISTIE,Chris Christie to be elected President in 2012,222,5.3,Oct/01/2011 08:29:13
752308,2012.PRES.CHRISTIE,Chris Christie to be elected President in 2012,5,5.6,Oct/01/2011 08:29:51
752308,2012.PRES.CHRISTIE,Chris Christie to be elected President in 2012,1,5.6,Oct/01/2011 08:29:51
752308,2012.PRES.CHRISTIE,Chris Christie to be elected President in 2012,5,5.7,Oct/01/2011 08:30:04
752308,2012.PRES.CHRISTIE,Chris Christie to be elected President in 2012,5,5.8,Oct/01/2011 08:30:21
752308,2012.PRES.CHRISTIE,Chris Christie to be elected President in 2012,5,5.9,Oct/01/2011 08:30:33
752308,2012.PRES.CHRISTIE,Chris Christie to be elected President in 2012,5,6.0,Oct/01/2011 08:30:54
752308,2012.PRES.CHRISTIE,Chris Christie to be elected President in 2012,9,6.2,Oct/01/2011 08:31:13
752308,2012.PRES.CHRISTIE,Chris Christie to be elected President in 2012,5,6.2,Oct/01/2011 08:31:32
752308,2012.PRES.CHRISTIE,Chris Christie to be elected President in 2012,4,6.3,Oct/01/2011 08:31:46
752308,2012.PRES.CHRISTIE,Chris Christie to be elected President in 2012,1,6.3,Oct/01/2011 08:31:46
752308,2012.PRES.CHRISTIE,Chris Christie to be elected President in 2012,4,6.4,Oct/01/2011 08:32:06
752308,2012.PRES.CHRISTIE,Chris Christie to be elected President in 2012,5,6.4,Oct/01/2011 08:32:06
752308,2012.PRES.CHRISTIE,Chris Christie to be elected President in 2012,4,6.5,Oct/01/2011 08:32:23
752308,2012.PRES.CHRISTIE,Chris Christie to be elected President in 2012,5,6.5,Oct/01/2011 08:32:23
752308,2012.PRES.CHRISTIE,Chris Christie to be elected President in 2012,4,6.6,Oct/01/2011 08:32:47
752308,2012.PRES.CHRISTIE,Chris Christie to be elected President in 2012,5,6.6,Oct/01/2011 08:32:47
752308,2012.PRES.CHRISTIE,Chris Christie to be elected President in 2012,1,6.6,Oct/01/2011 08:32:47
752308,2012.PRES.CHRISTIE,Chris Christie to be elected President in 2012,4,6.7,Oct/01/2011 08:34:19
752308,2012.PRES.CHRISTIE,Chris Christie to be elected President in 2012,5,6.7,Oct/01/2011 08:34:19
752308,2012.PRES.CHRISTIE,Chris Christie to be elected President in 2012,5,6.8,Oct/01/2011 08:34:31
752308,2012.PRES.CHRISTIE,Chris Christie to be elected President in 2012,5,6.8,Oct/01/2011 08:34:31
752308,2012.PRES.CHRISTIE,Chris Christie to be elected President in 2012,5,6.9,Oct/01/2011 08:34:40
752308,2012.PRES.CHRISTIE,Chris Christie to be elected President in 2012,5,6.9,Oct/01/2011 08:34:40
752308,2012.PRES.CHRISTIE,Chris Christie to be elected President in 2012,1,6.9,Oct/01/2011 08:34:40
752308,2012.PRES.CHRISTIE,Chris Christie to be elected President in 2012,5,7.0,Oct/01/2011 08:34:51
752308,2012.PRES.CHRISTIE,Chris Christie to be elected President in 2012,5,7.0,Oct/01/2011 08:34:51
752308,2012.PRES.CHRISTIE,Chris Christie to be elected President in 2012,5,7.1,Oct/01/2011 08:35:05
752308,2012.PRES.CHRISTIE,Chris Christie to be elected President in 2012,5,7.1,Oct/01/2011 08:35:05
752308,2012.PRES.CHRISTIE,Chris Christie to be elected President in 2012,10,7.2,Oct/01/2011 08:35:18
752308,2012.PRES.CHRISTIE,Chris Christie to be elected President in 2012,5,7.2,Oct/01/2011 08:35:18
752308,2012.PRES.CHRISTIE,Chris Christie to be elected President in 2012,5,7.2,Oct/01/2011 08:35:18
752308,2012.PRES.CHRISTIE,Chris Christie to be elected President in 2012,20,7.3,Oct/01/2011 08:35:29
752308,2012.PRES.CHRISTIE,Chris Christie to be elected President in 2012,5,7.3,Oct/01/2011 08:35:29
752308,2012.PRES.CHRISTIE,Chris Christie to be elected President in 2012,5,7.3,Oct/01/2011 08:35:29
752308,2012.PRES.CHRISTIE,Chris Christie to be elected President in 2012,50,7.3,Oct/01/2011 08:35:29
752308,2012.PRES.CHRISTIE,Chris Christie to be elected President in 2012,40,7.4,Oct/01/2011 08:35:42
752308,2012.PRES.CHRISTIE,Chris Christie to be elected President in 2012,5,7.4,Oct/01/2011 08:35:42
752308,2012.PRES.CHRISTIE,Chris Christie to be elected President in 2012,5,7.4,Oct/01/2011 08:35:42
752308,2012.PRES.CHRISTIE,Chris Christie to be elected President in 2012,50,7.4,Oct/01/2011 08:35:42
752308,2012.PRES.CHRISTIE,Chris Christie to be elected President in 2012,200,7.5,Oct/01/2011 08:35:58
752308,2012.PRES.CHRISTIE,Chris Christie to be elected President in 2012,5,7.5,Oct/01/2011 08:35:58
752308,2012.PRES.CHRISTIE,Chris Christie to be elected President in 2012,5,7.5,Oct/01/2011 08:35:58
752308,2012.PRES.CHRISTIE,Chris Christie to be elected President in 2012,5,6.5,Oct/01/2011 08:59:14
752308,2012.PRES.CHRISTIE,Chris Christie to be elected President in 2012,4,6.5,Oct/01/2011 09:37:23
752308,2012.PRES.CHRISTIE,Chris Christie to be elected President in 2012,5,6.3,Oct/01/2011 09:45:10
752308,2012.PRES.CHRISTIE,Chris Christie to be elected President in 2012,4,6.2,Oct/01/2011 13:22:32
752308,2012.PRES.CHRISTIE,Chris Christie to be elected President in 2012,5,6.2,Oct/01/2011 13:22:32
752308,2012.PRES.CHRISTIE,Chris Christie to be elected President in 2012,5,5.9,Oct/01/2011 13:30:59
752308,2012.PRES.CHRISTIE,Chris Christie to be elected President in 2012,1,4.4,Oct/01/2011 14:19:15
752308,2012.PRES.CHRISTIE,Chris Christie to be elected President in 2012,50,5.0,Oct/01/2011 18:07:17
752308,2012.PRES.CHRISTIE,Chris Christie to be elected President in 2012,1,5.0,Oct/01/2011 18:07:17
752308,2012.PRES.CHRISTIE,Chris Christie to be elected President in 2012,1,5.0,Oct/01/2011 18:07:17
752308,2012.PRES.CHRISTIE,Chris Christie to be elected President in 2012,1,4.6,Oct/01/2011 19:53:49
752308,2012.PRES.CHRISTIE,Chris Christie to be elected President in 2012,1,5.0,Oct/01/2011 20:29:31
752308,2012.PRES.CHRISTIE,Chris Christie to be elected President in 2012,20,5.0,Oct/01/2011 21:15:39
752308,2012.PRES.CHRISTIE,Chris Christie to be elected President in 2012,20,5.0,Oct/01/2011 21:50:20
752308,2012.PRES.CHRISTIE,Chris Christie to be elected President in 2012,30,5.0,Oct/01/2011 23:04:12
752308,2012.PRES.CHRISTIE,Chris Christie to be elected President in 2012,1,5.0,Oct/01/2011 23:04:12
752308,2012.PRES.CHRISTIE,Chris Christie to be elected President in 2012,45,6.8,Oct/01/2011 23:58:33
752308,2012.PRES.CHRISTIE,Chris Christie to be elected President in 2012,200,6.7,Oct/01/2011 23:58:33
752308,2012.PRES.CHRISTIE,Chris Christie to be elected President in 2012,50,6.0,Oct/01/2011 23:58:33
752308,2012.PRES.CHRISTIE,Chris Christie to be elected President in 2012,3,6.0,Oct/01/2011 23:58:33
752308,2012.PRES.CHRISTIE,Chris Christie to be elected President in 2012,2,6.7,Oct/01/2011 23:58:33
752308,2012.PRES.CHRISTIE,Chris Christie to be elected President in 2012,1,5.2,Oct/02/2011 02:20:39
752308,2012.PRES.CHRISTIE,Chris Christie to be elected President in 2012,99,6.5,Oct/02/2011 06:24:18
752308,2012.PRES.CHRISTIE,Chris Christie to be elected President in 2012,99,6.6,Oct/02/2011 06:24:18
752308,2012.PRES.CHRISTIE,Chris Christie to be elected President in 2012,1,6.7,Oct/02/2011 12:34:47
752308,2012.PRES.CHRISTIE,Chris Christie to be elected President in 2012,2,6.9,Oct/02/2011 12:34:47
752308,2012.PRES.CHRISTIE,Chris Christie to be elected President in 2012,2,7.0,Oct/02/2011 12:34:47
752308,2012.PRES.CHRISTIE,Chris Christie to be elected President in 2012,2,7.1,Oct/02/2011 14:54:30
752308,2012.PRES.CHRISTIE,Chris Christie to be elected President in 2012,1,7.1,Oct/02/2011 15:17:31
752308,2012.PRES.CHRISTIE,Chris Christie to be elected President in 2012,1,7.0,Oct/02/2011 16:05:59
752308,2012.PRES.CHRISTIE,Chris Christie to be elected President in 2012,1,6.9,Oct/02/2011 16:06:08
752308,2012.PRES.CHRISTIE,Chris Christie to be elected President in 2012,1,6.8,Oct/02/2011 16:52:47
752308,2012.PRES.CHRISTIE,Chris Christie to be elected President in 2012,4,6.6,Oct/02/2011 16:53:02
752308,2012.PRES.CHRISTIE,Chris Christie to be elected President in 2012,1,6.7,Oct/02/2011 16:53:02
752308,2012.PRES.CHRISTIE,Chris Christie to be elected President in 2012,1,6.6,Oct/02/2011 16:53:08
752308,2012.PRES.CHRISTIE,Chris Christie to be elected President in 2012,5,6.5,Oct/02/2011 16:53:16
752308,2012.PRES.CHRISTIE,Chris Christie to be elected President in 2012,6,6.4,Oct/02/2011 16:53:42
752308,2012.PRES.CHRISTIE,Chris Christie to be elected President in 2012,7,6.3,Oct/02/2011 16:53:52
752308,2012.PRES.CHRISTIE,Chris Christie to be elected President in 2012,8,6.2,Oct/02/2011 16:54:03
752308,2012.PRES.CHRISTIE,Chris Christie to be elected President in 2012,9,6.1,Oct/02/2011 16:54:13
752308,2012.PRES.CHRISTIE,Chris Christie to be elected President in 2012,10,6.0,Oct/02/2011 16:54:20
752308,2012.PRES.CHRISTIE,Chris Christie to be elected President in 2012,11,5.9,Oct/02/2011 16:54:35
752308,2012.PRES.CHRISTIE,Chris Christie to be elected President in 2012,12,5.8,Oct/02/2011 16:54:47
752308,2012.PRES.CHRISTIE,Chris Christie to be elected President in 2012,13,5.7,Oct/02/2011 16:55:03
752308,2012.PRES.CHRISTIE,Chris Christie to be elected President in 2012,5,5.6,Oct/02/2011 16:55:16
752308,2012.PRES.CHRISTIE,Chris Christie to be elected President in 2012,1,5.7,Oct/02/2011 20:46:53
752308,2012.PRES.CHRISTIE,Chris Christie to be elected President in 2012,1,5.8,Oct/02/2011 20:46:53
752308,2012.PRES.CHRISTIE,Chris Christie to be elected President in 2012,1,5.9,Oct/02/2011 20:46:53
752308,2012.PRES.CHRISTIE,Chris Christie to be elected President in 2012,5,5.6,Oct/03/2011 01:52:03
752308,2012.PRES.CHRISTIE,Chris Christie to be elected President in 2012,12,5.6,Oct/03/2011 01:52:03
752308,2012.PRES.CHRISTIE,Chris Christie to be elected President in 2012,15,5.6,Oct/03/2011 01:53:23
752308,2012.PRES.CHRISTIE,Chris Christie to be elected President in 2012,10,5.7,Oct/03/2011 02:33:41
752308,2012.PRES.CHRISTIE,Chris Christie to be elected President in 2012,4,5.7,Oct/03/2011 02:33:46
752308,2012.PRES.CHRISTIE,Chris Christie to be elected President in 2012,13,5.6,Oct/03/2011 02:55:48
752308,2012.PRES.CHRISTIE,Chris Christie to be elected President in 2012,27,5.6,Oct/03/2011 02:55:48
752308,2012.PRES.CHRISTIE,Chris Christie to be elected President in 2012,86,5.7,Oct/03/2011 02:55:48
752308,2012.PRES.CHRISTIE,Chris Christie to be elected President in 2012,50,5.5,Oct/03/2011 02:56:31
752308,2012.PRES.CHRISTIE,Chris Christie to be elected President in 2012,50,7.8,Oct/03/2011 05:25:43
752308,2012.PRES.CHRISTIE,Chris Christie to be elected President in 2012,5,7.6,Oct/03/2011 06:37:05
752308,2012.PRES.CHRISTIE,Chris Christie to be elected President in 2012,5,7.0,Oct/03/2011 06:58:28
752308,2012.PRES.CHRISTIE,Chris Christie to be elected President in 2012,50,7.5,Oct/03/2011 12:56:48
752308,2012.PRES.CHRISTIE,Chris Christie to be elected President in 2012,100,6.0,Oct/03/2011 14:46:40
752308,2012.PRES.CHRISTIE,Chris Christie to be elected President in 2012,100,5.6,Oct/03/2011 14:47:25
752308,2012.PRES.CHRISTIE,Chris Christie to be elected President in 2012,50,5.7,Oct/03/2011 14:47:25
752308,2012.PRES.CHRISTIE,Chris Christie to be elected President in 2012,5,5.8,Oct/03/2011 14:47:25
752308,2012.PRES.CHRISTIE,Chris Christie to be elected President in 2012,45,5.4,Oct/03/2011 15:05:33
752308,2012.PRES.CHRISTIE,Chris Christie to be elected President in 2012,48,5.2,Oct/03/2011 15:05:43
752308,2012.PRES.CHRISTIE,Chris Christie to be elected President in 2012,98,5.1,Oct/03/2011 15:05:48
752308,2012.PRES.CHRISTIE,Chris Christie to be elected President in 2012,5,5.0,Oct/03/2011 15:30:23
752308,2012.PRES.CHRISTIE,Chris Christie to be elected President in 2012,5,5.1,Oct/03/2011 15:33:29
752308,2012.PRES.CHRISTIE,Chris Christie to be elected President in 2012,1,5.7,Oct/03/2011 16:39:05
752308,2012.PRES.CHRISTIE,Chris Christie to be elected President in 2012,1,5.4,Oct/03/2011 16:39:17
752308,2012.PRES.CHRISTIE,Chris Christie to be elected President in 2012,1,5.1,Oct/03/2011 17:54:58
752308,2012.PRES.CHRISTIE,Chris Christie to be elected President in 2012,1,5.0,Oct/03/2011 17:55:05
752308,2012.PRES.CHRISTIE,Chris Christie to be elected President in 2012,10,4.9,Oct/03/2011 17:56:12
752308,2012.PRES.CHRISTIE,Chris Christie to be elected President in 2012,40,4.9,Oct/03/2011 17:56:12
752308,2012.PRES.CHRISTIE,Chris Christie to be elected President in 2012,10,6.0,Oct/03/2011 18:57:38
752308,2012.PRES.CHRISTIE,Chris Christie to be elected President in 2012,200,6.1,Oct/04/2011 00:04:56
752308,2012.PRES.CHRISTIE,Chris Christie to be elected President in 2012,3,6.0,Oct/04/2011 00:05:04
752308,2012.PRES.CHRISTIE,Chris Christie to be elected President in 2012,10,5.9,Oct/04/2011 00:05:08
752308,2012.PRES.CHRISTIE,Chris Christie to be elected President in 2012,100,5.9,Oct/04/2011 00:05:08
752308,2012.PRES.CHRISTIE,Chris Christie to be elected President in 2012,10,6.0,Oct/04/2011 00:07:05
752308,2012.PRES.CHRISTIE,Chris Christie to be elected President in 2012,50,6.5,Oct/04/2011 00:15:55
752308,2012.PRES.CHRISTIE,Chris Christie to be elected President in 2012,1,6.5,Oct/04/2011 00:15:55
752308,2012.PRES.CHRISTIE,Chris Christie to be elected President in 2012,50,7.0,Oct/04/2011 00:34:34
752308,2012.PRES.CHRISTIE,Chris Christie to be elected President in 2012,100,6.9,Oct/04/2011 00:34:34
752308,2012.PRES.CHRISTIE,Chris Christie to be elected President in 2012,5,6.8,Oct/04/2011 00:34:34
752308,2012.PRES.CHRISTIE,Chris Christie to be elected President in 2012,10,6.8,Oct/04/2011 00:34:34
752308,2012.PRES.CHRISTIE,Chris Christie to be elected President in 2012,50,6.8,Oct/04/2011 00:34:34
752308,2012.PRES.CHRISTIE,Chris Christie to be elected President in 2012,1,6.8,Oct/04/2011 00:34:34
752308,2012.PRES.CHRISTIE,Chris Christie to be elected President in 2012,50,6.7,Oct/04/2011 00:34:34
752308,2012.PRES.CHRISTIE,Chris Christie to be elected President in 2012,100,6.5,Oct/04/2011 01:27:38
752308,2012.PRES.CHRISTIE,Chris Christie to be elected President in 2012,100,6.5,Oct/04/2011 01:37:25
752308,2012.PRES.CHRISTIE,Chris Christie to be elected President in 2012,41,6.5,Oct/04/2011 01:49:39
752308,2012.PRES.CHRISTIE,Chris Christie to be elected President in 2012,9,6.5,Oct/04/2011 02:43:01
752308,2012.PRES.CHRISTIE,Chris Christie to be elected President in 2012,10,6.4,Oct/04/2011 02:43:06
752308,2012.PRES.CHRISTIE,Chris Christie to be elected President in 2012,6,6.0,Oct/04/2011 02:43:10
752308,2012.PRES.CHRISTIE,Chris Christie to be elected President in 2012,10,5.9,Oct/04/2011 02:43:15
752308,2012.PRES.CHRISTIE,Chris Christie to be elected President in 2012,150,5.9,Oct/04/2011 02:43:15
752308,2012.PRES.CHRISTIE,Chris Christie to be elected President in 2012,1,5.5,Oct/04/2011 03:16:56
752308,2012.PRES.CHRISTIE,Chris Christie to be elected President in 2012,5,4.9,Oct/04/2011 03:16:56
752308,2012.PRES.CHRISTIE,Chris Christie to be elected President in 2012,5,4.5,Oct/04/2011 05:58:24
752308,2012.PRES.CHRISTIE,Chris Christie to be elected President in 2012,1,3.0,Oct/04/2011 13:39:02
752308,2012.PRES.CHRISTIE,Chris Christie to be elected President in 2012,2,3.0,Oct/04/2011 13:39:02
752308,2012.PRES.CHRISTIE,Chris Christie to be elected President in 2012,1,3.1,Oct/04/2011 13:39:02
752308,2012.PRES.CHRISTIE,Chris Christie to be elected President in 2012,3,3.0,Oct/04/2011 13:49:09
752308,2012.PRES.CHRISTIE,Chris Christie to be elected President in 2012,100,2.8,Oct/04/2011 13:49:09
752308,2012.PRES.CHRISTIE,Chris Christie to be elected President in 2012,3,2.6,Oct/04/2011 13:49:42
752308,2012.PRES.CHRISTIE,Chris Christie to be elected President in 2012,4,2.5,Oct/04/2011 13:49:42
752308,2012.PRES.CHRISTIE,Chris Christie to be elected President in 2012,5,2.4,Oct/04/2011 13:49:42
752308,2012.PRES.CHRISTIE,Chris Christie to be elected President in 2012,6,2.3,Oct/04/2011 13:49:42
752308,2012.PRES.CHRISTIE,Chris Christie to be elected President in 2012,7,2.2,Oct/04/2011 13:49:42
752308,2012.PRES.CHRISTIE,Chris Christie to be elected President in 2012,8,2.1,Oct/04/2011 13:49:42
752308,2012.PRES.CHRISTIE,Chris Christie to be elected President in 2012,9,2.0,Oct/04/2011 13:49:42
752308,2012.PRES.CHRISTIE,Chris Christie to be elected President in 2012,10,0.9,Oct/04/2011 13:51:07
752308,2012.PRES.CHRISTIE,Chris Christie to be elected President in 2012,10,0.9,Oct/04/2011 14:01:27
752308,2012.PRES.CHRISTIE,Chris Christie to be elected President in 2012,20,0.9,Oct/04/2011 14:01:27
752308,2012.PRES.CHRISTIE,Chris Christie to be elected President in 2012,10,0.9,Oct/04/2011 14:07:57
752308,2012.PRES.CHRISTIE,Chris Christie to be elected President in 2012,10,0.9,Oct/04/2011 14:08:16
752308,2012.PRES.CHRISTIE,Chris Christie to be elected President in 2012,10,0.9,Oct/04/2011 14:08:31
752308,2012.PRES.CHRISTIE,Chris Christie to be elected President in 2012,10,0.9,Oct/04/2011 14:10:23
752308,2012.PRES.CHRISTIE,Chris Christie to be elected President in 2012,20,0.9,Oct/04/2011 14:10:23
752308,2012.PRES.CHRISTIE,Chris Christie to be elected President in 2012,10,0.9,Oct/04/2011 14:10:43
752308,2012.PRES.CHRISTIE,Chris Christie to be elected President in 2012,10,0.9,Oct/04/2011 14:13:25
752308,2012.PRES.CHRISTIE,Chris Christie to be elected President in 2012,10,0.9,Oct/04/2011 14:13:47
752308,2012.PRES.CHRISTIE,Chris Christie to be elected President in 2012,10,0.6,Oct/04/2011 14:15:09
752308,2012.PRES.CHRISTIE,Chris Christie to be elected President in 2012,44,0.5,Oct/04/2011 14:15:19
752308,2012.PRES.CHRISTIE,Chris Christie to be elected President in 2012,25,0.6,Oct/04/2011 14:16:39
752308,2012.PRES.CHRISTIE,Chris Christie to be elected President in 2012,15,0.6,Oct/04/2011 14:17:35
752308,2012.PRES.CHRISTIE,Chris Christie to be elected President in 2012,15,0.6,Oct/04/2011 15:03:20
752308,2012.PRES.CHRISTIE,Chris Christie to be elected President in 2012,7,0.6,Oct/04/2011 15:03:20
752308,2012.PRES.CHRISTIE,Chris Christie to be elected President in 2012,78,0.6,Oct/04/2011 15:07:56
752308,2012.PRES.CHRISTIE,Chris Christie to be elected President in 2012,56,0.5,Oct/04/2011 15:08:53
752308,2012.PRES.CHRISTIE,Chris Christie to be elected President in 2012,100,0.5,Oct/04/2011 15:08:53
752308,2012.PRES.CHRISTIE,Chris Christie to be elected President in 2012,100,0.4,Oct/04/2011 15:09:02
752308,2012.PRES.CHRISTIE,Chris Christie to be elected President in 2012,500,0.4,Oct/04/2011 15:13:28
752308,2012.PRES.CHRISTIE,Chris Christie to be elected President in 2012,300,0.5,Oct/04/2011 15:13:53
752308,2012.PRES.CHRISTIE,Chris Christie to be elected President in 2012,10,0.5,Oct/04/2011 15:15:26
752308,2012.PRES.CHRISTIE,Chris Christie to be elected President in 2012,10,0.5,Oct/04/2011 15:16:57
752308,2012.PRES.CHRISTIE,Chris Christie to be elected President in 2012,180,0.5,Oct/04/2011 15:17:19
752308,2012.PRES.CHRISTIE,Chris Christie to be elected President in 2012,200,0.5,Oct/04/2011 15:17:19
752308,2012.PRES.CHRISTIE,Chris Christie to be elected President in 2012,50,0.5,Oct/04/2011 15:17:19
752308,2012.PRES.CHRISTIE,Chris Christie to be elected President in 2012,65,0.5,Oct/04/2011 15:18:21
752308,2012.PRES.CHRISTIE,Chris Christie to be elected President in 2012,3,0.5,Oct/04/2011 15:19:00
752308,2012.PRES.CHRISTIE,Chris Christie to be elected President in 2012,7,0.5,Oct/04/2011 15:19:37
752308,2012.PRES.CHRISTIE,Chris Christie to be elected President in 2012,93,0.5,Oct/04/2011 15:19:37
752308,2012.PRES.CHRISTIE,Chris Christie to be elected President in 2012,907,0.5,Oct/04/2011 15:22:51
752308,2012.PRES.CHRISTIE,Chris Christie to be elected President in 2012,100,0.4,Oct/04/2011 15:31:04
752308,2012.PRES.CHRISTIE,Chris Christie to be elected President in 2012,54,0.3,Oct/04/2011 15:31:18
752308,2012.PRES.CHRISTIE,Chris Christie to be elected President in 2012,10,0.2,Oct/04/2011 15:31:33
752308,2012.PRES.CHRISTIE,Chris Christie to be elected President in 2012,1000,0.2,Oct/04/2011 15:31:33
752308,2012.PRES.CHRISTIE,Chris Christie to be elected President in 2012,46,0.3,Oct/04/2011 15:31:33
752308,2012.PRES.CHRISTIE,Chris Christie to be elected President in 2012,596,0.2,Oct/04/2011 17:00:19
752308,2012.PRES.CHRISTIE,Chris Christie to be elected President in 2012,64,0.2,Oct/04/2011 17:43:07
752308,2012.PRES.CHRISTIE,Chris Christie to be elected President in 2012,100,0.2,Oct/04/2011 17:54:17
752308,2012.PRES.CHRISTIE,Chris Christie to be elected President in 2012,8,0.1,Oct/04/2011 20:29:51
752308,2012.PRES.CHRISTIE,Chris Christie to be elected President in 2012,1,0.1,Oct/04/2011 23:22:05
752308,2012.PRES.CHRISTIE,Chris Christie to be elected President in 2012,9,0.1,Oct/05/2011 00:21:36
752308,2012.PRES.CHRISTIE,Chris Christie to be elected President in 2012,2,0.1,Oct/05/2011 00:30:58
752308,2012.PRES.CHRISTIE,Chris Christie to be elected President in 2012,33,0.1,Oct/05/2011 00:30:58
752308,2012.PRES.CHRISTIE,Chris Christie to be elected President in 2012,4,0.2,Oct/05/2011 05:39:13
752308,2012.PRES.CHRISTIE,Chris Christie to be elected President in 2012,3,0.2,Oct/05/2011 14:08:30
752308,2012.PRES.CHRISTIE,Chris Christie to be elected President in 2012,22,0.1,Oct/06/2011 02:36:43
752308,2012.PRES.CHRISTIE,Chris Christie to be elected President in 2012,13,0.1,Oct/06/2011 04:18:22
752308,2012.PRES.CHRISTIE,Chris Christie to be elected President in 2012,572,0.2,Oct/06/2011 16:38:39
752308,2012.PRES.CHRISTIE,Chris Christie to be elected President in 2012,11,0.2,Oct/06/2011 16:38:39
752308,2012.PRES.CHRISTIE,Chris Christie to be elected President in 2012,10,0.2,Oct/06/2011 16:38:39
752308,2012.PRES.CHRISTIE,Chris Christie to be elected President in 2012,154,0.2,Oct/06/2011 16:38:39
752308,2012.PRES.CHRISTIE,Chris Christie to be elected President in 2012,20,0.1,Oct/06/2011 18:38:39
752308,2012.PRES.CHRISTIE,Chris Christie to be elected President in 2012,912,0.1,Oct/08/2011 00:54:07
752308,2012.PRES.CHRISTIE,Chris Christie to be elected President in 2012,101,0.1,Oct/08/2011 00:54:07
752308,2012.PRES.CHRISTIE,Chris Christie to be elected President in 2012,5,0.1,Oct/08/2011 01:53:18
752308,2012.PRES.CHRISTIE,Chris Christie to be elected President in 2012,5,0.1,Oct/08/2011 10:52:02
752308,2012.PRES.CHRISTIE,Chris Christie to be elected President in 2012,8,0.1,Oct/08/2011 19:45:52
752308,2012.PRES.CHRISTIE,Chris Christie to be elected President in 2012,1,0.1,Oct/08/2011 19:58:53
752308,2012.PRES.CHRISTIE,Chris Christie to be elected President in 2012,1,0.1,Oct/08/2011 19:59:43
752308,2012.PRES.CHRISTIE,Chris Christie to be elected President in 2012,1,0.1,Oct/09/2011 04:49:17
752308,2012.PRES.CHRISTIE,Chris Christie to be elected President in 2012,50,0.1,Oct/09/2011 06:38:51
752308,2012.PRES.CHRISTIE,Chris Christie to be elected President in 2012,10,0.1,Oct/10/2011 20:20:50
752308,2012.PRES.CHRISTIE,Chris Christie to be elected President in 2012,52,0.1,Oct/10/2011 20:55:50
752308,2012.PRES.CHRISTIE,Chris Christie to be elected President in 2012,1,0.1,Oct/10/2011 21:00:10
752308,2012.PRES.CHRISTIE,Chris Christie to be elected President in 2012,6,0.1,Oct/11/2011 21:20:02
752308,2012.PRES.CHRISTIE,Chris Christie to be elected President in 2012,10,0.1,Oct/11/2011 21:23:45
752308,2012.PRES.CHRISTIE,Chris Christie to be elected President in 2012,10,0.1,Oct/11/2011 21:26:57
752308,2012.PRES.CHRISTIE,Chris Christie to be elected President in 2012,13,0.1,Oct/11/2011 23:33:41
752308,2012.PRES.CHRISTIE,Chris Christie to be elected President in 2012,66,0.1,Oct/11/2011 23:37:13
752308,2012.PRES.CHRISTIE,Chris Christie to be elected President in 2012,21,0.1,Oct/11/2011 23:37:49
752308,2012.PRES.CHRISTIE,Chris Christie to be elected President in 2012,5,0.1,Oct/12/2011 14:57:15
752308,2012.PRES.CHRISTIE,Chris Christie to be elected President in 2012,5,0.1,Oct/12/2011 15:01:05
752308,2012.PRES.CHRISTIE,Chris Christie to be elected President in 2012,19,0.1,Oct/12/2011 15:49:46
752308,2012.PRES.CHRISTIE,Chris Christie to be elected President in 2012,7,0.1,Oct/12/2011 18:26:02
752308,2012.PRES.CHRISTIE,Chris Christie to be elected President in 2012,5,0.1,Oct/12/2011 20:54:00
752308,2012.PRES.CHRISTIE,Chris Christie to be elected President in 2012,10,0.1,Oct/12/2011 21:03:26
752308,2012.PRES.CHRISTIE,Chris Christie to be elected President in 2012,5,0.1,Oct/12/2011 22:05:33
752308,2012.PRES.CHRISTIE,Chris Christie to be elected President in 2012,10,0.1,Oct/12/2011 22:17:04
752308,2012.PRES.CHRISTIE,Chris Christie to be elected President in 2012,10,0.1,Oct/13/2011 00:31:15
752308,2012.PRES.CHRISTIE,Chris Christie to be elected President in 2012,10,0.1,Oct/14/2011 17:53:21
752308,2012.PRES.CHRISTIE,Chris Christie to be elected President in 2012,2,0.1,Oct/14/2011 18:43:03
752308,2012.PRES.CHRISTIE,Chris Christie to be elected President in 2012,11,0.1,Oct/14/2011 18:54:28
752308,2012.PRES.CHRISTIE,Chris Christie to be elected President in 2012,1,0.1,Oct/18/2011 14:21:40
752308,2012.PRES.CHRISTIE,Chris Christie to be elected President in 2012,16,0.1,Oct/18/2011 14:21:40
752308,2012.PRES.CHRISTIE,Chris Christie to be elected President in 2012,3,0.1,Oct/18/2011 14:22:02
752308,2012.PRES.CHRISTIE,Chris Christie to be elected President in 2012,12,0.1,Oct/18/2011 14:24:32
752308,2012.PRES.CHRISTIE,Chris Christie to be elected President in 2012,20,0.1,Oct/18/2011 14:26:08
752308,2012.PRES.CHRISTIE,Chris Christie to be elected President in 2012,10,0.1,Oct/18/2011 14:26:48
752308,2012.PRES.CHRISTIE,Chris Christie to be elected President in 2012,10,0.1,Oct/18/2011 14:27:19
752308,2012.PRES.CHRISTIE,Chris Christie to be elected President in 2012,1,0.1,Oct/18/2011 14:27:39
752308,2012.PRES.CHRISTIE,Chris Christie to be elected President in 2012,1,0.1,Oct/18/2011 14:27:41
752308,2012.PRES.CHRISTIE,Chris Christie to be elected President in 2012,8,0.1,Oct/18/2011 14:27:54
752308,2012.PRES.CHRISTIE,Chris Christie to be elected President in 2012,10,0.1,Oct/18/2011 14:28:16
752308,2012.PRES.CHRISTIE,Chris Christie to be elected President in 2012,8,0.1,Oct/18/2011 14:28:26
752308,2012.PRES.CHRISTIE,Chris Christie to be elected President in 2012,10,0.1,Oct/18/2011 21:53:52
752308,2012.PRES.CHRISTIE,Chris Christie to be elected President in 2012,1,0.1,Oct/18/2011 21:53:53
752308,2012.PRES.CHRISTIE,Chris Christie to be elected President in 2012,2,0.1,Nov/03/2011 17:54:29
752308,2012.PRES.CHRISTIE,Chris Christie to be elected President in 2012,1,0.1,Nov/03/2011 17:55:47
752308,2012.PRES.CHRISTIE,Chris Christie to be elected President in 2012,1,0.1,Nov/04/2011 18:28:18
752308,2012.PRES.CHRISTIE,Chris Christie to be elected President in 2012,1,0.1,Nov/04/2011 18:28:19
752308,2012.PRES.CHRISTIE,Chris Christie to be elected President in 2012,3,0.1,Nov/05/2011 15:30:31
752308,2012.PRES.CHRISTIE,Chris Christie to be elected President in 2012,1,0.1,Nov/05/2011 16:44:19
752308,2012.PRES.CHRISTIE,Chris Christie to be elected President in 2012,8,0.1,Nov/05/2011 16:44:20
752308,2012.PRES.CHRISTIE,Chris Christie to be elected President in 2012,7,0.1,Nov/05/2011 16:45:21
752308,2012.PRES.CHRISTIE,Chris Christie to be elected President in 2012,2,0.1,Nov/05/2011 16:45:47
752308,2012.PRES.CHRISTIE,Chris Christie to be elected President in 2012,1,0.1,Nov/05/2011 20:28:51
752308,2012.PRES.CHRISTIE,Chris Christie to be elected President in 2012,8,0.1,Nov/05/2011 20:28:52
752308,2012.PRES.CHRISTIE,Chris Christie to be elected President in 2012,7,0.1,Nov/05/2011 20:29:04
752308,2012.PRES.CHRISTIE,Chris Christie to be elected President in 2012,2,0.1,Nov/05/2011 20:29:23
752308,2012.PRES.CHRISTIE,Chris Christie to be elected President in 2012,2,0.1,Nov/06/2011 02:08:09
752308,2012.PRES.CHRISTIE,Chris Christie to be elected President in 2012,18,0.1,Nov/06/2011 05:23:35
752308,2012.PRES.CHRISTIE,Chris Christie to be elected President in 2012,1,0.1,Nov/06/2011 15:04:28
752308,2012.PRES.CHRISTIE,Chris Christie to be elected President in 2012,3,0.1,Nov/06/2011 16:22:06
752308,2012.PRES.CHRISTIE,Chris Christie to be elected President in 2012,1,0.1,Nov/07/2011 23:35:28
752308,2012.PRES.CHRISTIE,Chris Christie to be elected President in 2012,10,0.1,Nov/07/2011 23:47:01
752308,2012.PRES.CHRISTIE,Chris Christie to be elected President in 2012,500,0.1,Nov/09/2011 13:36:34
752308,2012.PRES.CHRISTIE,Chris Christie to be elected President in 2012,5,0.1,Nov/09/2011 17:58:07
752308,2012.PRES.CHRISTIE,Chris Christie to be elected President in 2012,1,0.1,Nov/09/2011 17:58:07
752308,2012.PRES.CHRISTIE,Chris Christie to be elected President in 2012,30,0.1,Nov/10/2011 14:22:20
752308,2012.PRES.CHRISTIE,Chris Christie to be elected President in 2012,10,0.1,Nov/10/2011 15:07:44
752308,2012.PRES.CHRISTIE,Chris Christie to be elected President in 2012,126,0.1,Nov/14/2011 06:05:00
752308,2012.PRES.CHRISTIE,Chris Christie to be elected President in 2012,48,0.1,Nov/14/2011 06:08:43
752308,2012.PRES.CHRISTIE,Chris Christie to be elected President in 2012,346,0.2,Nov/18/2011 13:46:51
752308,2012.PRES.CHRISTIE,Chris Christie to be elected President in 2012,150,0.2,Nov/18/2011 13:46:51
752308,2012.PRES.CHRISTIE,Chris Christie to be elected President in 2012,4,0.2,Nov/18/2011 13:46:51
752308,2012.PRES.CHRISTIE,Chris Christie to be elected President in 2012,11,0.1,Nov/18/2011 19:38:28
752308,2012.PRES.CHRISTIE,Chris Christie to be elected President in 2012,89,0.1,Nov/20/2011 18:59:29
752308,2012.PRES.CHRISTIE,Chris Christie to be elected President in 2012,3,0.1,Nov/22/2011 19:06:51
752308,2012.PRES.CHRISTIE,Chris Christie to be elected President in 2012,5,0.1,Nov/22/2011 23:19:09
752308,2012.PRES.CHRISTIE,Chris Christie to be elected President in 2012,1,0.1,Nov/23/2011 16:13:42
752308,2012.PRES.CHRISTIE,Chris Christie to be elected President in 2012,2,0.1,Nov/25/2011 14:52:47
752308,2012.PRES.CHRISTIE,Chris Christie to be elected President in 2012,6,0.1,Nov/25/2011 14:58:18
752308,2012.PRES.CHRISTIE,Chris Christie to be elected President in 2012,3,0.1,Nov/25/2011 19:32:12
752308,2012.PRES.CHRISTIE,Chris Christie to be elected President in 2012,5,0.1,Nov/27/2011 13:35:08
752308,2012.PRES.CHRISTIE,Chris Christie to be elected President in 2012,7,0.1,Nov/27/2011 13:46:06
752308,2012.PRES.CHRISTIE,Chris Christie to be elected President in 2012,16,0.1,Nov/28/2011 20:03:37
752308,2012.PRES.CHRISTIE,Chris Christie to be elected President in 2012,285,0.1,Nov/28/2011 23:25:53
752308,2012.PRES.CHRISTIE,Chris Christie to be elected President in 2012,13,0.1,Nov/30/2011 23:48:23
752308,2012.PRES.CHRISTIE,Chris Christie to be elected President in 2012,10,0.1,Dec/02/2011 17:32:39
752308,2012.PRES.CHRISTIE,Chris Christie to be elected President in 2012,482,0.1,Dec/02/2011 17:35:31
752308,2012.PRES.CHRISTIE,Chris Christie to be elected President in 2012,20,0.1,Dec/02/2011 17:35:31
752308,2012.PRES.CHRISTIE,Chris Christie to be elected President in 2012,200,0.1,Dec/02/2011 17:35:31
752308,2012.PRES.CHRISTIE,Chris Christie to be elected President in 2012,3000,0.1,Dec/02/2011 17:35:31
752308,2012.PRES.CHRISTIE,Chris Christie to be elected President in 2012,5,0.1,Dec/02/2011 17:35:31
752308,2012.PRES.CHRISTIE,Chris Christie to be elected President in 2012,2515,0.1,Dec/02/2011 17:40:40
752308,2012.PRES.CHRISTIE,Chris Christie to be elected President in 2012,1,0.2,Dec/02/2011 18:40:03
752308,2012.PRES.CHRISTIE,Chris Christie to be elected President in 2012,2485,0.1,Dec/03/2011 06:55:58
752308,2012.PRES.CHRISTIE,Chris Christie to be elected President in 2012,20,0.1,Dec/05/2011 16:24:19
752308,2012.PRES.CHRISTIE,Chris Christie to be elected President in 2012,40,0.1,Dec/08/2011 02:34:24
752308,2012.PRES.CHRISTIE,Chris Christie to be elected President in 2012,277,0.1,Dec/10/2011 20:22:57
752308,2012.PRES.CHRISTIE,Chris Christie to be elected President in 2012,6,0.1,Dec/10/2011 20:22:57
752308,2012.PRES.CHRISTIE,Chris Christie to be elected President in 2012,1,0.1,Dec/10/2011 20:22:57
752308,2012.PRES.CHRISTIE,Chris Christie to be elected President in 2012,1,0.1,Dec/10/2011 20:22:57
752308,2012.PRES.CHRISTIE,Chris Christie to be elected President in 2012,2,0.1,Dec/10/2011 20:22:57
752308,2012.PRES.CHRISTIE,Chris Christie to be elected President in 2012,100,0.1,Dec/10/2011 20:22:57
752308,2012.PRES.CHRISTIE,Chris Christie to be elected President in 2012,4,0.1,Dec/10/2011 20:22:57
752308,2012.PRES.CHRISTIE,Chris Christie to be elected President in 2012,100,0.1,Dec/10/2011 20:22:57
752308,2012.PRES.CHRISTIE,Chris Christie to be elected President in 2012,6,0.1,Dec/10/2011 20:22:57
752308,2012.PRES.CHRISTIE,Chris Christie to be elected President in 2012,103,0.1,Dec/10/2011 20:22:57
752308,2012.PRES.CHRISTIE,Chris Christie to be elected President in 2012,5,0.1,Dec/10/2011 20:22:57
752308,2012.PRES.CHRISTIE,Chris Christie to be elected President in 2012,100,0.1,Dec/10/2011 20:22:57
752308,2012.PRES.CHRISTIE,Chris Christie to be elected President in 2012,10,0.2,Dec/14/2011 07:36:46
752308,2012.PRES.CHRISTIE,Chris Christie to be elected President in 2012,90,0.2,Dec/14/2011 19:01:00
752308,2012.PRES.CHRISTIE,Chris Christie to be elected President in 2012,500,0.2,Dec/16/2011 00:26:21
752308,2012.PRES.CHRISTIE,Chris Christie to be elected President in 2012,400,0.2,Dec/16/2011 20:22:42
752308,2012.PRES.CHRISTIE,Chris Christie to be elected President in 2012,220,0.2,Dec/16/2011 20:22:42
752308,2012.PRES.CHRISTIE,Chris Christie to be elected President in 2012,100,0.2,Dec/16/2011 20:22:42
752308,2012.PRES.CHRISTIE,Chris Christie to be elected President in 2012,50,0.2,Dec/16/2011 20:22:42
752308,2012.PRES.CHRISTIE,Chris Christie to be elected President in 2012,50,0.2,Dec/16/2011 20:22:42
752308,2012.PRES.CHRISTIE,Chris Christie to be elected President in 2012,50,0.2,Dec/16/2011 20:22:42
752308,2012.PRES.CHRISTIE,Chris Christie to be elected President in 2012,1,0.2,Dec/16/2011 20:22:42
752308,2012.PRES.CHRISTIE,Chris Christie to be elected President in 2012,50,0.2,Dec/16/2011 20:22:42
752308,2012.PRES.CHRISTIE,Chris Christie to be elected President in 2012,79,0.2,Dec/16/2011 20:22:42
752308,2012.PRES.CHRISTIE,Chris Christie to be elected President in 2012,71,0.2,Dec/18/2011 17:23:46
752308,2012.PRES.CHRISTIE,Chris Christie to be elected President in 2012,50,0.2,Dec/18/2011 17:23:46
752308,2012.PRES.CHRISTIE,Chris Christie to be elected President in 2012,50,0.2,Dec/18/2011 17:23:46
752308,2012.PRES.CHRISTIE,Chris Christie to be elected President in 2012,50,0.2,Dec/18/2011 17:23:46
752308,2012.PRES.CHRISTIE,Chris Christie to be elected President in 2012,1,0.2,Dec/18/2011 17:23:46
752308,2012.PRES.CHRISTIE,Chris Christie to be elected President in 2012,50,0.2,Dec/18/2011 17:23:46
752308,2012.PRES.CHRISTIE,Chris Christie to be elected President in 2012,230,0.2,Dec/18/2011 17:23:46
752308,2012.PRES.CHRISTIE,Chris Christie to be elected President in 2012,3,0.2,Dec/20/2011 10:58:34
752308,2012.PRES.CHRISTIE,Chris Christie to be elected President in 2012,100,0.2,Dec/22/2011 10:08:03
752308,2012.PRES.CHRISTIE,Chris Christie to be elected President in 2012,117,0.2,Dec/25/2011 22:19:22
752308,2012.PRES.CHRISTIE,Chris Christie to be elected President in 2012,50,0.2,Dec/25/2011 22:19:22
752308,2012.PRES.CHRISTIE,Chris Christie to be elected President in 2012,1,0.2,Dec/25/2011 22:19:22
752308,2012.PRES.CHRISTIE,Chris Christie to be elected President in 2012,100,0.2,Dec/25/2011 22:19:22
752308,2012.PRES.CHRISTIE,Chris Christie to be elected President in 2012,32,0.2,Dec/25/2011 22:19:22
752308,2012.PRES.CHRISTIE,Chris Christie to be elected President in 2012,18,0.2,Dec/25/2011 22:21:01
752308,2012.PRES.CHRISTIE,Chris Christie to be elected President in 2012,100,0.2,Dec/25/2011 22:21:01
752308,2012.PRES.CHRISTIE,Chris Christie to be elected President in 2012,41,0.2,Dec/25/2011 22:21:01
752308,2012.PRES.CHRISTIE,Chris Christie to be elected President in 2012,41,0.2,Dec/25/2011 22:21:01
752308,2012.PRES.CHRISTIE,Chris Christie to be elected President in 2012,10,0.1,Dec/29/2011 19:28:26
752308,2012.PRES.CHRISTIE,Chris Christie to be elected President in 2012,1,0.2,Dec/30/2011 09:18:59
752308,2012.PRES.CHRISTIE,Chris Christie to be elected President in 2012,310,0.1,Jan/02/2012 22:41:20
752308,2012.PRES.CHRISTIE,Chris Christie to be elected President in 2012,5,0.1,Jan/05/2012 05:14:00
752308,2012.PRES.CHRISTIE,Chris Christie to be elected President in 2012,15,0.1,Jan/05/2012 05:15:05
752308,2012.PRES.CHRISTIE,Chris Christie to be elected President in 2012,148,0.1,Jan/06/2012 22:19:21
752308,2012.PRES.CHRISTIE,Chris Christie to be elected President in 2012,3,0.1,Jan/06/2012 22:19:21
752308,2012.PRES.CHRISTIE,Chris Christie to be elected President in 2012,1,0.1,Jan/06/2012 22:19:21
752308,2012.PRES.CHRISTIE,Chris Christie to be elected President in 2012,11,0.1,Jan/06/2012 22:19:21
752308,2012.PRES.CHRISTIE,Chris Christie to be elected President in 2012,37,0.1,Jan/06/2012 22:19:21
752308,2012.PRES.CHRISTIE,Chris Christie to be elected President in 2012,99,0.1,Jan/08/2012 05:16:20
752308,2012.PRES.CHRISTIE,Chris Christie to be elected President in 2012,864,0.1,Jan/11/2012 08:17:21
752308,2012.PRES.CHRISTIE,Chris Christie to be elected President in 2012,8,0.1,Jan/11/2012 08:17:21
752308,2012.PRES.CHRISTIE,Chris Christie to be elected President in 2012,128,0.1,Jan/11/2012 08:17:21
752308,2012.PRES.CHRISTIE,Chris Christie to be elected President in 2012,500,0.1,Jan/11/2012 08:17:38
752308,2012.PRES.CHRISTIE,Chris Christie to be elected President in 2012,6,0.1,Jan/14/2012 19:46:14
752308,2012.PRES.CHRISTIE,Chris Christie to be elected President in 2012,6,0.1,Jan/14/2012 19:46:14
752308,2012.PRES.CHRISTIE,Chris Christie to be elected President in 2012,488,0.1,Jan/14/2012 19:46:14
752308,2012.PRES.CHRISTIE,Chris Christie to be elected President in 2012,50,0.1,Jan/15/2012 17:58:39
752308,2012.PRES.CHRISTIE,Chris Christie to be elected President in 2012,701,0.1,Jan/19/2012 22:03:26
752308,2012.PRES.CHRISTIE,Chris Christie to be elected President in 2012,12,0.1,Jan/19/2012 22:03:26
752308,2012.PRES.CHRISTIE,Chris Christie to be elected President in 2012,1,0.1,Jan/19/2012 22:03:26
752308,2012.PRES.CHRISTIE,Chris Christie to be elected President in 2012,500,0.1,Jan/19/2012 22:03:26
752308,2012.PRES.CHRISTIE,Chris Christie to be elected President in 2012,126,0.1,Jan/19/2012 22:03:26
752308,2012.PRES.CHRISTIE,Chris Christie to be elected President in 2012,45,0.1,Jan/19/2012 22:03:26
752308,2012.PRES.CHRISTIE,Chris Christie to be elected President in 2012,400,0.1,Jan/19/2012 22:04:07
752308,2012.PRES.CHRISTIE,Chris Christie to be elected President in 2012,50,0.1,Jan/19/2012 23:22:34
752308,2012.PRES.CHRISTIE,Chris Christie to be elected President in 2012,5,0.1,Jan/20/2012 15:24:42
752308,2012.PRES.CHRISTIE,Chris Christie to be elected President in 2012,138,0.1,Jan/20/2012 15:24:42
752308,2012.PRES.CHRISTIE,Chris Christie to be elected President in 2012,1,0.1,Jan/20/2012 15:24:42
752308,2012.PRES.CHRISTIE,Chris Christie to be elected President in 2012,8,0.2,Jan/20/2012 15:30:45
752308,2012.PRES.CHRISTIE,Chris Christie to be elected President in 2012,50,0.2,Jan/20/2012 15:30:45
752308,2012.PRES.CHRISTIE,Chris Christie to be elected President in 2012,50,0.2,Jan/20/2012 15:30:45
752308,2012.PRES.CHRISTIE,Chris Christie to be elected President in 2012,500,0.2,Jan/20/2012 15:30:45
752308,2012.PRES.CHRISTIE,Chris Christie to be elected President in 2012,310,0.2,Jan/20/2012 15:30:45
752308,2012.PRES.CHRISTIE,Chris Christie to be elected President in 2012,1,0.2,Jan/20/2012 15:30:45
752308,2012.PRES.CHRISTIE,Chris Christie to be elected President in 2012,12,0.1,Jan/20/2012 23:38:08
752308,2012.PRES.CHRISTIE,Chris Christie to be elected President in 2012,7,0.3,Jan/22/2012 14:16:47
752308,2012.PRES.CHRISTIE,Chris Christie to be elected President in 2012,1,0.3,Jan/22/2012 14:16:47
752308,2012.PRES.CHRISTIE,Chris Christie to be elected President in 2012,10,0.3,Jan/22/2012 14:16:47
752308,2012.PRES.CHRISTIE,Chris Christie to be elected President in 2012,9,0.3,Jan/22/2012 14:16:47
752308,2012.PRES.CHRISTIE,Chris Christie to be elected President in 2012,3,0.4,Jan/22/2012 14:17:02
752308,2012.PRES.CHRISTIE,Chris Christie to be elected President in 2012,1,0.4,Jan/22/2012 14:17:02
752308,2012.PRES.CHRISTIE,Chris Christie to be elected President in 2012,50,0.4,Jan/22/2012 14:17:02
752308,2012.PRES.CHRISTIE,Chris Christie to be elected President in 2012,180,0.4,Jan/22/2012 14:17:02
752308,2012.PRES.CHRISTIE,Chris Christie to be elected President in 2012,200,0.5,Jan/22/2012 14:17:15
752308,2012.PRES.CHRISTIE,Chris Christie to be elected President in 2012,1,0.5,Jan/22/2012 14:17:15
752308,2012.PRES.CHRISTIE,Chris Christie to be elected President in 2012,20,0.4,Jan/22/2012 18:34:00
752308,2012.PRES.CHRISTIE,Chris Christie to be elected President in 2012,1,0.4,Jan/22/2012 18:34:00
752308,2012.PRES.CHRISTIE,Chris Christie to be elected President in 2012,20,0.5,Jan/22/2012 18:34:18
752308,2012.PRES.CHRISTIE,Chris Christie to be elected President in 2012,1,0.5,Jan/22/2012 18:34:18
752308,2012.PRES.CHRISTIE,Chris Christie to be elected President in 2012,50,0.5,Jan/22/2012 18:34:18
752308,2012.PRES.CHRISTIE,Chris Christie to be elected President in 2012,50,0.5,Jan/22/2012 18:34:18
752308,2012.PRES.CHRISTIE,Chris Christie to be elected President in 2012,5,0.2,Jan/22/2012 19:49:08
752308,2012.PRES.CHRISTIE,Chris Christie to be elected President in 2012,20,0.4,Jan/23/2012 03:17:23
752308,2012.PRES.CHRISTIE,Chris Christie to be elected President in 2012,5,0.4,Jan/23/2012 03:17:23
752308,2012.PRES.CHRISTIE,Chris Christie to be elected President in 2012,25,0.4,Jan/23/2012 12:44:55
752308,2012.PRES.CHRISTIE,Chris Christie to be elected President in 2012,2,0.2,Jan/23/2012 15:08:41
752308,2012.PRES.CHRISTIE,Chris Christie to be elected President in 2012,5,0.2,Jan/23/2012 16:51:48
752308,2012.PRES.CHRISTIE,Chris Christie to be elected President in 2012,50,0.2,Jan/23/2012 17:02:56
752308,2012.PRES.CHRISTIE,Chris Christie to be elected President in 2012,15,0.2,Jan/23/2012 17:07:55
752308,2012.PRES.CHRISTIE,Chris Christie to be elected President in 2012,15,0.2,Jan/23/2012 17:08:41
752308,2012.PRES.CHRISTIE,Chris Christie to be elected President in 2012,13,0.2,Jan/23/2012 17:09:11
752308,2012.PRES.CHRISTIE,Chris Christie to be elected President in 2012,50,0.3,Jan/23/2012 22:12:51
752308,2012.PRES.CHRISTIE,Chris Christie to be elected President in 2012,1,0.3,Jan/23/2012 22:12:51
752308,2012.PRES.CHRISTIE,Chris Christie to be elected President in 2012,449,0.3,Jan/23/2012 22:12:51
752308,2012.PRES.CHRISTIE,Chris Christie to be elected President in 2012,27,0.2,Jan/23/2012 22:28:57
752308,2012.PRES.CHRISTIE,Chris Christie to be elected President in 2012,27,0.3,Jan/24/2012 04:37:21
752308,2012.PRES.CHRISTIE,Chris Christie to be elected President in 2012,100,0.3,Jan/24/2012 04:37:21
752308,2012.PRES.CHRISTIE,Chris Christie to be elected President in 2012,1,0.3,Jan/24/2012 04:37:21
752308,2012.PRES.CHRISTIE,Chris Christie to be elected President in 2012,1,0.4,Jan/24/2012 04:38:18
752308,2012.PRES.CHRISTIE,Chris Christie to be elected President in 2012,100,0.4,Jan/24/2012 04:38:18
752308,2012.PRES.CHRISTIE,Chris Christie to be elected President in 2012,7,0.4,Jan/24/2012 04:38:18
752308,2012.PRES.CHRISTIE,Chris Christie to be elected President in 2012,50,0.5,Jan/24/2012 04:38:52
752308,2012.PRES.CHRISTIE,Chris Christie to be elected President in 2012,1,0.5,Jan/24/2012 04:38:52
752308,2012.PRES.CHRISTIE,Chris Christie to be elected President in 2012,30,0.3,Jan/24/2012 21:48:30
752308,2012.PRES.CHRISTIE,Chris Christie to be elected President in 2012,1,0.3,Jan/24/2012 21:48:30
752308,2012.PRES.CHRISTIE,Chris Christie to be elected President in 2012,50,0.2,Jan/24/2012 23:34:12
752308,2012.PRES.CHRISTIE,Chris Christie to be elected President in 2012,50,0.3,Jan/25/2012 14:19:26
752308,2012.PRES.CHRISTIE,Chris Christie to be elected President in 2012,19,0.4,Jan/25/2012 14:19:40
752308,2012.PRES.CHRISTIE,Chris Christie to be elected President in 2012,12,0.4,Jan/25/2012 14:19:40
752308,2012.PRES.CHRISTIE,Chris Christie to be elected President in 2012,20,0.4,Jan/25/2012 14:19:40
752308,2012.PRES.CHRISTIE,Chris Christie to be elected President in 2012,1,0.4,Jan/25/2012 14:19:40
752308,2012.PRES.CHRISTIE,Chris Christie to be elected President in 2012,200,0.4,Jan/25/2012 14:19:40
752308,2012.PRES.CHRISTIE,Chris Christie to be elected President in 2012,1,0.2,Jan/25/2012 20:42:27
752308,2012.PRES.CHRISTIE,Chris Christie to be elected President in 2012,1,0.2,Jan/25/2012 20:42:43
752308,2012.PRES.CHRISTIE,Chris Christie to be elected President in 2012,5,0.3,Jan/25/2012 21:30:48
752308,2012.PRES.CHRISTIE,Chris Christie to be elected President in 2012,1,0.3,Jan/25/2012 21:30:48
752308,2012.PRES.CHRISTIE,Chris Christie to be elected President in 2012,50,0.3,Jan/25/2012 21:30:48
752308,2012.PRES.CHRISTIE,Chris Christie to be elected President in 2012,5,0.4,Jan/26/2012 07:45:34
752308,2012.PRES.CHRISTIE,Chris Christie to be elected President in 2012,1,0.4,Jan/26/2012 07:45:34
752308,2012.PRES.CHRISTIE,Chris Christie to be elected President in 2012,100,0.4,Jan/26/2012 07:45:34
752308,2012.PRES.CHRISTIE,Chris Christie to be elected President in 2012,50,0.3,Jan/26/2012 14:20:11
752308,2012.PRES.CHRISTIE,Chris Christie to be elected President in 2012,20,0.3,Jan/26/2012 15:29:56
752308,2012.PRES.CHRISTIE,Chris Christie to be elected President in 2012,20,0.3,Jan/26/2012 17:03:38
752308,2012.PRES.CHRISTIE,Chris Christie to be elected President in 2012,25,0.2,Jan/27/2012 05:47:11
752308,2012.PRES.CHRISTIE,Chris Christie to be elected President in 2012,173,0.5,Jan/27/2012 14:42:38
752308,2012.PRES.CHRISTIE,Chris Christie to be elected President in 2012,127,0.4,Jan/27/2012 14:42:38
752308,2012.PRES.CHRISTIE,Chris Christie to be elected President in 2012,100,0.4,Jan/27/2012 14:42:38
752308,2012.PRES.CHRISTIE,Chris Christie to be elected President in 2012,9,0.2,Jan/28/2012 10:53:23
752308,2012.PRES.CHRISTIE,Chris Christie to be elected President in 2012,100,0.2,Jan/28/2012 16:27:05
752308,2012.PRES.CHRISTIE,Chris Christie to be elected President in 2012,9,0.2,Jan/28/2012 16:52:27
752308,2012.PRES.CHRISTIE,Chris Christie to be elected President in 2012,55,0.2,Jan/28/2012 18:12:38
752308,2012.PRES.CHRISTIE,Chris Christie to be elected President in 2012,50,0.1,Jan/28/2012 21:19:49
752308,2012.PRES.CHRISTIE,Chris Christie to be elected President in 2012,100,0.2,Jan/30/2012 16:08:14
752308,2012.PRES.CHRISTIE,Chris Christie to be elected President in 2012,1,0.2,Jan/31/2012 20:46:26
752308,2012.PRES.CHRISTIE,Chris Christie to be elected President in 2012,49,0.2,Jan/31/2012 20:46:26
752308,2012.PRES.CHRISTIE,Chris Christie to be elected President in 2012,5,0.1,Feb/01/2012 21:25:21
752308,2012.PRES.CHRISTIE,Chris Christie to be elected President in 2012,50,0.1,Feb/02/2012 05:05:32
752308,2012.PRES.CHRISTIE,Chris Christie to be elected President in 2012,2,0.1,Feb/02/2012 22:58:44
752308,2012.PRES.CHRISTIE,Chris Christie to be elected President in 2012,1,0.1,Feb/03/2012 18:06:06
752308,2012.PRES.CHRISTIE,Chris Christie to be elected President in 2012,9,0.1,Feb/03/2012 20:08:48
752308,2012.PRES.CHRISTIE,Chris Christie to be elected President in 2012,26,0.1,Feb/06/2012 13:29:25
752308,2012.PRES.CHRISTIE,Chris Christie to be elected President in 2012,9,0.1,Feb/07/2012 11:31:49
752308,2012.PRES.CHRISTIE,Chris Christie to be elected President in 2012,50,0.1,Feb/07/2012 11:36:29
752308,2012.PRES.CHRISTIE,Chris Christie to be elected President in 2012,10,0.1,Feb/07/2012 16:37:47
752308,2012.PRES.CHRISTIE,Chris Christie to be elected President in 2012,62,0.2,Feb/08/2012 15:27:25
752308,2012.PRES.CHRISTIE,Chris Christie to be elected President in 2012,20,0.2,Feb/08/2012 15:27:25
752308,2012.PRES.CHRISTIE,Chris Christie to be elected President in 2012,318,0.2,Feb/08/2012 15:27:25
752308,2012.PRES.CHRISTIE,Chris Christie to be elected President in 2012,100,0.1,Feb/08/2012 18:36:30
752308,2012.PRES.CHRISTIE,Chris Christie to be elected President in 2012,9,0.1,Feb/08/2012 20:20:03
752308,2012.PRES.CHRISTIE,Chris Christie to be elected President in 2012,10,0.1,Feb/08/2012 20:24:46
752308,2012.PRES.CHRISTIE,Chris Christie to be elected President in 2012,182,0.2,Feb/09/2012 02:42:59
752308,2012.PRES.CHRISTIE,Chris Christie to be elected President in 2012,1,0.2,Feb/09/2012 02:42:59
752308,2012.PRES.CHRISTIE,Chris Christie to be elected President in 2012,45,0.2,Feb/09/2012 02:42:59
752308,2012.PRES.CHRISTIE,Chris Christie to be elected President in 2012,100,0.2,Feb/09/2012 02:42:59
752308,2012.PRES.CHRISTIE,Chris Christie to be elected President in 2012,12,0.2,Feb/09/2012 02:42:59
752308,2012.PRES.CHRISTIE,Chris Christie to be elected President in 2012,25,0.2,Feb/09/2012 02:42:59
752308,2012.PRES.CHRISTIE,Chris Christie to be elected President in 2012,26,0.2,Feb/09/2012 02:42:59
752308,2012.PRES.CHRISTIE,Chris Christie to be elected President in 2012,59,0.2,Feb/09/2012 02:42:59
752308,2012.PRES.CHRISTIE,Chris Christie to be elected President in 2012,10,0.2,Feb/09/2012 02:42:59
752308,2012.PRES.CHRISTIE,Chris Christie to be elected President in 2012,200,0.2,Feb/09/2012 02:42:59
752308,2012.PRES.CHRISTIE,Chris Christie to be elected President in 2012,2,0.2,Feb/09/2012 02:42:59
752308,2012.PRES.CHRISTIE,Chris Christie to be elected President in 2012,500,0.2,Feb/09/2012 02:42:59
752308,2012.PRES.CHRISTIE,Chris Christie to be elected President in 2012,80,0.2,Feb/09/2012 02:42:59
752308,2012.PRES.CHRISTIE,Chris Christie to be elected President in 2012,50,0.2,Feb/09/2012 02:42:59
752308,2012.PRES.CHRISTIE,Chris Christie to be elected President in 2012,19,0.2,Feb/09/2012 02:42:59
752308,2012.PRES.CHRISTIE,Chris Christie to be elected President in 2012,189,0.2,Feb/09/2012 02:51:53
752308,2012.PRES.CHRISTIE,Chris Christie to be elected President in 2012,20,0.2,Feb/10/2012 15:49:39
752308,2012.PRES.CHRISTIE,Chris Christie to be elected President in 2012,20,0.2,Feb/10/2012 15:50:47
752308,2012.PRES.CHRISTIE,Chris Christie to be elected President in 2012,20,0.2,Feb/10/2012 15:51:16
752308,2012.PRES.CHRISTIE,Chris Christie to be elected President in 2012,17,0.2,Feb/10/2012 15:51:26
752308,2012.PRES.CHRISTIE,Chris Christie to be elected President in 2012,3,0.2,Feb/10/2012 15:51:26
752308,2012.PRES.CHRISTIE,Chris Christie to be elected President in 2012,100,0.2,Feb/10/2012 15:52:02
752308,2012.PRES.CHRISTIE,Chris Christie to be elected President in 2012,50,0.2,Feb/10/2012 16:15:53
752308,2012.PRES.CHRISTIE,Chris Christie to be elected President in 2012,770,0.2,Feb/10/2012 17:27:19
752308,2012.PRES.CHRISTIE,Chris Christie to be elected President in 2012,1,0.2,Feb/10/2012 17:27:19
752308,2012.PRES.CHRISTIE,Chris Christie to be elected President in 2012,100,0.2,Feb/10/2012 17:27:19
752308,2012.PRES.CHRISTIE,Chris Christie to be elected President in 2012,1,0.2,Feb/10/2012 17:28:02
752308,2012.PRES.CHRISTIE,Chris Christie to be elected President in 2012,5,0.2,Feb/10/2012 17:28:13
752308,2012.PRES.CHRISTIE,Chris Christie to be elected President in 2012,2,0.2,Feb/10/2012 17:28:34
752308,2012.PRES.CHRISTIE,Chris Christie to be elected President in 2012,1,0.2,Feb/10/2012 17:28:55
752308,2012.PRES.CHRISTIE,Chris Christie to be elected President in 2012,5,0.2,Feb/10/2012 17:29:26
752308,2012.PRES.CHRISTIE,Chris Christie to be elected President in 2012,1,0.2,Feb/10/2012 17:30:22
752308,2012.PRES.CHRISTIE,Chris Christie to be elected President in 2012,5,0.2,Feb/10/2012 17:31:32
752308,2012.PRES.CHRISTIE,Chris Christie to be elected President in 2012,4,0.2,Feb/10/2012 17:32:16
752308,2012.PRES.CHRISTIE,Chris Christie to be elected President in 2012,100,0.2,Feb/10/2012 17:35:51
752308,2012.PRES.CHRISTIE,Chris Christie to be elected President in 2012,1,0.2,Feb/10/2012 17:43:53
752308,2012.PRES.CHRISTIE,Chris Christie to be elected President in 2012,100,0.3,Feb/10/2012 17:45:23
752308,2012.PRES.CHRISTIE,Chris Christie to be elected President in 2012,4,0.2,Feb/10/2012 17:46:05
752308,2012.PRES.CHRISTIE,Chris Christie to be elected President in 2012,200,0.3,Feb/11/2012 06:18:23
752308,2012.PRES.CHRISTIE,Chris Christie to be elected President in 2012,560,0.3,Feb/11/2012 06:18:23
752308,2012.PRES.CHRISTIE,Chris Christie to be elected President in 2012,1,0.3,Feb/11/2012 06:18:23
752308,2012.PRES.CHRISTIE,Chris Christie to be elected President in 2012,239,0.3,Feb/11/2012 06:18:23
752308,2012.PRES.CHRISTIE,Chris Christie to be elected President in 2012,9,0.3,Feb/11/2012 06:18:23
752308,2012.PRES.CHRISTIE,Chris Christie to be elected President in 2012,200,0.2,Feb/11/2012 06:18:23
752308,2012.PRES.CHRISTIE,Chris Christie to be elected President in 2012,1,0.2,Feb/11/2012 06:18:23
752308,2012.PRES.CHRISTIE,Chris Christie to be elected President in 2012,1000,0.4,Feb/11/2012 10:39:25
752308,2012.PRES.CHRISTIE,Chris Christie to be elected President in 2012,500,0.3,Feb/11/2012 10:39:25
752308,2012.PRES.CHRISTIE,Chris Christie to be elected President in 2012,1,0.3,Feb/11/2012 10:39:25
752308,2012.PRES.CHRISTIE,Chris Christie to be elected President in 2012,6,0.2,Feb/11/2012 15:26:22
752308,2012.PRES.CHRISTIE,Chris Christie to be elected President in 2012,5,0.2,Feb/11/2012 15:45:11
752308,2012.PRES.CHRISTIE,Chris Christie to be elected President in 2012,3,0.2,Feb/11/2012 15:45:53
752308,2012.PRES.CHRISTIE,Chris Christie to be elected President in 2012,47,0.2,Feb/11/2012 16:00:06
752308,2012.PRES.CHRISTIE,Chris Christie to be elected President in 2012,5,0.2,Feb/11/2012 16:02:27
752308,2012.PRES.CHRISTIE,Chris Christie to be elected President in 2012,11,0.2,Feb/11/2012 16:02:58
752308,2012.PRES.CHRISTIE,Chris Christie to be elected President in 2012,16,0.2,Feb/11/2012 16:03:30
752308,2012.PRES.CHRISTIE,Chris Christie to be elected President in 2012,5,0.2,Feb/11/2012 16:07:18
752308,2012.PRES.CHRISTIE,Chris Christie to be elected President in 2012,1,0.2,Feb/11/2012 16:07:54
752308,2012.PRES.CHRISTIE,Chris Christie to be elected President in 2012,4,0.2,Feb/11/2012 16:08:45
752308,2012.PRES.CHRISTIE,Chris Christie to be elected President in 2012,4,0.2,Feb/11/2012 16:09:26
752308,2012.PRES.CHRISTIE,Chris Christie to be elected President in 2012,1,0.2,Feb/11/2012 16:09:47
752308,2012.PRES.CHRISTIE,Chris Christie to be elected President in 2012,1,0.2,Feb/11/2012 16:11:38
752308,2012.PRES.CHRISTIE,Chris Christie to be elected President in 2012,4,0.2,Feb/11/2012 16:12:49
752308,2012.PRES.CHRISTIE,Chris Christie to be elected President in 2012,1,0.2,Feb/11/2012 16:14:34
752308,2012.PRES.CHRISTIE,Chris Christie to be elected President in 2012,3,0.2,Feb/11/2012 16:14:52
752308,2012.PRES.CHRISTIE,Chris Christie to be elected President in 2012,2,0.2,Feb/11/2012 16:15:16
752308,2012.PRES.CHRISTIE,Chris Christie to be elected President in 2012,19,0.2,Feb/11/2012 16:16:20
752308,2012.PRES.CHRISTIE,Chris Christie to be elected President in 2012,5,0.2,Feb/11/2012 16:17:07
752308,2012.PRES.CHRISTIE,Chris Christie to be elected President in 2012,5,0.2,Feb/11/2012 16:17:30
752308,2012.PRES.CHRISTIE,Chris Christie to be elected President in 2012,4,0.2,Feb/11/2012 16:17:46
752308,2012.PRES.CHRISTIE,Chris Christie to be elected President in 2012,5,0.2,Feb/11/2012 16:19:17
752308,2012.PRES.CHRISTIE,Chris Christie to be elected President in 2012,5,0.2,Feb/11/2012 16:19:34
752308,2012.PRES.CHRISTIE,Chris Christie to be elected President in 2012,5,0.2,Feb/11/2012 16:20:55
752308,2012.PRES.CHRISTIE,Chris Christie to be elected President in 2012,5,0.2,Feb/11/2012 16:21:32
752308,2012.PRES.CHRISTIE,Chris Christie to be elected President in 2012,11,0.2,Feb/11/2012 16:21:58
752308,2012.PRES.CHRISTIE,Chris Christie to be elected President in 2012,5,0.2,Feb/11/2012 16:22:14
752308,2012.PRES.CHRISTIE,Chris Christie to be elected President in 2012,5,0.2,Feb/11/2012 16:22:36
752308,2012.PRES.CHRISTIE,Chris Christie to be elected President in 2012,5,0.2,Feb/11/2012 16:22:52
752308,2012.PRES.CHRISTIE,Chris Christie to be elected President in 2012,4,0.2,Feb/11/2012 16:23:23
752308,2012.PRES.CHRISTIE,Chris Christie to be elected President in 2012,6,0.2,Feb/11/2012 16:25:56
752308,2012.PRES.CHRISTIE,Chris Christie to be elected President in 2012,2,0.2,Feb/11/2012 16:26:43
752308,2012.PRES.CHRISTIE,Chris Christie to be elected President in 2012,8,0.2,Feb/11/2012 16:28:51
752308,2012.PRES.CHRISTIE,Chris Christie to be elected President in 2012,2,0.2,Feb/11/2012 16:29:37
752308,2012.PRES.CHRISTIE,Chris Christie to be elected President in 2012,3,0.2,Feb/11/2012 16:40:26
752308,2012.PRES.CHRISTIE,Chris Christie to be elected President in 2012,5,0.2,Feb/11/2012 16:41:53
752308,2012.PRES.CHRISTIE,Chris Christie to be elected President in 2012,7,0.2,Feb/11/2012 16:43:55
752308,2012.PRES.CHRISTIE,Chris Christie to be elected President in 2012,3,0.2,Feb/11/2012 16:44:31
752308,2012.PRES.CHRISTIE,Chris Christie to be elected President in 2012,4,0.2,Feb/11/2012 16:44:47
752308,2012.PRES.CHRISTIE,Chris Christie to be elected President in 2012,3,0.2,Feb/11/2012 16:45:38
752308,2012.PRES.CHRISTIE,Chris Christie to be elected President in 2012,10,0.2,Feb/11/2012 16:51:10
752308,2012.PRES.CHRISTIE,Chris Christie to be elected President in 2012,4,0.2,Feb/11/2012 16:55:21
752308,2012.PRES.CHRISTIE,Chris Christie to be elected President in 2012,3,0.2,Feb/11/2012 17:06:08
752308,2012.PRES.CHRISTIE,Chris Christie to be elected President in 2012,11,0.2,Feb/11/2012 17:14:52
752308,2012.PRES.CHRISTIE,Chris Christie to be elected President in 2012,2,0.2,Feb/11/2012 17:15:43
752308,2012.PRES.CHRISTIE,Chris Christie to be elected President in 2012,3,0.2,Feb/11/2012 17:23:39
752308,2012.PRES.CHRISTIE,Chris Christie to be elected President in 2012,1,0.2,Feb/11/2012 17:24:41
752308,2012.PRES.CHRISTIE,Chris Christie to be elected President in 2012,11,0.3,Feb/11/2012 20:13:22
752308,2012.PRES.CHRISTIE,Chris Christie to be elected President in 2012,1,0.3,Feb/11/2012 20:13:22
752308,2012.PRES.CHRISTIE,Chris Christie to be elected President in 2012,4,0.3,Feb/11/2012 20:13:22
752308,2012.PRES.CHRISTIE,Chris Christie to be elected President in 2012,9,0.3,Feb/11/2012 20:29:32
752308,2012.PRES.CHRISTIE,Chris Christie to be elected President in 2012,300,0.4,Feb/11/2012 20:39:35
752308,2012.PRES.CHRISTIE,Chris Christie to be elected President in 2012,1,0.4,Feb/11/2012 20:39:35
752308,2012.PRES.CHRISTIE,Chris Christie to be elected President in 2012,9,0.4,Feb/11/2012 20:39:35
752308,2012.PRES.CHRISTIE,Chris Christie to be elected President in 2012,200,0.5,Feb/11/2012 20:39:52
752308,2012.PRES.CHRISTIE,Chris Christie to be elected President in 2012,273,0.5,Feb/11/2012 20:39:52
752308,2012.PRES.CHRISTIE,Chris Christie to be elected President in 2012,25,0.5,Feb/11/2012 20:39:52
752308,2012.PRES.CHRISTIE,Chris Christie to be elected President in 2012,1,0.5,Feb/11/2012 20:39:52
752308,2012.PRES.CHRISTIE,Chris Christie to be elected President in 2012,39,0.6,Feb/11/2012 20:40:07
752308,2012.PRES.CHRISTIE,Chris Christie to be elected President in 2012,200,0.6,Feb/11/2012 20:40:07
752308,2012.PRES.CHRISTIE,Chris Christie to be elected President in 2012,1,0.6,Feb/11/2012 20:40:07
752308,2012.PRES.CHRISTIE,Chris Christie to be elected President in 2012,760,0.6,Feb/11/2012 20:40:07
752308,2012.PRES.CHRISTIE,Chris Christie to be elected President in 2012,50,0.7,Feb/11/2012 20:40:39
752308,2012.PRES.CHRISTIE,Chris Christie to be elected President in 2012,100,0.7,Feb/11/2012 20:40:39
752308,2012.PRES.CHRISTIE,Chris Christie to be elected President in 2012,1,0.7,Feb/11/2012 20:40:39
752308,2012.PRES.CHRISTIE,Chris Christie to be elected President in 2012,100,0.5,Feb/11/2012 21:40:34
752308,2012.PRES.CHRISTIE,Chris Christie to be elected President in 2012,25,0.7,Feb/11/2012 21:41:47
752308,2012.PRES.CHRISTIE,Chris Christie to be elected President in 2012,15,0.7,Feb/11/2012 21:41:47
752308,2012.PRES.CHRISTIE,Chris Christie to be elected President in 2012,1,0.7,Feb/11/2012 21:41:47
752308,2012.PRES.CHRISTIE,Chris Christie to be elected President in 2012,10,0.5,Feb/11/2012 21:45:56
752308,2012.PRES.CHRISTIE,Chris Christie to be elected President in 2012,15,0.5,Feb/11/2012 21:46:14
752308,2012.PRES.CHRISTIE,Chris Christie to be elected President in 2012,100,0.5,Feb/11/2012 21:48:37
