market id,market symbol,market name,trade quantity,trade price,date/time [utc]
745477,2012.PRES.BIDEN,Joe Biden to be elected President in 2012,3,3.0,Jan/12/2011 22:14:11
745477,2012.PRES.BIDEN,Joe Biden to be elected President in 2012,3,2.0,Jan/29/2011 03:29:12
745477,2012.PRES.BIDEN,Joe Biden to be elected President in 2012,5,2.1,Jan/29/2011 03:29:12
745477,2012.PRES.BIDEN,Joe Biden to be elected President in 2012,5,2.5,Jan/29/2011 03:29:12
745477,2012.PRES.BIDEN,Joe Biden to be elected President in 2012,5,2.2,Jan/29/2011 03:29:12
745477,2012.PRES.BIDEN,Joe Biden to be elected President in 2012,4,2.3,Jan/29/2011 03:29:12
745477,2012.PRES.BIDEN,Joe Biden to be elected President in 2012,2,2.0,Jan/29/2011 03:29:12
745477,2012.PRES.BIDEN,Joe Biden to be elected President in 2012,3,2.0,Feb/25/2011 23:40:31
745477,2012.PRES.BIDEN,Joe Biden to be elected President in 2012,1,1.3,Mar/10/2011 07:49:34
745477,2012.PRES.BIDEN,Joe Biden to be elected President in 2012,1,1.3,Mar/10/2011 16:12:48
745477,2012.PRES.BIDEN,Joe Biden to be elected President in 2012,10,1.4,Mar/10/2011 16:13:03
745477,2012.PRES.BIDEN,Joe Biden to be elected President in 2012,10,1.5,Mar/11/2011 17:11:08
745477,2012.PRES.BIDEN,Joe Biden to be elected President in 2012,10,1.6,Mar/11/2011 17:12:08
745477,2012.PRES.BIDEN,Joe Biden to be elected President in 2012,15,1.7,Mar/28/2011 23:55:43
745477,2012.PRES.BIDEN,Joe Biden to be elected President in 2012,12,1.6,Mar/28/2011 23:55:43
745477,2012.PRES.BIDEN,Joe Biden to be elected President in 2012,10,1.3,Apr/02/2011 07:05:49
745477,2012.PRES.BIDEN,Joe Biden to be elected President in 2012,5,1.2,Apr/03/2011 06:34:26
745477,2012.PRES.BIDEN,Joe Biden to be elected President in 2012,11,1.2,Apr/11/2011 20:14:05
745477,2012.PRES.BIDEN,Joe Biden to be elected President in 2012,40,1.3,Apr/11/2011 20:14:29
745477,2012.PRES.BIDEN,Joe Biden to be elected President in 2012,1,0.4,Apr/18/2011 03:11:12
745477,2012.PRES.BIDEN,Joe Biden to be elected President in 2012,14,0.4,Apr/18/2011 22:32:38
745477,2012.PRES.BIDEN,Joe Biden to be elected President in 2012,5,0.3,Apr/18/2011 22:34:59
745477,2012.PRES.BIDEN,Joe Biden to be elected President in 2012,5,0.3,Apr/18/2011 22:35:31
745477,2012.PRES.BIDEN,Joe Biden to be elected President in 2012,3,0.4,Apr/20/2011 18:32:55
745477,2012.PRES.BIDEN,Joe Biden to be elected President in 2012,35,0.5,Apr/20/2011 18:33:18
745477,2012.PRES.BIDEN,Joe Biden to be elected President in 2012,10,0.5,Apr/24/2011 12:38:05
745477,2012.PRES.BIDEN,Joe Biden to be elected President in 2012,10,0.5,Apr/26/2011 13:37:28
745477,2012.PRES.BIDEN,Joe Biden to be elected President in 2012,10,0.5,Apr/26/2011 13:37:28
745477,2012.PRES.BIDEN,Joe Biden to be elected President in 2012,10,0.5,Apr/26/2011 17:40:36
745477,2012.PRES.BIDEN,Joe Biden to be elected President in 2012,10,0.5,Apr/26/2011 17:40:36
745477,2012.PRES.BIDEN,Joe Biden to be elected President in 2012,10,0.5,Apr/27/2011 05:08:26
745477,2012.PRES.BIDEN,Joe Biden to be elected President in 2012,3,0.3,May/02/2011 03:54:29
745477,2012.PRES.BIDEN,Joe Biden to be elected President in 2012,3,0.3,May/02/2011 03:54:47
745477,2012.PRES.BIDEN,Joe Biden to be elected President in 2012,4,0.3,May/02/2011 03:54:48
745477,2012.PRES.BIDEN,Joe Biden to be elected President in 2012,10,0.4,May/05/2011 08:01:13
745477,2012.PRES.BIDEN,Joe Biden to be elected President in 2012,10,0.4,May/05/2011 08:01:13
745477,2012.PRES.BIDEN,Joe Biden to be elected President in 2012,10,0.5,May/05/2011 08:01:32
745477,2012.PRES.BIDEN,Joe Biden to be elected President in 2012,10,0.5,May/05/2011 08:01:32
745477,2012.PRES.BIDEN,Joe Biden to be elected President in 2012,10,0.5,May/05/2011 08:01:32
745477,2012.PRES.BIDEN,Joe Biden to be elected President in 2012,10,0.6,May/05/2011 14:07:47
745477,2012.PRES.BIDEN,Joe Biden to be elected President in 2012,10,0.7,May/05/2011 14:07:47
745477,2012.PRES.BIDEN,Joe Biden to be elected President in 2012,10,0.8,May/05/2011 14:07:47
745477,2012.PRES.BIDEN,Joe Biden to be elected President in 2012,10,0.9,May/05/2011 14:07:47
745477,2012.PRES.BIDEN,Joe Biden to be elected President in 2012,10,0.8,May/06/2011 03:20:06
745477,2012.PRES.BIDEN,Joe Biden to be elected President in 2012,10,0.7,May/06/2011 03:20:06
745477,2012.PRES.BIDEN,Joe Biden to be elected President in 2012,10,0.6,May/06/2011 03:20:06
745477,2012.PRES.BIDEN,Joe Biden to be elected President in 2012,10,0.5,May/06/2011 23:13:55
745477,2012.PRES.BIDEN,Joe Biden to be elected President in 2012,10,0.5,May/06/2011 23:13:55
745477,2012.PRES.BIDEN,Joe Biden to be elected President in 2012,20,0.5,May/06/2011 23:13:55
745477,2012.PRES.BIDEN,Joe Biden to be elected President in 2012,10,0.5,May/07/2011 07:19:19
745477,2012.PRES.BIDEN,Joe Biden to be elected President in 2012,4,0.6,May/07/2011 11:25:24
745477,2012.PRES.BIDEN,Joe Biden to be elected President in 2012,10,0.6,May/07/2011 11:25:24
745477,2012.PRES.BIDEN,Joe Biden to be elected President in 2012,10,0.6,May/07/2011 11:25:24
745477,2012.PRES.BIDEN,Joe Biden to be elected President in 2012,6,0.6,May/07/2011 11:25:24
745477,2012.PRES.BIDEN,Joe Biden to be elected President in 2012,50,0.5,May/08/2011 01:32:05
745477,2012.PRES.BIDEN,Joe Biden to be elected President in 2012,10,0.5,May/08/2011 01:32:05
745477,2012.PRES.BIDEN,Joe Biden to be elected President in 2012,10,0.5,May/08/2011 01:48:34
745477,2012.PRES.BIDEN,Joe Biden to be elected President in 2012,4,0.6,May/08/2011 06:26:32
745477,2012.PRES.BIDEN,Joe Biden to be elected President in 2012,10,0.6,May/08/2011 06:26:32
745477,2012.PRES.BIDEN,Joe Biden to be elected President in 2012,10,0.6,May/08/2011 06:26:32
745477,2012.PRES.BIDEN,Joe Biden to be elected President in 2012,10,0.6,May/08/2011 06:26:32
745477,2012.PRES.BIDEN,Joe Biden to be elected President in 2012,20,0.6,May/08/2011 06:26:32
745477,2012.PRES.BIDEN,Joe Biden to be elected President in 2012,10,0.6,May/09/2011 10:16:41
745477,2012.PRES.BIDEN,Joe Biden to be elected President in 2012,20,0.6,May/09/2011 10:16:41
745477,2012.PRES.BIDEN,Joe Biden to be elected President in 2012,20,0.6,May/09/2011 10:16:41
745477,2012.PRES.BIDEN,Joe Biden to be elected President in 2012,50,0.6,May/09/2011 14:19:40
745477,2012.PRES.BIDEN,Joe Biden to be elected President in 2012,5,0.6,May/09/2011 22:25:34
745477,2012.PRES.BIDEN,Joe Biden to be elected President in 2012,5,0.6,May/09/2011 22:27:12
745477,2012.PRES.BIDEN,Joe Biden to be elected President in 2012,20,0.5,May/10/2011 00:08:18
745477,2012.PRES.BIDEN,Joe Biden to be elected President in 2012,10,0.5,May/10/2011 00:37:06
745477,2012.PRES.BIDEN,Joe Biden to be elected President in 2012,10,0.6,May/10/2011 09:39:29
745477,2012.PRES.BIDEN,Joe Biden to be elected President in 2012,10,0.6,May/10/2011 09:39:29
745477,2012.PRES.BIDEN,Joe Biden to be elected President in 2012,10,0.6,May/10/2011 09:39:29
745477,2012.PRES.BIDEN,Joe Biden to be elected President in 2012,10,0.5,May/10/2011 21:48:04
745477,2012.PRES.BIDEN,Joe Biden to be elected President in 2012,10,0.6,May/11/2011 10:30:59
745477,2012.PRES.BIDEN,Joe Biden to be elected President in 2012,10,0.6,May/11/2011 10:30:59
745477,2012.PRES.BIDEN,Joe Biden to be elected President in 2012,80,0.6,May/11/2011 10:30:59
745477,2012.PRES.BIDEN,Joe Biden to be elected President in 2012,50,0.6,May/11/2011 16:00:47
745477,2012.PRES.BIDEN,Joe Biden to be elected President in 2012,10,0.6,May/11/2011 16:00:47
745477,2012.PRES.BIDEN,Joe Biden to be elected President in 2012,10,0.6,May/12/2011 08:09:03
745477,2012.PRES.BIDEN,Joe Biden to be elected President in 2012,10,0.6,May/12/2011 08:09:03
745477,2012.PRES.BIDEN,Joe Biden to be elected President in 2012,10,0.6,May/12/2011 08:09:03
745477,2012.PRES.BIDEN,Joe Biden to be elected President in 2012,10,0.6,May/12/2011 08:09:03
745477,2012.PRES.BIDEN,Joe Biden to be elected President in 2012,10,0.6,May/12/2011 08:09:03
745477,2012.PRES.BIDEN,Joe Biden to be elected President in 2012,10,0.6,May/12/2011 08:09:03
745477,2012.PRES.BIDEN,Joe Biden to be elected President in 2012,10,0.6,May/12/2011 08:09:03
745477,2012.PRES.BIDEN,Joe Biden to be elected President in 2012,10,0.6,May/12/2011 08:09:03
745477,2012.PRES.BIDEN,Joe Biden to be elected President in 2012,15,0.6,May/12/2011 19:11:39
745477,2012.PRES.BIDEN,Joe Biden to be elected President in 2012,5,0.6,May/12/2011 21:48:35
745477,2012.PRES.BIDEN,Joe Biden to be elected President in 2012,10,0.6,May/12/2011 21:48:35
745477,2012.PRES.BIDEN,Joe Biden to be elected President in 2012,10,0.6,May/12/2011 21:48:35
745477,2012.PRES.BIDEN,Joe Biden to be elected President in 2012,10,0.6,May/12/2011 21:48:35
745477,2012.PRES.BIDEN,Joe Biden to be elected President in 2012,5,0.6,May/12/2011 21:48:35
745477,2012.PRES.BIDEN,Joe Biden to be elected President in 2012,10,0.5,May/13/2011 03:13:10
745477,2012.PRES.BIDEN,Joe Biden to be elected President in 2012,10,0.6,May/13/2011 05:27:17
745477,2012.PRES.BIDEN,Joe Biden to be elected President in 2012,30,0.6,May/13/2011 05:27:17
745477,2012.PRES.BIDEN,Joe Biden to be elected President in 2012,10,0.6,May/13/2011 20:29:27
745477,2012.PRES.BIDEN,Joe Biden to be elected President in 2012,10,0.6,May/13/2011 20:29:27
745477,2012.PRES.BIDEN,Joe Biden to be elected President in 2012,10,0.6,May/13/2011 20:29:27
745477,2012.PRES.BIDEN,Joe Biden to be elected President in 2012,10,0.6,May/14/2011 03:20:16
745477,2012.PRES.BIDEN,Joe Biden to be elected President in 2012,10,0.6,May/14/2011 03:20:16
745477,2012.PRES.BIDEN,Joe Biden to be elected President in 2012,10,0.6,May/17/2011 02:47:07
745477,2012.PRES.BIDEN,Joe Biden to be elected President in 2012,10,0.6,May/17/2011 02:47:07
745477,2012.PRES.BIDEN,Joe Biden to be elected President in 2012,10,0.6,May/17/2011 03:19:13
745477,2012.PRES.BIDEN,Joe Biden to be elected President in 2012,10,0.6,May/17/2011 03:19:13
745477,2012.PRES.BIDEN,Joe Biden to be elected President in 2012,10,0.6,May/17/2011 03:19:13
745477,2012.PRES.BIDEN,Joe Biden to be elected President in 2012,10,0.6,May/17/2011 03:19:13
745477,2012.PRES.BIDEN,Joe Biden to be elected President in 2012,10,0.6,May/17/2011 03:19:13
745477,2012.PRES.BIDEN,Joe Biden to be elected President in 2012,10,0.6,May/17/2011 18:31:55
745477,2012.PRES.BIDEN,Joe Biden to be elected President in 2012,10,0.6,May/17/2011 18:31:55
745477,2012.PRES.BIDEN,Joe Biden to be elected President in 2012,10,0.6,May/17/2011 18:31:55
745477,2012.PRES.BIDEN,Joe Biden to be elected President in 2012,10,0.6,May/17/2011 18:31:55
745477,2012.PRES.BIDEN,Joe Biden to be elected President in 2012,10,0.6,May/17/2011 18:31:55
745477,2012.PRES.BIDEN,Joe Biden to be elected President in 2012,10,0.6,May/17/2011 18:31:55
745477,2012.PRES.BIDEN,Joe Biden to be elected President in 2012,10,0.6,May/17/2011 18:31:55
745477,2012.PRES.BIDEN,Joe Biden to be elected President in 2012,10,0.6,May/17/2011 18:31:55
745477,2012.PRES.BIDEN,Joe Biden to be elected President in 2012,10,0.6,May/17/2011 18:31:55
745477,2012.PRES.BIDEN,Joe Biden to be elected President in 2012,10,0.6,May/17/2011 18:31:55
745477,2012.PRES.BIDEN,Joe Biden to be elected President in 2012,10,0.6,May/17/2011 18:31:55
745477,2012.PRES.BIDEN,Joe Biden to be elected President in 2012,10,0.6,May/17/2011 18:31:55
745477,2012.PRES.BIDEN,Joe Biden to be elected President in 2012,10,0.6,May/17/2011 18:31:55
745477,2012.PRES.BIDEN,Joe Biden to be elected President in 2012,10,0.6,May/17/2011 18:31:55
745477,2012.PRES.BIDEN,Joe Biden to be elected President in 2012,40,0.6,May/17/2011 18:31:55
745477,2012.PRES.BIDEN,Joe Biden to be elected President in 2012,10,0.6,May/17/2011 18:31:55
745477,2012.PRES.BIDEN,Joe Biden to be elected President in 2012,10,0.6,May/17/2011 18:31:55
745477,2012.PRES.BIDEN,Joe Biden to be elected President in 2012,10,0.5,May/19/2011 22:05:02
745477,2012.PRES.BIDEN,Joe Biden to be elected President in 2012,127,0.5,May/20/2011 21:13:22
745477,2012.PRES.BIDEN,Joe Biden to be elected President in 2012,33,0.5,May/20/2011 21:16:55
745477,2012.PRES.BIDEN,Joe Biden to be elected President in 2012,15,0.5,May/21/2011 05:11:27
745477,2012.PRES.BIDEN,Joe Biden to be elected President in 2012,11,0.5,May/21/2011 05:13:33
745477,2012.PRES.BIDEN,Joe Biden to be elected President in 2012,4,0.5,May/21/2011 05:17:08
745477,2012.PRES.BIDEN,Joe Biden to be elected President in 2012,630,0.5,May/21/2011 12:39:28
745477,2012.PRES.BIDEN,Joe Biden to be elected President in 2012,30,0.5,May/22/2011 01:03:35
745477,2012.PRES.BIDEN,Joe Biden to be elected President in 2012,5,0.4,May/22/2011 13:33:07
745477,2012.PRES.BIDEN,Joe Biden to be elected President in 2012,5,0.4,May/22/2011 16:28:20
745477,2012.PRES.BIDEN,Joe Biden to be elected President in 2012,20,0.4,May/23/2011 04:55:40
745477,2012.PRES.BIDEN,Joe Biden to be elected President in 2012,30,0.4,May/23/2011 17:09:23
745477,2012.PRES.BIDEN,Joe Biden to be elected President in 2012,10,0.4,May/24/2011 02:13:08
745477,2012.PRES.BIDEN,Joe Biden to be elected President in 2012,5,0.4,May/24/2011 03:10:22
745477,2012.PRES.BIDEN,Joe Biden to be elected President in 2012,20,0.4,May/24/2011 10:51:03
745477,2012.PRES.BIDEN,Joe Biden to be elected President in 2012,10,0.4,May/24/2011 10:53:32
745477,2012.PRES.BIDEN,Joe Biden to be elected President in 2012,20,0.4,May/24/2011 10:54:54
745477,2012.PRES.BIDEN,Joe Biden to be elected President in 2012,5,0.4,May/25/2011 01:23:31
745477,2012.PRES.BIDEN,Joe Biden to be elected President in 2012,10,0.4,May/25/2011 10:53:12
745477,2012.PRES.BIDEN,Joe Biden to be elected President in 2012,40,0.5,May/25/2011 12:34:42
745477,2012.PRES.BIDEN,Joe Biden to be elected President in 2012,15,0.5,May/25/2011 12:34:42
745477,2012.PRES.BIDEN,Joe Biden to be elected President in 2012,10,0.5,May/25/2011 12:34:42
745477,2012.PRES.BIDEN,Joe Biden to be elected President in 2012,10,0.5,May/25/2011 12:34:42
745477,2012.PRES.BIDEN,Joe Biden to be elected President in 2012,10,0.5,May/25/2011 12:34:42
745477,2012.PRES.BIDEN,Joe Biden to be elected President in 2012,10,0.5,May/25/2011 12:34:42
745477,2012.PRES.BIDEN,Joe Biden to be elected President in 2012,5,0.5,May/25/2011 12:34:42
745477,2012.PRES.BIDEN,Joe Biden to be elected President in 2012,10,0.6,May/25/2011 13:02:00
745477,2012.PRES.BIDEN,Joe Biden to be elected President in 2012,10,0.6,May/25/2011 13:02:00
745477,2012.PRES.BIDEN,Joe Biden to be elected President in 2012,10,0.6,May/25/2011 13:02:00
745477,2012.PRES.BIDEN,Joe Biden to be elected President in 2012,10,0.6,May/25/2011 13:02:00
745477,2012.PRES.BIDEN,Joe Biden to be elected President in 2012,10,0.6,May/25/2011 13:02:00
745477,2012.PRES.BIDEN,Joe Biden to be elected President in 2012,10,0.6,May/25/2011 13:02:00
745477,2012.PRES.BIDEN,Joe Biden to be elected President in 2012,10,0.6,May/25/2011 13:02:00
745477,2012.PRES.BIDEN,Joe Biden to be elected President in 2012,10,0.6,May/25/2011 13:02:00
745477,2012.PRES.BIDEN,Joe Biden to be elected President in 2012,5,0.5,May/25/2011 13:02:00
745477,2012.PRES.BIDEN,Joe Biden to be elected President in 2012,20,0.6,May/25/2011 13:02:00
745477,2012.PRES.BIDEN,Joe Biden to be elected President in 2012,10,0.5,May/25/2011 13:02:00
745477,2012.PRES.BIDEN,Joe Biden to be elected President in 2012,20,0.6,May/25/2011 13:02:00
745477,2012.PRES.BIDEN,Joe Biden to be elected President in 2012,20,0.7,May/25/2011 13:04:29
745477,2012.PRES.BIDEN,Joe Biden to be elected President in 2012,10,0.7,May/25/2011 13:04:29
745477,2012.PRES.BIDEN,Joe Biden to be elected President in 2012,10,0.7,May/25/2011 13:04:29
745477,2012.PRES.BIDEN,Joe Biden to be elected President in 2012,30,0.7,May/25/2011 13:04:29
745477,2012.PRES.BIDEN,Joe Biden to be elected President in 2012,30,0.7,May/25/2011 13:04:29
745477,2012.PRES.BIDEN,Joe Biden to be elected President in 2012,10,0.8,May/25/2011 13:23:47
745477,2012.PRES.BIDEN,Joe Biden to be elected President in 2012,10,0.8,May/25/2011 13:23:47
745477,2012.PRES.BIDEN,Joe Biden to be elected President in 2012,40,0.8,May/25/2011 13:23:47
745477,2012.PRES.BIDEN,Joe Biden to be elected President in 2012,40,0.8,May/25/2011 13:23:47
745477,2012.PRES.BIDEN,Joe Biden to be elected President in 2012,25,1.0,May/25/2011 13:33:15
745477,2012.PRES.BIDEN,Joe Biden to be elected President in 2012,50,0.9,May/25/2011 13:33:15
745477,2012.PRES.BIDEN,Joe Biden to be elected President in 2012,60,1.0,May/25/2011 13:33:15
745477,2012.PRES.BIDEN,Joe Biden to be elected President in 2012,5,1.1,May/25/2011 13:34:05
745477,2012.PRES.BIDEN,Joe Biden to be elected President in 2012,70,1.1,May/25/2011 13:34:05
745477,2012.PRES.BIDEN,Joe Biden to be elected President in 2012,5,1.1,May/25/2011 13:54:49
745477,2012.PRES.BIDEN,Joe Biden to be elected President in 2012,10,1.1,May/25/2011 14:12:26
745477,2012.PRES.BIDEN,Joe Biden to be elected President in 2012,10,1.1,May/25/2011 18:40:45
745477,2012.PRES.BIDEN,Joe Biden to be elected President in 2012,10,1.1,May/25/2011 21:39:47
745477,2012.PRES.BIDEN,Joe Biden to be elected President in 2012,35,1.1,May/25/2011 22:50:54
745477,2012.PRES.BIDEN,Joe Biden to be elected President in 2012,22,1.1,May/25/2011 22:52:43
745477,2012.PRES.BIDEN,Joe Biden to be elected President in 2012,13,1.1,May/25/2011 22:53:13
745477,2012.PRES.BIDEN,Joe Biden to be elected President in 2012,8,1.1,May/25/2011 22:53:45
745477,2012.PRES.BIDEN,Joe Biden to be elected President in 2012,6,1.1,May/25/2011 22:54:20
745477,2012.PRES.BIDEN,Joe Biden to be elected President in 2012,6,1.1,May/25/2011 22:55:07
745477,2012.PRES.BIDEN,Joe Biden to be elected President in 2012,50,0.8,May/25/2011 23:47:31
745477,2012.PRES.BIDEN,Joe Biden to be elected President in 2012,2,1.0,May/26/2011 03:06:05
745477,2012.PRES.BIDEN,Joe Biden to be elected President in 2012,48,1.0,May/26/2011 13:57:12
745477,2012.PRES.BIDEN,Joe Biden to be elected President in 2012,10,1.0,May/26/2011 14:05:47
745477,2012.PRES.BIDEN,Joe Biden to be elected President in 2012,80,1.0,May/26/2011 14:05:47
745477,2012.PRES.BIDEN,Joe Biden to be elected President in 2012,10,1.0,May/26/2011 14:05:47
745477,2012.PRES.BIDEN,Joe Biden to be elected President in 2012,6,0.9,May/26/2011 20:57:42
745477,2012.PRES.BIDEN,Joe Biden to be elected President in 2012,10,1.0,May/27/2011 09:09:00
745477,2012.PRES.BIDEN,Joe Biden to be elected President in 2012,10,1.0,May/27/2011 20:13:06
745477,2012.PRES.BIDEN,Joe Biden to be elected President in 2012,10,1.0,May/27/2011 23:41:34
745477,2012.PRES.BIDEN,Joe Biden to be elected President in 2012,5,1.0,May/28/2011 16:01:44
745477,2012.PRES.BIDEN,Joe Biden to be elected President in 2012,5,1.0,May/29/2011 16:11:59
745477,2012.PRES.BIDEN,Joe Biden to be elected President in 2012,5,1.0,May/29/2011 16:11:59
745477,2012.PRES.BIDEN,Joe Biden to be elected President in 2012,5,1.1,May/29/2011 16:25:26
745477,2012.PRES.BIDEN,Joe Biden to be elected President in 2012,5,1.1,May/29/2011 16:25:26
745477,2012.PRES.BIDEN,Joe Biden to be elected President in 2012,10,1.0,May/30/2011 15:31:27
745477,2012.PRES.BIDEN,Joe Biden to be elected President in 2012,15,1.0,May/30/2011 16:35:35
745477,2012.PRES.BIDEN,Joe Biden to be elected President in 2012,10,1.0,May/30/2011 18:02:42
745477,2012.PRES.BIDEN,Joe Biden to be elected President in 2012,38,1.0,May/30/2011 21:45:01
745477,2012.PRES.BIDEN,Joe Biden to be elected President in 2012,37,1.0,May/30/2011 21:48:30
745477,2012.PRES.BIDEN,Joe Biden to be elected President in 2012,14,0.9,May/30/2011 23:09:12
745477,2012.PRES.BIDEN,Joe Biden to be elected President in 2012,36,0.9,May/30/2011 23:09:12
745477,2012.PRES.BIDEN,Joe Biden to be elected President in 2012,50,0.9,May/30/2011 23:09:12
745477,2012.PRES.BIDEN,Joe Biden to be elected President in 2012,50,0.9,May/30/2011 23:09:12
745477,2012.PRES.BIDEN,Joe Biden to be elected President in 2012,35,0.9,May/30/2011 23:09:12
745477,2012.PRES.BIDEN,Joe Biden to be elected President in 2012,10,0.9,May/30/2011 23:09:33
745477,2012.PRES.BIDEN,Joe Biden to be elected President in 2012,5,0.9,May/30/2011 23:10:46
745477,2012.PRES.BIDEN,Joe Biden to be elected President in 2012,300,1.0,May/31/2011 08:34:32
745477,2012.PRES.BIDEN,Joe Biden to be elected President in 2012,5,0.9,May/31/2011 08:34:32
745477,2012.PRES.BIDEN,Joe Biden to be elected President in 2012,10,0.9,May/31/2011 08:34:32
745477,2012.PRES.BIDEN,Joe Biden to be elected President in 2012,10,1.0,May/31/2011 21:55:58
745477,2012.PRES.BIDEN,Joe Biden to be elected President in 2012,15,1.0,Jun/01/2011 04:16:30
745477,2012.PRES.BIDEN,Joe Biden to be elected President in 2012,11,0.9,Jun/01/2011 04:16:30
745477,2012.PRES.BIDEN,Joe Biden to be elected President in 2012,10,0.8,Jun/01/2011 21:37:23
745477,2012.PRES.BIDEN,Joe Biden to be elected President in 2012,3,0.8,Jun/02/2011 02:57:01
745477,2012.PRES.BIDEN,Joe Biden to be elected President in 2012,12,0.8,Jun/02/2011 23:15:03
745477,2012.PRES.BIDEN,Joe Biden to be elected President in 2012,10,0.6,Jun/03/2011 05:46:50
745477,2012.PRES.BIDEN,Joe Biden to be elected President in 2012,20,0.7,Jun/03/2011 05:46:50
745477,2012.PRES.BIDEN,Joe Biden to be elected President in 2012,20,0.8,Jun/03/2011 05:46:50
745477,2012.PRES.BIDEN,Joe Biden to be elected President in 2012,10,0.8,Jun/03/2011 22:52:16
745477,2012.PRES.BIDEN,Joe Biden to be elected President in 2012,25,0.8,Jun/03/2011 23:50:45
745477,2012.PRES.BIDEN,Joe Biden to be elected President in 2012,3,0.8,Jun/04/2011 06:42:48
745477,2012.PRES.BIDEN,Joe Biden to be elected President in 2012,7,0.8,Jun/04/2011 06:44:01
745477,2012.PRES.BIDEN,Joe Biden to be elected President in 2012,5,0.8,Jun/04/2011 06:44:39
745477,2012.PRES.BIDEN,Joe Biden to be elected President in 2012,10,0.8,Jun/04/2011 06:49:37
745477,2012.PRES.BIDEN,Joe Biden to be elected President in 2012,6,0.7,Jun/06/2011 22:16:56
745477,2012.PRES.BIDEN,Joe Biden to be elected President in 2012,28,0.6,Jun/06/2011 22:17:40
745477,2012.PRES.BIDEN,Joe Biden to be elected President in 2012,24,0.7,Jun/06/2011 22:17:40
745477,2012.PRES.BIDEN,Joe Biden to be elected President in 2012,10,0.6,Jun/06/2011 22:20:24
745477,2012.PRES.BIDEN,Joe Biden to be elected President in 2012,2,0.5,Jun/06/2011 22:28:09
745477,2012.PRES.BIDEN,Joe Biden to be elected President in 2012,12,0.6,Jun/06/2011 22:28:09
745477,2012.PRES.BIDEN,Joe Biden to be elected President in 2012,16,0.5,Jun/06/2011 22:32:23
745477,2012.PRES.BIDEN,Joe Biden to be elected President in 2012,3,0.5,Jun/06/2011 22:35:45
745477,2012.PRES.BIDEN,Joe Biden to be elected President in 2012,1,0.6,Jun/07/2011 22:34:16
745477,2012.PRES.BIDEN,Joe Biden to be elected President in 2012,9,0.7,Jun/10/2011 19:21:47
745477,2012.PRES.BIDEN,Joe Biden to be elected President in 2012,1,0.6,Jun/12/2011 22:18:26
745477,2012.PRES.BIDEN,Joe Biden to be elected President in 2012,10,0.6,Jun/13/2011 22:05:23
745477,2012.PRES.BIDEN,Joe Biden to be elected President in 2012,10,0.6,Jun/14/2011 00:35:10
745477,2012.PRES.BIDEN,Joe Biden to be elected President in 2012,10,0.6,Jun/14/2011 17:16:47
745477,2012.PRES.BIDEN,Joe Biden to be elected President in 2012,10,0.6,Jun/14/2011 21:42:01
745477,2012.PRES.BIDEN,Joe Biden to be elected President in 2012,8,0.6,Jun/15/2011 02:01:53
745477,2012.PRES.BIDEN,Joe Biden to be elected President in 2012,2,0.6,Jun/15/2011 02:01:53
745477,2012.PRES.BIDEN,Joe Biden to be elected President in 2012,10,0.6,Jun/15/2011 02:38:57
745477,2012.PRES.BIDEN,Joe Biden to be elected President in 2012,30,0.6,Jun/15/2011 14:33:08
745477,2012.PRES.BIDEN,Joe Biden to be elected President in 2012,8,0.6,Jun/15/2011 18:40:46
745477,2012.PRES.BIDEN,Joe Biden to be elected President in 2012,2,0.6,Jun/15/2011 18:40:46
745477,2012.PRES.BIDEN,Joe Biden to be elected President in 2012,10,0.6,Jun/16/2011 14:19:34
745477,2012.PRES.BIDEN,Joe Biden to be elected President in 2012,10,0.6,Jun/16/2011 17:32:56
745477,2012.PRES.BIDEN,Joe Biden to be elected President in 2012,20,0.6,Jun/16/2011 21:40:39
745477,2012.PRES.BIDEN,Joe Biden to be elected President in 2012,92,0.5,Jun/16/2011 22:48:20
745477,2012.PRES.BIDEN,Joe Biden to be elected President in 2012,8,0.6,Jun/16/2011 22:48:20
745477,2012.PRES.BIDEN,Joe Biden to be elected President in 2012,45,0.5,Jun/16/2011 22:51:57
745477,2012.PRES.BIDEN,Joe Biden to be elected President in 2012,7,0.5,Jun/16/2011 22:53:07
745477,2012.PRES.BIDEN,Joe Biden to be elected President in 2012,1,0.7,Jun/17/2011 00:15:14
745477,2012.PRES.BIDEN,Joe Biden to be elected President in 2012,10,0.7,Jun/17/2011 00:15:14
745477,2012.PRES.BIDEN,Joe Biden to be elected President in 2012,10,0.7,Jun/17/2011 00:15:14
745477,2012.PRES.BIDEN,Joe Biden to be elected President in 2012,10,0.7,Jun/17/2011 00:15:14
745477,2012.PRES.BIDEN,Joe Biden to be elected President in 2012,10,0.7,Jun/17/2011 00:15:14
745477,2012.PRES.BIDEN,Joe Biden to be elected President in 2012,20,0.7,Jun/17/2011 00:15:14
745477,2012.PRES.BIDEN,Joe Biden to be elected President in 2012,10,0.7,Jun/17/2011 00:15:14
745477,2012.PRES.BIDEN,Joe Biden to be elected President in 2012,10,0.7,Jun/17/2011 00:15:14
745477,2012.PRES.BIDEN,Joe Biden to be elected President in 2012,71,0.8,Jun/17/2011 00:22:58
745477,2012.PRES.BIDEN,Joe Biden to be elected President in 2012,24,0.8,Jun/17/2011 00:23:16
745477,2012.PRES.BIDEN,Joe Biden to be elected President in 2012,24,0.7,Jun/17/2011 22:15:51
745477,2012.PRES.BIDEN,Joe Biden to be elected President in 2012,5,0.7,Jun/22/2011 14:44:40
745477,2012.PRES.BIDEN,Joe Biden to be elected President in 2012,10,0.7,Jun/23/2011 14:38:17
745477,2012.PRES.BIDEN,Joe Biden to be elected President in 2012,10,0.7,Jun/23/2011 21:35:32
745477,2012.PRES.BIDEN,Joe Biden to be elected President in 2012,20,0.7,Jun/24/2011 16:18:27
745477,2012.PRES.BIDEN,Joe Biden to be elected President in 2012,10,0.7,Jun/25/2011 03:32:21
745477,2012.PRES.BIDEN,Joe Biden to be elected President in 2012,1,0.7,Jun/25/2011 12:11:28
745477,2012.PRES.BIDEN,Joe Biden to be elected President in 2012,20,0.7,Jun/25/2011 13:29:22
745477,2012.PRES.BIDEN,Joe Biden to be elected President in 2012,50,0.7,Jun/25/2011 15:54:35
745477,2012.PRES.BIDEN,Joe Biden to be elected President in 2012,10,0.6,Jun/27/2011 12:23:56
745477,2012.PRES.BIDEN,Joe Biden to be elected President in 2012,20,0.6,Jun/28/2011 11:12:55
745477,2012.PRES.BIDEN,Joe Biden to be elected President in 2012,1,0.6,Jul/01/2011 17:17:47
745477,2012.PRES.BIDEN,Joe Biden to be elected President in 2012,3,0.6,Jul/01/2011 17:18:24
745477,2012.PRES.BIDEN,Joe Biden to be elected President in 2012,1,0.6,Jul/01/2011 17:18:38
745477,2012.PRES.BIDEN,Joe Biden to be elected President in 2012,2,0.6,Jul/01/2011 17:18:50
745477,2012.PRES.BIDEN,Joe Biden to be elected President in 2012,1,0.6,Jul/01/2011 17:19:00
745477,2012.PRES.BIDEN,Joe Biden to be elected President in 2012,10,0.6,Jul/01/2011 17:36:17
745477,2012.PRES.BIDEN,Joe Biden to be elected President in 2012,2,0.6,Jul/02/2011 15:52:51
745477,2012.PRES.BIDEN,Joe Biden to be elected President in 2012,5,0.6,Jul/02/2011 15:53:32
745477,2012.PRES.BIDEN,Joe Biden to be elected President in 2012,10,0.6,Jul/02/2011 19:07:28
745477,2012.PRES.BIDEN,Joe Biden to be elected President in 2012,1,0.6,Jul/02/2011 20:01:27
745477,2012.PRES.BIDEN,Joe Biden to be elected President in 2012,10,0.6,Jul/02/2011 20:01:50
745477,2012.PRES.BIDEN,Joe Biden to be elected President in 2012,1,0.6,Jul/02/2011 20:01:57
745477,2012.PRES.BIDEN,Joe Biden to be elected President in 2012,2,0.6,Jul/02/2011 20:02:08
745477,2012.PRES.BIDEN,Joe Biden to be elected President in 2012,10,0.6,Jul/02/2011 20:02:26
745477,2012.PRES.BIDEN,Joe Biden to be elected President in 2012,1,0.6,Jul/02/2011 20:02:33
745477,2012.PRES.BIDEN,Joe Biden to be elected President in 2012,10,0.6,Jul/02/2011 20:02:49
745477,2012.PRES.BIDEN,Joe Biden to be elected President in 2012,1,0.6,Jul/03/2011 00:10:25
745477,2012.PRES.BIDEN,Joe Biden to be elected President in 2012,10,0.6,Jul/03/2011 22:22:56
745477,2012.PRES.BIDEN,Joe Biden to be elected President in 2012,10,0.6,Jul/05/2011 21:57:56
745477,2012.PRES.BIDEN,Joe Biden to be elected President in 2012,9,0.6,Jul/06/2011 16:15:32
745477,2012.PRES.BIDEN,Joe Biden to be elected President in 2012,1,0.6,Jul/06/2011 16:15:32
745477,2012.PRES.BIDEN,Joe Biden to be elected President in 2012,20,0.6,Jul/06/2011 21:32:27
745477,2012.PRES.BIDEN,Joe Biden to be elected President in 2012,10,0.6,Jul/07/2011 03:04:33
745477,2012.PRES.BIDEN,Joe Biden to be elected President in 2012,10,0.6,Jul/07/2011 22:45:59
745477,2012.PRES.BIDEN,Joe Biden to be elected President in 2012,10,0.6,Jul/08/2011 14:17:23
745477,2012.PRES.BIDEN,Joe Biden to be elected President in 2012,5,0.6,Jul/08/2011 21:40:59
745477,2012.PRES.BIDEN,Joe Biden to be elected President in 2012,5,0.6,Jul/08/2011 21:40:59
745477,2012.PRES.BIDEN,Joe Biden to be elected President in 2012,10,0.6,Jul/09/2011 04:10:00
745477,2012.PRES.BIDEN,Joe Biden to be elected President in 2012,1,0.5,Jul/13/2011 11:16:50
745477,2012.PRES.BIDEN,Joe Biden to be elected President in 2012,5,0.6,Jul/14/2011 12:10:50
745477,2012.PRES.BIDEN,Joe Biden to be elected President in 2012,90,0.6,Jul/14/2011 12:10:50
745477,2012.PRES.BIDEN,Joe Biden to be elected President in 2012,7,0.6,Jul/15/2011 01:39:59
745477,2012.PRES.BIDEN,Joe Biden to be elected President in 2012,1,0.6,Jul/17/2011 23:08:45
745477,2012.PRES.BIDEN,Joe Biden to be elected President in 2012,5,0.6,Jul/18/2011 03:06:04
745477,2012.PRES.BIDEN,Joe Biden to be elected President in 2012,4,0.6,Jul/18/2011 11:35:14
745477,2012.PRES.BIDEN,Joe Biden to be elected President in 2012,100,0.7,Jul/19/2011 15:42:40
745477,2012.PRES.BIDEN,Joe Biden to be elected President in 2012,10,0.7,Jul/19/2011 15:42:40
745477,2012.PRES.BIDEN,Joe Biden to be elected President in 2012,10,0.7,Jul/19/2011 15:42:40
745477,2012.PRES.BIDEN,Joe Biden to be elected President in 2012,20,0.7,Jul/19/2011 15:42:40
745477,2012.PRES.BIDEN,Joe Biden to be elected President in 2012,20,0.7,Jul/19/2011 15:42:40
745477,2012.PRES.BIDEN,Joe Biden to be elected President in 2012,10,0.7,Jul/19/2011 15:42:40
745477,2012.PRES.BIDEN,Joe Biden to be elected President in 2012,10,0.7,Jul/19/2011 15:42:40
745477,2012.PRES.BIDEN,Joe Biden to be elected President in 2012,10,0.7,Jul/19/2011 15:42:40
745477,2012.PRES.BIDEN,Joe Biden to be elected President in 2012,11,0.7,Jul/19/2011 15:42:40
745477,2012.PRES.BIDEN,Joe Biden to be elected President in 2012,10,0.6,Jul/20/2011 16:59:20
745477,2012.PRES.BIDEN,Joe Biden to be elected President in 2012,10,0.6,Jul/20/2011 21:09:23
745477,2012.PRES.BIDEN,Joe Biden to be elected President in 2012,1,0.6,Jul/20/2011 21:37:00
745477,2012.PRES.BIDEN,Joe Biden to be elected President in 2012,2,0.6,Jul/21/2011 00:58:30
745477,2012.PRES.BIDEN,Joe Biden to be elected President in 2012,3,0.6,Jul/21/2011 14:38:01
745477,2012.PRES.BIDEN,Joe Biden to be elected President in 2012,7,0.6,Jul/21/2011 15:02:12
745477,2012.PRES.BIDEN,Joe Biden to be elected President in 2012,10,0.6,Jul/21/2011 15:32:49
745477,2012.PRES.BIDEN,Joe Biden to be elected President in 2012,3,0.6,Jul/21/2011 15:35:18
745477,2012.PRES.BIDEN,Joe Biden to be elected President in 2012,2,0.6,Jul/21/2011 15:35:49
745477,2012.PRES.BIDEN,Joe Biden to be elected President in 2012,2,0.6,Jul/21/2011 15:37:15
745477,2012.PRES.BIDEN,Joe Biden to be elected President in 2012,8,0.6,Jul/21/2011 15:37:41
745477,2012.PRES.BIDEN,Joe Biden to be elected President in 2012,10,0.6,Jul/21/2011 15:39:09
745477,2012.PRES.BIDEN,Joe Biden to be elected President in 2012,8,0.6,Jul/21/2011 15:42:18
745477,2012.PRES.BIDEN,Joe Biden to be elected President in 2012,75,0.6,Jul/21/2011 18:05:41
745477,2012.PRES.BIDEN,Joe Biden to be elected President in 2012,5,0.6,Jul/21/2011 20:03:49
745477,2012.PRES.BIDEN,Joe Biden to be elected President in 2012,5,0.6,Jul/21/2011 20:09:56
745477,2012.PRES.BIDEN,Joe Biden to be elected President in 2012,10,0.6,Jul/21/2011 20:56:43
745477,2012.PRES.BIDEN,Joe Biden to be elected President in 2012,10,0.6,Jul/21/2011 21:53:29
745477,2012.PRES.BIDEN,Joe Biden to be elected President in 2012,5,0.6,Jul/21/2011 21:55:02
745477,2012.PRES.BIDEN,Joe Biden to be elected President in 2012,5,0.6,Jul/21/2011 21:56:07
745477,2012.PRES.BIDEN,Joe Biden to be elected President in 2012,5,0.6,Jul/21/2011 21:57:53
745477,2012.PRES.BIDEN,Joe Biden to be elected President in 2012,6,0.6,Jul/21/2011 21:58:52
745477,2012.PRES.BIDEN,Joe Biden to be elected President in 2012,10,0.6,Jul/21/2011 22:01:40
745477,2012.PRES.BIDEN,Joe Biden to be elected President in 2012,10,0.6,Jul/22/2011 02:28:49
745477,2012.PRES.BIDEN,Joe Biden to be elected President in 2012,1,0.6,Jul/22/2011 12:53:32
745477,2012.PRES.BIDEN,Joe Biden to be elected President in 2012,5,0.6,Jul/22/2011 13:15:34
745477,2012.PRES.BIDEN,Joe Biden to be elected President in 2012,3,0.6,Jul/22/2011 13:15:55
745477,2012.PRES.BIDEN,Joe Biden to be elected President in 2012,2,0.6,Jul/22/2011 14:16:50
745477,2012.PRES.BIDEN,Joe Biden to be elected President in 2012,1,0.6,Jul/22/2011 14:17:28
745477,2012.PRES.BIDEN,Joe Biden to be elected President in 2012,2,0.6,Jul/22/2011 17:40:33
745477,2012.PRES.BIDEN,Joe Biden to be elected President in 2012,10,0.6,Jul/22/2011 22:05:43
745477,2012.PRES.BIDEN,Joe Biden to be elected President in 2012,10,0.6,Jul/22/2011 22:06:10
745477,2012.PRES.BIDEN,Joe Biden to be elected President in 2012,4,0.6,Jul/22/2011 22:06:44
745477,2012.PRES.BIDEN,Joe Biden to be elected President in 2012,3,0.6,Jul/22/2011 22:07:19
745477,2012.PRES.BIDEN,Joe Biden to be elected President in 2012,1,0.6,Jul/23/2011 00:30:35
745477,2012.PRES.BIDEN,Joe Biden to be elected President in 2012,10,0.6,Jul/23/2011 00:34:43
745477,2012.PRES.BIDEN,Joe Biden to be elected President in 2012,10,0.6,Jul/23/2011 00:44:06
745477,2012.PRES.BIDEN,Joe Biden to be elected President in 2012,1,0.6,Jul/23/2011 03:40:44
745477,2012.PRES.BIDEN,Joe Biden to be elected President in 2012,1,0.6,Jul/23/2011 16:55:09
745477,2012.PRES.BIDEN,Joe Biden to be elected President in 2012,7,0.6,Jul/23/2011 18:03:12
745477,2012.PRES.BIDEN,Joe Biden to be elected President in 2012,10,0.6,Jul/23/2011 18:04:21
745477,2012.PRES.BIDEN,Joe Biden to be elected President in 2012,16,0.6,Jul/23/2011 21:31:28
745477,2012.PRES.BIDEN,Joe Biden to be elected President in 2012,10,0.6,Jul/24/2011 15:25:35
745477,2012.PRES.BIDEN,Joe Biden to be elected President in 2012,10,0.6,Jul/24/2011 15:25:41
745477,2012.PRES.BIDEN,Joe Biden to be elected President in 2012,5,0.6,Jul/24/2011 15:25:47
745477,2012.PRES.BIDEN,Joe Biden to be elected President in 2012,1,0.6,Jul/24/2011 23:32:08
745477,2012.PRES.BIDEN,Joe Biden to be elected President in 2012,4,0.6,Jul/25/2011 00:59:19
745477,2012.PRES.BIDEN,Joe Biden to be elected President in 2012,1,0.6,Jul/26/2011 03:03:52
745477,2012.PRES.BIDEN,Joe Biden to be elected President in 2012,20,0.7,Jul/26/2011 13:02:42
745477,2012.PRES.BIDEN,Joe Biden to be elected President in 2012,1,0.6,Jul/26/2011 17:06:31
745477,2012.PRES.BIDEN,Joe Biden to be elected President in 2012,9,0.6,Jul/26/2011 17:06:55
745477,2012.PRES.BIDEN,Joe Biden to be elected President in 2012,10,0.6,Jul/26/2011 21:23:14
745477,2012.PRES.BIDEN,Joe Biden to be elected President in 2012,1,0.6,Jul/27/2011 04:12:04
745477,2012.PRES.BIDEN,Joe Biden to be elected President in 2012,2,0.6,Jul/27/2011 11:55:42
745477,2012.PRES.BIDEN,Joe Biden to be elected President in 2012,10,0.6,Jul/27/2011 14:09:56
745477,2012.PRES.BIDEN,Joe Biden to be elected President in 2012,10,0.6,Jul/27/2011 14:13:20
745477,2012.PRES.BIDEN,Joe Biden to be elected President in 2012,1,0.6,Jul/27/2011 15:59:41
745477,2012.PRES.BIDEN,Joe Biden to be elected President in 2012,10,0.6,Jul/27/2011 16:06:30
745477,2012.PRES.BIDEN,Joe Biden to be elected President in 2012,9,0.6,Jul/27/2011 16:07:47
745477,2012.PRES.BIDEN,Joe Biden to be elected President in 2012,10,0.6,Jul/27/2011 16:08:57
745477,2012.PRES.BIDEN,Joe Biden to be elected President in 2012,10,0.6,Jul/27/2011 16:10:05
745477,2012.PRES.BIDEN,Joe Biden to be elected President in 2012,10,0.6,Jul/27/2011 16:16:00
745477,2012.PRES.BIDEN,Joe Biden to be elected President in 2012,1,0.6,Jul/27/2011 16:43:21
745477,2012.PRES.BIDEN,Joe Biden to be elected President in 2012,10,0.6,Jul/27/2011 17:25:19
745477,2012.PRES.BIDEN,Joe Biden to be elected President in 2012,10,0.6,Jul/27/2011 20:13:04
745477,2012.PRES.BIDEN,Joe Biden to be elected President in 2012,10,0.6,Jul/27/2011 20:14:15
745477,2012.PRES.BIDEN,Joe Biden to be elected President in 2012,5,0.6,Jul/29/2011 00:57:48
745477,2012.PRES.BIDEN,Joe Biden to be elected President in 2012,10,0.6,Jul/29/2011 00:58:12
745477,2012.PRES.BIDEN,Joe Biden to be elected President in 2012,10,0.6,Jul/29/2011 00:58:25
745477,2012.PRES.BIDEN,Joe Biden to be elected President in 2012,10,0.6,Jul/29/2011 00:58:33
745477,2012.PRES.BIDEN,Joe Biden to be elected President in 2012,10,0.6,Jul/29/2011 00:59:07
745477,2012.PRES.BIDEN,Joe Biden to be elected President in 2012,10,0.6,Jul/29/2011 00:59:24
745477,2012.PRES.BIDEN,Joe Biden to be elected President in 2012,5,0.6,Jul/29/2011 03:48:56
745477,2012.PRES.BIDEN,Joe Biden to be elected President in 2012,5,0.6,Jul/29/2011 03:49:24
745477,2012.PRES.BIDEN,Joe Biden to be elected President in 2012,10,0.6,Jul/29/2011 03:49:59
745477,2012.PRES.BIDEN,Joe Biden to be elected President in 2012,5,0.6,Jul/29/2011 03:50:06
745477,2012.PRES.BIDEN,Joe Biden to be elected President in 2012,10,0.7,Jul/29/2011 14:05:02
745477,2012.PRES.BIDEN,Joe Biden to be elected President in 2012,10,0.7,Jul/29/2011 14:05:02
745477,2012.PRES.BIDEN,Joe Biden to be elected President in 2012,100,0.8,Jul/29/2011 16:05:16
745477,2012.PRES.BIDEN,Joe Biden to be elected President in 2012,10,0.8,Jul/29/2011 16:05:16
745477,2012.PRES.BIDEN,Joe Biden to be elected President in 2012,10,0.8,Jul/29/2011 16:05:16
745477,2012.PRES.BIDEN,Joe Biden to be elected President in 2012,10,0.8,Jul/29/2011 16:05:16
745477,2012.PRES.BIDEN,Joe Biden to be elected President in 2012,40,0.9,Jul/29/2011 16:17:39
745477,2012.PRES.BIDEN,Joe Biden to be elected President in 2012,2,0.8,Jul/29/2011 17:17:31
745477,2012.PRES.BIDEN,Joe Biden to be elected President in 2012,5,0.8,Jul/29/2011 17:57:04
745477,2012.PRES.BIDEN,Joe Biden to be elected President in 2012,3,0.8,Jul/29/2011 18:34:43
745477,2012.PRES.BIDEN,Joe Biden to be elected President in 2012,2,0.8,Jul/29/2011 18:40:17
745477,2012.PRES.BIDEN,Joe Biden to be elected President in 2012,8,0.8,Jul/29/2011 18:41:46
745477,2012.PRES.BIDEN,Joe Biden to be elected President in 2012,10,0.7,Jul/30/2011 02:47:28
745477,2012.PRES.BIDEN,Joe Biden to be elected President in 2012,10,0.7,Jul/30/2011 02:47:35
745477,2012.PRES.BIDEN,Joe Biden to be elected President in 2012,8,0.7,Jul/30/2011 02:47:45
745477,2012.PRES.BIDEN,Joe Biden to be elected President in 2012,30,0.9,Jul/30/2011 03:08:34
745477,2012.PRES.BIDEN,Joe Biden to be elected President in 2012,10,0.8,Jul/30/2011 03:08:34
745477,2012.PRES.BIDEN,Joe Biden to be elected President in 2012,1,0.8,Jul/30/2011 03:39:58
745477,2012.PRES.BIDEN,Joe Biden to be elected President in 2012,1,0.8,Jul/30/2011 03:43:47
745477,2012.PRES.BIDEN,Joe Biden to be elected President in 2012,1,0.7,Jul/30/2011 03:44:27
745477,2012.PRES.BIDEN,Joe Biden to be elected President in 2012,1,0.7,Jul/30/2011 12:47:39
745477,2012.PRES.BIDEN,Joe Biden to be elected President in 2012,2,0.7,Jul/30/2011 15:11:15
745477,2012.PRES.BIDEN,Joe Biden to be elected President in 2012,1,0.7,Jul/30/2011 15:50:09
745477,2012.PRES.BIDEN,Joe Biden to be elected President in 2012,5,0.7,Jul/30/2011 15:54:03
745477,2012.PRES.BIDEN,Joe Biden to be elected President in 2012,5,0.7,Jul/30/2011 15:54:30
745477,2012.PRES.BIDEN,Joe Biden to be elected President in 2012,1,0.7,Jul/30/2011 19:39:47
745477,2012.PRES.BIDEN,Joe Biden to be elected President in 2012,1,0.7,Jul/30/2011 19:40:26
745477,2012.PRES.BIDEN,Joe Biden to be elected President in 2012,1,0.7,Jul/30/2011 19:40:39
745477,2012.PRES.BIDEN,Joe Biden to be elected President in 2012,1,0.7,Jul/30/2011 19:41:20
745477,2012.PRES.BIDEN,Joe Biden to be elected President in 2012,1,0.7,Jul/30/2011 19:42:17
745477,2012.PRES.BIDEN,Joe Biden to be elected President in 2012,1,0.7,Jul/30/2011 19:44:31
745477,2012.PRES.BIDEN,Joe Biden to be elected President in 2012,1,0.7,Jul/30/2011 19:45:25
745477,2012.PRES.BIDEN,Joe Biden to be elected President in 2012,1,0.7,Jul/30/2011 20:17:46
745477,2012.PRES.BIDEN,Joe Biden to be elected President in 2012,1,0.7,Jul/30/2011 20:19:37
745477,2012.PRES.BIDEN,Joe Biden to be elected President in 2012,30,0.7,Jul/30/2011 21:51:30
745477,2012.PRES.BIDEN,Joe Biden to be elected President in 2012,10,0.7,Jul/31/2011 15:27:24
745477,2012.PRES.BIDEN,Joe Biden to be elected President in 2012,8,0.7,Aug/01/2011 02:10:15
745477,2012.PRES.BIDEN,Joe Biden to be elected President in 2012,2,0.7,Aug/01/2011 02:10:15
745477,2012.PRES.BIDEN,Joe Biden to be elected President in 2012,1,0.7,Aug/01/2011 18:30:32
745477,2012.PRES.BIDEN,Joe Biden to be elected President in 2012,2,0.7,Aug/01/2011 21:32:47
745477,2012.PRES.BIDEN,Joe Biden to be elected President in 2012,1,0.7,Aug/01/2011 22:33:45
745477,2012.PRES.BIDEN,Joe Biden to be elected President in 2012,4,0.7,Aug/02/2011 00:34:10
745477,2012.PRES.BIDEN,Joe Biden to be elected President in 2012,1,0.7,Aug/02/2011 11:20:51
745477,2012.PRES.BIDEN,Joe Biden to be elected President in 2012,10,0.7,Aug/02/2011 20:09:39
745477,2012.PRES.BIDEN,Joe Biden to be elected President in 2012,10,0.7,Aug/02/2011 22:32:14
745477,2012.PRES.BIDEN,Joe Biden to be elected President in 2012,1,0.7,Aug/02/2011 22:38:46
745477,2012.PRES.BIDEN,Joe Biden to be elected President in 2012,1,0.7,Aug/02/2011 22:40:55
745477,2012.PRES.BIDEN,Joe Biden to be elected President in 2012,1,0.7,Aug/02/2011 22:49:47
745477,2012.PRES.BIDEN,Joe Biden to be elected President in 2012,10,0.6,Aug/03/2011 14:17:59
745477,2012.PRES.BIDEN,Joe Biden to be elected President in 2012,10,0.6,Aug/03/2011 14:18:06
745477,2012.PRES.BIDEN,Joe Biden to be elected President in 2012,9,0.6,Aug/03/2011 14:18:48
745477,2012.PRES.BIDEN,Joe Biden to be elected President in 2012,10,0.7,Aug/04/2011 11:49:29
745477,2012.PRES.BIDEN,Joe Biden to be elected President in 2012,34,0.7,Aug/04/2011 11:49:29
745477,2012.PRES.BIDEN,Joe Biden to be elected President in 2012,10,0.7,Aug/04/2011 11:49:29
745477,2012.PRES.BIDEN,Joe Biden to be elected President in 2012,2,0.6,Aug/04/2011 18:01:14
745477,2012.PRES.BIDEN,Joe Biden to be elected President in 2012,10,0.6,Aug/05/2011 01:16:58
745477,2012.PRES.BIDEN,Joe Biden to be elected President in 2012,1,0.6,Aug/05/2011 01:17:07
745477,2012.PRES.BIDEN,Joe Biden to be elected President in 2012,10,0.6,Aug/05/2011 13:09:10
745477,2012.PRES.BIDEN,Joe Biden to be elected President in 2012,10,0.6,Aug/05/2011 13:09:18
745477,2012.PRES.BIDEN,Joe Biden to be elected President in 2012,4,0.6,Aug/05/2011 13:09:44
745477,2012.PRES.BIDEN,Joe Biden to be elected President in 2012,10,0.7,Aug/06/2011 01:03:57
745477,2012.PRES.BIDEN,Joe Biden to be elected President in 2012,10,0.7,Aug/06/2011 01:03:57
745477,2012.PRES.BIDEN,Joe Biden to be elected President in 2012,10,0.7,Aug/06/2011 01:03:57
745477,2012.PRES.BIDEN,Joe Biden to be elected President in 2012,10,0.7,Aug/06/2011 01:03:57
745477,2012.PRES.BIDEN,Joe Biden to be elected President in 2012,10,0.7,Aug/06/2011 01:03:57
745477,2012.PRES.BIDEN,Joe Biden to be elected President in 2012,3,0.7,Aug/06/2011 02:43:26
745477,2012.PRES.BIDEN,Joe Biden to be elected President in 2012,2,0.7,Aug/06/2011 09:41:15
745477,2012.PRES.BIDEN,Joe Biden to be elected President in 2012,10,0.7,Aug/06/2011 09:41:15
745477,2012.PRES.BIDEN,Joe Biden to be elected President in 2012,3,0.6,Aug/06/2011 12:51:47
745477,2012.PRES.BIDEN,Joe Biden to be elected President in 2012,10,0.7,Aug/06/2011 20:12:31
745477,2012.PRES.BIDEN,Joe Biden to be elected President in 2012,40,0.7,Aug/07/2011 22:08:13
745477,2012.PRES.BIDEN,Joe Biden to be elected President in 2012,2,0.6,Aug/08/2011 16:24:43
745477,2012.PRES.BIDEN,Joe Biden to be elected President in 2012,1,0.6,Aug/08/2011 16:24:51
745477,2012.PRES.BIDEN,Joe Biden to be elected President in 2012,150,0.6,Aug/09/2011 21:45:31
745477,2012.PRES.BIDEN,Joe Biden to be elected President in 2012,1,0.7,Aug/10/2011 14:17:04
745477,2012.PRES.BIDEN,Joe Biden to be elected President in 2012,1,0.6,Aug/11/2011 21:41:37
745477,2012.PRES.BIDEN,Joe Biden to be elected President in 2012,1,0.6,Aug/11/2011 23:34:51
745477,2012.PRES.BIDEN,Joe Biden to be elected President in 2012,10,0.6,Aug/12/2011 00:25:23
745477,2012.PRES.BIDEN,Joe Biden to be elected President in 2012,2,0.6,Aug/12/2011 00:25:32
745477,2012.PRES.BIDEN,Joe Biden to be elected President in 2012,10,0.6,Aug/12/2011 00:26:17
745477,2012.PRES.BIDEN,Joe Biden to be elected President in 2012,2,0.6,Aug/12/2011 03:28:15
745477,2012.PRES.BIDEN,Joe Biden to be elected President in 2012,2,0.7,Aug/12/2011 05:05:37
745477,2012.PRES.BIDEN,Joe Biden to be elected President in 2012,10,0.6,Aug/12/2011 21:37:26
745477,2012.PRES.BIDEN,Joe Biden to be elected President in 2012,10,0.6,Aug/13/2011 01:51:54
745477,2012.PRES.BIDEN,Joe Biden to be elected President in 2012,10,0.6,Aug/13/2011 01:52:39
745477,2012.PRES.BIDEN,Joe Biden to be elected President in 2012,1,0.6,Aug/13/2011 02:34:59
745477,2012.PRES.BIDEN,Joe Biden to be elected President in 2012,1,0.6,Aug/13/2011 17:21:21
745477,2012.PRES.BIDEN,Joe Biden to be elected President in 2012,1,0.6,Aug/13/2011 17:21:41
745477,2012.PRES.BIDEN,Joe Biden to be elected President in 2012,2,0.6,Aug/14/2011 08:41:46
745477,2012.PRES.BIDEN,Joe Biden to be elected President in 2012,4,0.6,Aug/14/2011 19:35:51
745477,2012.PRES.BIDEN,Joe Biden to be elected President in 2012,6,0.6,Aug/16/2011 11:45:30
745477,2012.PRES.BIDEN,Joe Biden to be elected President in 2012,7,0.7,Aug/16/2011 17:32:01
745477,2012.PRES.BIDEN,Joe Biden to be elected President in 2012,10,0.7,Aug/16/2011 17:32:01
745477,2012.PRES.BIDEN,Joe Biden to be elected President in 2012,10,0.7,Aug/16/2011 17:32:01
745477,2012.PRES.BIDEN,Joe Biden to be elected President in 2012,10,0.7,Aug/16/2011 17:32:01
745477,2012.PRES.BIDEN,Joe Biden to be elected President in 2012,10,0.7,Aug/16/2011 17:32:01
745477,2012.PRES.BIDEN,Joe Biden to be elected President in 2012,3,0.7,Aug/16/2011 17:32:01
745477,2012.PRES.BIDEN,Joe Biden to be elected President in 2012,2,0.6,Aug/18/2011 03:34:55
745477,2012.PRES.BIDEN,Joe Biden to be elected President in 2012,20,0.6,Aug/18/2011 03:37:25
745477,2012.PRES.BIDEN,Joe Biden to be elected President in 2012,100,0.6,Aug/18/2011 14:33:48
745477,2012.PRES.BIDEN,Joe Biden to be elected President in 2012,2,0.6,Aug/20/2011 21:47:01
745477,2012.PRES.BIDEN,Joe Biden to be elected President in 2012,3,0.7,Aug/21/2011 02:44:57
745477,2012.PRES.BIDEN,Joe Biden to be elected President in 2012,4,0.7,Aug/22/2011 02:37:14
745477,2012.PRES.BIDEN,Joe Biden to be elected President in 2012,10,0.7,Aug/22/2011 02:37:14
745477,2012.PRES.BIDEN,Joe Biden to be elected President in 2012,10,0.7,Aug/22/2011 02:37:14
745477,2012.PRES.BIDEN,Joe Biden to be elected President in 2012,10,0.7,Aug/22/2011 02:37:14
745477,2012.PRES.BIDEN,Joe Biden to be elected President in 2012,10,0.7,Aug/22/2011 02:37:14
745477,2012.PRES.BIDEN,Joe Biden to be elected President in 2012,6,0.7,Aug/22/2011 02:37:14
745477,2012.PRES.BIDEN,Joe Biden to be elected President in 2012,3,0.6,Aug/22/2011 21:01:50
745477,2012.PRES.BIDEN,Joe Biden to be elected President in 2012,3,0.6,Aug/23/2011 21:10:22
745477,2012.PRES.BIDEN,Joe Biden to be elected President in 2012,4,0.7,Aug/23/2011 21:23:28
745477,2012.PRES.BIDEN,Joe Biden to be elected President in 2012,21,0.7,Aug/23/2011 21:23:28
745477,2012.PRES.BIDEN,Joe Biden to be elected President in 2012,99,0.5,Aug/24/2011 02:32:06
745477,2012.PRES.BIDEN,Joe Biden to be elected President in 2012,6,0.6,Aug/24/2011 02:32:06
745477,2012.PRES.BIDEN,Joe Biden to be elected President in 2012,150,0.6,Aug/24/2011 02:32:06
745477,2012.PRES.BIDEN,Joe Biden to be elected President in 2012,2,0.4,Aug/24/2011 02:46:54
745477,2012.PRES.BIDEN,Joe Biden to be elected President in 2012,2,0.4,Aug/24/2011 02:49:33
745477,2012.PRES.BIDEN,Joe Biden to be elected President in 2012,8,0.4,Aug/24/2011 02:51:15
745477,2012.PRES.BIDEN,Joe Biden to be elected President in 2012,294,0.5,Aug/24/2011 03:20:53
745477,2012.PRES.BIDEN,Joe Biden to be elected President in 2012,30,0.5,Aug/24/2011 03:20:53
745477,2012.PRES.BIDEN,Joe Biden to be elected President in 2012,2,0.5,Aug/24/2011 12:09:52
745477,2012.PRES.BIDEN,Joe Biden to be elected President in 2012,2,0.5,Aug/24/2011 12:20:07
745477,2012.PRES.BIDEN,Joe Biden to be elected President in 2012,7,0.5,Aug/24/2011 12:21:37
745477,2012.PRES.BIDEN,Joe Biden to be elected President in 2012,1,0.6,Aug/24/2011 21:45:08
745477,2012.PRES.BIDEN,Joe Biden to be elected President in 2012,10,0.6,Aug/24/2011 21:45:08
745477,2012.PRES.BIDEN,Joe Biden to be elected President in 2012,9,0.7,Aug/24/2011 21:45:41
745477,2012.PRES.BIDEN,Joe Biden to be elected President in 2012,2,0.5,Aug/25/2011 01:49:29
745477,2012.PRES.BIDEN,Joe Biden to be elected President in 2012,2,0.5,Aug/26/2011 01:15:06
745477,2012.PRES.BIDEN,Joe Biden to be elected President in 2012,1,0.5,Aug/26/2011 01:16:06
745477,2012.PRES.BIDEN,Joe Biden to be elected President in 2012,1,0.5,Aug/26/2011 11:19:24
745477,2012.PRES.BIDEN,Joe Biden to be elected President in 2012,2,0.5,Aug/26/2011 23:51:50
745477,2012.PRES.BIDEN,Joe Biden to be elected President in 2012,1,0.5,Aug/27/2011 01:31:35
745477,2012.PRES.BIDEN,Joe Biden to be elected President in 2012,1,0.6,Aug/27/2011 03:36:30
745477,2012.PRES.BIDEN,Joe Biden to be elected President in 2012,199,0.6,Aug/27/2011 03:36:30
745477,2012.PRES.BIDEN,Joe Biden to be elected President in 2012,1,0.5,Aug/27/2011 12:37:07
745477,2012.PRES.BIDEN,Joe Biden to be elected President in 2012,51,0.6,Aug/27/2011 17:28:09
745477,2012.PRES.BIDEN,Joe Biden to be elected President in 2012,10,0.6,Aug/27/2011 17:28:09
745477,2012.PRES.BIDEN,Joe Biden to be elected President in 2012,50,0.9,Aug/27/2011 18:06:27
745477,2012.PRES.BIDEN,Joe Biden to be elected President in 2012,5,0.7,Aug/30/2011 01:01:46
745477,2012.PRES.BIDEN,Joe Biden to be elected President in 2012,5,0.7,Aug/30/2011 11:40:32
745477,2012.PRES.BIDEN,Joe Biden to be elected President in 2012,14,0.7,Aug/30/2011 14:52:06
745477,2012.PRES.BIDEN,Joe Biden to be elected President in 2012,21,0.7,Sep/01/2011 15:20:11
745477,2012.PRES.BIDEN,Joe Biden to be elected President in 2012,1,0.7,Sep/01/2011 15:30:45
745477,2012.PRES.BIDEN,Joe Biden to be elected President in 2012,1,0.7,Sep/01/2011 15:31:58
745477,2012.PRES.BIDEN,Joe Biden to be elected President in 2012,1,0.7,Sep/01/2011 15:32:22
745477,2012.PRES.BIDEN,Joe Biden to be elected President in 2012,1,0.7,Sep/01/2011 15:32:44
745477,2012.PRES.BIDEN,Joe Biden to be elected President in 2012,167,0.6,Sep/01/2011 21:59:21
745477,2012.PRES.BIDEN,Joe Biden to be elected President in 2012,151,0.7,Sep/01/2011 21:59:21
745477,2012.PRES.BIDEN,Joe Biden to be elected President in 2012,1,0.5,Sep/02/2011 02:16:26
745477,2012.PRES.BIDEN,Joe Biden to be elected President in 2012,83,0.6,Sep/02/2011 03:33:46
745477,2012.PRES.BIDEN,Joe Biden to be elected President in 2012,44,0.6,Sep/02/2011 04:36:48
745477,2012.PRES.BIDEN,Joe Biden to be elected President in 2012,9,0.5,Sep/02/2011 05:09:40
745477,2012.PRES.BIDEN,Joe Biden to be elected President in 2012,7,0.5,Sep/02/2011 17:33:55
745477,2012.PRES.BIDEN,Joe Biden to be elected President in 2012,10,0.5,Sep/02/2011 18:53:22
745477,2012.PRES.BIDEN,Joe Biden to be elected President in 2012,1,0.5,Sep/02/2011 18:58:48
745477,2012.PRES.BIDEN,Joe Biden to be elected President in 2012,1,0.5,Sep/02/2011 21:16:43
745477,2012.PRES.BIDEN,Joe Biden to be elected President in 2012,1,0.5,Sep/03/2011 14:20:11
745477,2012.PRES.BIDEN,Joe Biden to be elected President in 2012,5,0.6,Sep/04/2011 15:37:24
745477,2012.PRES.BIDEN,Joe Biden to be elected President in 2012,5,0.6,Sep/04/2011 15:37:24
745477,2012.PRES.BIDEN,Joe Biden to be elected President in 2012,10,0.6,Sep/04/2011 15:37:24
745477,2012.PRES.BIDEN,Joe Biden to be elected President in 2012,10,0.6,Sep/04/2011 18:04:44
745477,2012.PRES.BIDEN,Joe Biden to be elected President in 2012,10,0.7,Sep/06/2011 21:05:17
745477,2012.PRES.BIDEN,Joe Biden to be elected President in 2012,10,0.7,Sep/06/2011 21:05:17
745477,2012.PRES.BIDEN,Joe Biden to be elected President in 2012,5,0.7,Sep/06/2011 21:05:17
745477,2012.PRES.BIDEN,Joe Biden to be elected President in 2012,1,0.6,Sep/08/2011 12:32:49
745477,2012.PRES.BIDEN,Joe Biden to be elected President in 2012,69,0.6,Sep/08/2011 14:11:22
745477,2012.PRES.BIDEN,Joe Biden to be elected President in 2012,5,0.6,Sep/08/2011 14:11:22
745477,2012.PRES.BIDEN,Joe Biden to be elected President in 2012,5,0.6,Sep/08/2011 16:58:04
745477,2012.PRES.BIDEN,Joe Biden to be elected President in 2012,50,0.6,Sep/10/2011 22:25:01
745477,2012.PRES.BIDEN,Joe Biden to be elected President in 2012,50,0.5,Sep/12/2011 05:52:24
745477,2012.PRES.BIDEN,Joe Biden to be elected President in 2012,1,0.5,Sep/12/2011 15:06:45
745477,2012.PRES.BIDEN,Joe Biden to be elected President in 2012,5,0.5,Sep/13/2011 13:50:44
745477,2012.PRES.BIDEN,Joe Biden to be elected President in 2012,5,0.5,Sep/13/2011 14:09:35
745477,2012.PRES.BIDEN,Joe Biden to be elected President in 2012,1,0.5,Sep/13/2011 14:24:05
745477,2012.PRES.BIDEN,Joe Biden to be elected President in 2012,18,0.5,Sep/13/2011 15:29:59
745477,2012.PRES.BIDEN,Joe Biden to be elected President in 2012,2,0.5,Sep/13/2011 17:22:48
745477,2012.PRES.BIDEN,Joe Biden to be elected President in 2012,43,0.5,Sep/13/2011 18:54:30
745477,2012.PRES.BIDEN,Joe Biden to be elected President in 2012,18,0.5,Sep/13/2011 20:34:37
745477,2012.PRES.BIDEN,Joe Biden to be elected President in 2012,12,0.5,Sep/16/2011 01:09:46
745477,2012.PRES.BIDEN,Joe Biden to be elected President in 2012,2,0.5,Sep/16/2011 04:27:45
745477,2012.PRES.BIDEN,Joe Biden to be elected President in 2012,10,0.5,Sep/16/2011 18:51:44
745477,2012.PRES.BIDEN,Joe Biden to be elected President in 2012,100,0.5,Sep/17/2011 02:55:54
745477,2012.PRES.BIDEN,Joe Biden to be elected President in 2012,10,0.5,Sep/17/2011 03:01:52
745477,2012.PRES.BIDEN,Joe Biden to be elected President in 2012,3,0.5,Sep/17/2011 03:03:45
745477,2012.PRES.BIDEN,Joe Biden to be elected President in 2012,3,0.5,Sep/17/2011 13:10:28
745477,2012.PRES.BIDEN,Joe Biden to be elected President in 2012,1,0.5,Sep/18/2011 15:48:36
745477,2012.PRES.BIDEN,Joe Biden to be elected President in 2012,10,0.5,Sep/18/2011 15:48:57
745477,2012.PRES.BIDEN,Joe Biden to be elected President in 2012,9,0.5,Sep/18/2011 15:49:17
745477,2012.PRES.BIDEN,Joe Biden to be elected President in 2012,5,0.6,Sep/19/2011 16:44:04
745477,2012.PRES.BIDEN,Joe Biden to be elected President in 2012,23,0.5,Sep/20/2011 16:00:15
745477,2012.PRES.BIDEN,Joe Biden to be elected President in 2012,1,0.5,Sep/20/2011 16:01:06
745477,2012.PRES.BIDEN,Joe Biden to be elected President in 2012,123,0.5,Sep/21/2011 07:08:29
745477,2012.PRES.BIDEN,Joe Biden to be elected President in 2012,300,0.5,Sep/21/2011 07:08:29
745477,2012.PRES.BIDEN,Joe Biden to be elected President in 2012,27,0.5,Sep/21/2011 07:08:29
745477,2012.PRES.BIDEN,Joe Biden to be elected President in 2012,20,0.5,Sep/21/2011 11:31:19
745477,2012.PRES.BIDEN,Joe Biden to be elected President in 2012,1,0.4,Sep/21/2011 18:27:02
745477,2012.PRES.BIDEN,Joe Biden to be elected President in 2012,13,0.5,Sep/21/2011 18:27:02
745477,2012.PRES.BIDEN,Joe Biden to be elected President in 2012,10,0.4,Sep/21/2011 23:22:08
745477,2012.PRES.BIDEN,Joe Biden to be elected President in 2012,1,0.4,Sep/24/2011 03:34:00
745477,2012.PRES.BIDEN,Joe Biden to be elected President in 2012,100,0.4,Sep/26/2011 18:55:33
745477,2012.PRES.BIDEN,Joe Biden to be elected President in 2012,100,0.4,Sep/26/2011 18:55:33
745477,2012.PRES.BIDEN,Joe Biden to be elected President in 2012,96,0.4,Sep/26/2011 18:55:59
745477,2012.PRES.BIDEN,Joe Biden to be elected President in 2012,1,0.5,Sep/26/2011 19:08:45
745477,2012.PRES.BIDEN,Joe Biden to be elected President in 2012,9,0.5,Sep/26/2011 19:09:04
745477,2012.PRES.BIDEN,Joe Biden to be elected President in 2012,1,0.5,Sep/26/2011 19:09:04
745477,2012.PRES.BIDEN,Joe Biden to be elected President in 2012,5,0.4,Sep/26/2011 21:08:06
745477,2012.PRES.BIDEN,Joe Biden to be elected President in 2012,8,0.4,Sep/28/2011 02:10:09
745477,2012.PRES.BIDEN,Joe Biden to be elected President in 2012,2,0.4,Sep/28/2011 02:10:45
745477,2012.PRES.BIDEN,Joe Biden to be elected President in 2012,3,0.4,Sep/28/2011 02:11:23
745477,2012.PRES.BIDEN,Joe Biden to be elected President in 2012,1,0.4,Sep/28/2011 02:13:12
745477,2012.PRES.BIDEN,Joe Biden to be elected President in 2012,5,0.4,Sep/29/2011 16:45:36
745477,2012.PRES.BIDEN,Joe Biden to be elected President in 2012,5,0.4,Sep/29/2011 16:46:13
745477,2012.PRES.BIDEN,Joe Biden to be elected President in 2012,5,0.4,Sep/29/2011 17:27:35
745477,2012.PRES.BIDEN,Joe Biden to be elected President in 2012,1,0.4,Sep/29/2011 17:58:42
745477,2012.PRES.BIDEN,Joe Biden to be elected President in 2012,4,0.4,Sep/29/2011 18:59:36
745477,2012.PRES.BIDEN,Joe Biden to be elected President in 2012,61,0.4,Sep/30/2011 01:44:03
745477,2012.PRES.BIDEN,Joe Biden to be elected President in 2012,5,0.4,Sep/30/2011 01:44:03
745477,2012.PRES.BIDEN,Joe Biden to be elected President in 2012,10,0.4,Sep/30/2011 01:44:03
745477,2012.PRES.BIDEN,Joe Biden to be elected President in 2012,4,0.4,Sep/30/2011 01:44:03
745477,2012.PRES.BIDEN,Joe Biden to be elected President in 2012,20,0.4,Sep/30/2011 01:44:03
745477,2012.PRES.BIDEN,Joe Biden to be elected President in 2012,50,0.4,Sep/30/2011 01:44:30
745477,2012.PRES.BIDEN,Joe Biden to be elected President in 2012,50,0.4,Sep/30/2011 02:00:03
745477,2012.PRES.BIDEN,Joe Biden to be elected President in 2012,50,0.4,Sep/30/2011 02:00:03
745477,2012.PRES.BIDEN,Joe Biden to be elected President in 2012,10,0.5,Oct/01/2011 04:53:46
745477,2012.PRES.BIDEN,Joe Biden to be elected President in 2012,50,0.5,Oct/01/2011 04:53:46
745477,2012.PRES.BIDEN,Joe Biden to be elected President in 2012,1,0.5,Oct/01/2011 04:53:46
745477,2012.PRES.BIDEN,Joe Biden to be elected President in 2012,14,0.5,Oct/01/2011 04:53:46
745477,2012.PRES.BIDEN,Joe Biden to be elected President in 2012,5,0.4,Oct/01/2011 09:45:57
745477,2012.PRES.BIDEN,Joe Biden to be elected President in 2012,1,0.5,Oct/02/2011 19:02:22
745477,2012.PRES.BIDEN,Joe Biden to be elected President in 2012,35,0.5,Oct/03/2011 06:20:53
745477,2012.PRES.BIDEN,Joe Biden to be elected President in 2012,50,0.5,Oct/03/2011 06:20:53
745477,2012.PRES.BIDEN,Joe Biden to be elected President in 2012,50,0.5,Oct/03/2011 06:20:53
745477,2012.PRES.BIDEN,Joe Biden to be elected President in 2012,50,0.5,Oct/03/2011 06:20:53
745477,2012.PRES.BIDEN,Joe Biden to be elected President in 2012,100,0.5,Oct/03/2011 06:20:53
745477,2012.PRES.BIDEN,Joe Biden to be elected President in 2012,100,0.5,Oct/03/2011 06:20:53
745477,2012.PRES.BIDEN,Joe Biden to be elected President in 2012,50,0.5,Oct/03/2011 06:20:53
745477,2012.PRES.BIDEN,Joe Biden to be elected President in 2012,50,0.5,Oct/03/2011 06:20:53
745477,2012.PRES.BIDEN,Joe Biden to be elected President in 2012,15,0.5,Oct/03/2011 06:20:53
745477,2012.PRES.BIDEN,Joe Biden to be elected President in 2012,35,0.5,Oct/03/2011 07:35:46
745477,2012.PRES.BIDEN,Joe Biden to be elected President in 2012,24,0.5,Oct/03/2011 07:35:46
745477,2012.PRES.BIDEN,Joe Biden to be elected President in 2012,50,0.5,Oct/03/2011 07:35:46
745477,2012.PRES.BIDEN,Joe Biden to be elected President in 2012,1,0.5,Oct/03/2011 07:35:46
745477,2012.PRES.BIDEN,Joe Biden to be elected President in 2012,15,0.5,Oct/03/2011 07:35:46
745477,2012.PRES.BIDEN,Joe Biden to be elected President in 2012,20,0.5,Oct/05/2011 20:54:40
745477,2012.PRES.BIDEN,Joe Biden to be elected President in 2012,20,0.5,Oct/05/2011 20:54:53
745477,2012.PRES.BIDEN,Joe Biden to be elected President in 2012,2,0.5,Oct/06/2011 08:24:28
745477,2012.PRES.BIDEN,Joe Biden to be elected President in 2012,2,0.5,Oct/06/2011 08:25:07
745477,2012.PRES.BIDEN,Joe Biden to be elected President in 2012,5,0.4,Oct/08/2011 01:53:18
745477,2012.PRES.BIDEN,Joe Biden to be elected President in 2012,1,0.4,Oct/09/2011 04:49:17
745477,2012.PRES.BIDEN,Joe Biden to be elected President in 2012,1,0.4,Oct/10/2011 00:35:51
745477,2012.PRES.BIDEN,Joe Biden to be elected President in 2012,10,0.4,Oct/10/2011 20:20:50
745477,2012.PRES.BIDEN,Joe Biden to be elected President in 2012,5,0.4,Oct/10/2011 20:44:41
745477,2012.PRES.BIDEN,Joe Biden to be elected President in 2012,16,0.4,Oct/10/2011 20:49:57
745477,2012.PRES.BIDEN,Joe Biden to be elected President in 2012,31,0.4,Oct/10/2011 20:53:47
745477,2012.PRES.BIDEN,Joe Biden to be elected President in 2012,1,0.4,Oct/10/2011 20:59:16
745477,2012.PRES.BIDEN,Joe Biden to be elected President in 2012,185,0.4,Oct/10/2011 21:34:14
745477,2012.PRES.BIDEN,Joe Biden to be elected President in 2012,4,0.4,Oct/10/2011 21:34:14
745477,2012.PRES.BIDEN,Joe Biden to be elected President in 2012,1,0.3,Oct/10/2011 21:36:11
745477,2012.PRES.BIDEN,Joe Biden to be elected President in 2012,10,0.3,Oct/11/2011 04:25:45
745477,2012.PRES.BIDEN,Joe Biden to be elected President in 2012,7,0.3,Oct/11/2011 04:25:45
745477,2012.PRES.BIDEN,Joe Biden to be elected President in 2012,33,0.3,Oct/11/2011 04:25:45
745477,2012.PRES.BIDEN,Joe Biden to be elected President in 2012,100,0.4,Oct/11/2011 12:45:23
745477,2012.PRES.BIDEN,Joe Biden to be elected President in 2012,6,0.3,Oct/11/2011 21:19:16
745477,2012.PRES.BIDEN,Joe Biden to be elected President in 2012,10,0.3,Oct/11/2011 21:23:07
745477,2012.PRES.BIDEN,Joe Biden to be elected President in 2012,10,0.3,Oct/11/2011 21:26:26
745477,2012.PRES.BIDEN,Joe Biden to be elected President in 2012,13,0.3,Oct/11/2011 23:32:33
745477,2012.PRES.BIDEN,Joe Biden to be elected President in 2012,66,0.3,Oct/11/2011 23:36:37
745477,2012.PRES.BIDEN,Joe Biden to be elected President in 2012,100,0.4,Oct/12/2011 07:29:12
745477,2012.PRES.BIDEN,Joe Biden to be elected President in 2012,7,0.3,Oct/12/2011 18:25:25
745477,2012.PRES.BIDEN,Joe Biden to be elected President in 2012,5,0.3,Oct/12/2011 20:53:23
745477,2012.PRES.BIDEN,Joe Biden to be elected President in 2012,10,0.3,Oct/12/2011 21:02:50
745477,2012.PRES.BIDEN,Joe Biden to be elected President in 2012,5,0.3,Oct/12/2011 22:05:10
745477,2012.PRES.BIDEN,Joe Biden to be elected President in 2012,10,0.3,Oct/12/2011 22:16:36
745477,2012.PRES.BIDEN,Joe Biden to be elected President in 2012,10,0.3,Oct/13/2011 00:30:23
745477,2012.PRES.BIDEN,Joe Biden to be elected President in 2012,100,0.4,Oct/14/2011 08:12:33
745477,2012.PRES.BIDEN,Joe Biden to be elected President in 2012,2,0.3,Oct/14/2011 10:38:00
745477,2012.PRES.BIDEN,Joe Biden to be elected President in 2012,11,0.3,Oct/14/2011 18:53:52
745477,2012.PRES.BIDEN,Joe Biden to be elected President in 2012,1,0.3,Oct/18/2011 14:21:37
745477,2012.PRES.BIDEN,Joe Biden to be elected President in 2012,1,0.3,Oct/18/2011 14:27:39
745477,2012.PRES.BIDEN,Joe Biden to be elected President in 2012,1,0.3,Oct/18/2011 21:53:52
745477,2012.PRES.BIDEN,Joe Biden to be elected President in 2012,1,0.3,Oct/20/2011 10:57:40
745477,2012.PRES.BIDEN,Joe Biden to be elected President in 2012,41,0.4,Oct/26/2011 04:25:17
745477,2012.PRES.BIDEN,Joe Biden to be elected President in 2012,1,0.3,Nov/04/2011 18:28:19
745477,2012.PRES.BIDEN,Joe Biden to be elected President in 2012,1,0.3,Nov/05/2011 15:30:31
745477,2012.PRES.BIDEN,Joe Biden to be elected President in 2012,2,0.3,Nov/05/2011 15:30:31
745477,2012.PRES.BIDEN,Joe Biden to be elected President in 2012,1,0.3,Nov/05/2011 16:44:19
745477,2012.PRES.BIDEN,Joe Biden to be elected President in 2012,1,0.3,Nov/05/2011 20:28:51
745477,2012.PRES.BIDEN,Joe Biden to be elected President in 2012,3,0.3,Nov/06/2011 16:21:31
745477,2012.PRES.BIDEN,Joe Biden to be elected President in 2012,493,0.3,Nov/07/2011 00:04:22
745477,2012.PRES.BIDEN,Joe Biden to be elected President in 2012,1,0.2,Nov/09/2011 17:58:07
745477,2012.PRES.BIDEN,Joe Biden to be elected President in 2012,100,0.3,Nov/09/2011 18:49:32
745477,2012.PRES.BIDEN,Joe Biden to be elected President in 2012,50,0.3,Nov/09/2011 18:49:32
745477,2012.PRES.BIDEN,Joe Biden to be elected President in 2012,1,0.3,Nov/09/2011 18:49:32
745477,2012.PRES.BIDEN,Joe Biden to be elected President in 2012,50,0.3,Nov/09/2011 18:49:32
745477,2012.PRES.BIDEN,Joe Biden to be elected President in 2012,99,0.3,Nov/11/2011 01:47:48
745477,2012.PRES.BIDEN,Joe Biden to be elected President in 2012,25,0.3,Nov/11/2011 01:56:23
745477,2012.PRES.BIDEN,Joe Biden to be elected President in 2012,400,0.3,Nov/11/2011 19:23:10
745477,2012.PRES.BIDEN,Joe Biden to be elected President in 2012,339,0.3,Nov/11/2011 19:31:12
745477,2012.PRES.BIDEN,Joe Biden to be elected President in 2012,1,0.3,Nov/11/2011 19:31:12
745477,2012.PRES.BIDEN,Joe Biden to be elected President in 2012,50,0.3,Nov/11/2011 19:31:12
745477,2012.PRES.BIDEN,Joe Biden to be elected President in 2012,50,0.3,Nov/11/2011 19:31:12
745477,2012.PRES.BIDEN,Joe Biden to be elected President in 2012,50,0.3,Nov/11/2011 19:31:12
745477,2012.PRES.BIDEN,Joe Biden to be elected President in 2012,10,0.3,Nov/11/2011 19:31:12
745477,2012.PRES.BIDEN,Joe Biden to be elected President in 2012,3,0.3,Nov/12/2011 13:24:36
745477,2012.PRES.BIDEN,Joe Biden to be elected President in 2012,47,0.2,Nov/13/2011 17:10:36
745477,2012.PRES.BIDEN,Joe Biden to be elected President in 2012,126,0.2,Nov/14/2011 06:04:19
745477,2012.PRES.BIDEN,Joe Biden to be elected President in 2012,48,0.2,Nov/14/2011 06:10:12
745477,2012.PRES.BIDEN,Joe Biden to be elected President in 2012,37,0.3,Nov/15/2011 04:08:03
745477,2012.PRES.BIDEN,Joe Biden to be elected President in 2012,1,0.3,Nov/15/2011 04:08:03
745477,2012.PRES.BIDEN,Joe Biden to be elected President in 2012,221,0.3,Nov/15/2011 04:08:03
745477,2012.PRES.BIDEN,Joe Biden to be elected President in 2012,10,0.3,Nov/15/2011 04:08:03
745477,2012.PRES.BIDEN,Joe Biden to be elected President in 2012,10,0.3,Nov/15/2011 04:08:03
745477,2012.PRES.BIDEN,Joe Biden to be elected President in 2012,50,0.3,Nov/15/2011 04:08:03
745477,2012.PRES.BIDEN,Joe Biden to be elected President in 2012,10,0.3,Nov/15/2011 04:08:03
745477,2012.PRES.BIDEN,Joe Biden to be elected President in 2012,50,0.3,Nov/15/2011 04:08:03
745477,2012.PRES.BIDEN,Joe Biden to be elected President in 2012,7,0.3,Nov/16/2011 10:40:33
745477,2012.PRES.BIDEN,Joe Biden to be elected President in 2012,1,0.3,Nov/16/2011 10:40:33
745477,2012.PRES.BIDEN,Joe Biden to be elected President in 2012,138,0.4,Nov/18/2011 13:28:39
745477,2012.PRES.BIDEN,Joe Biden to be elected President in 2012,33,0.4,Nov/18/2011 13:28:39
745477,2012.PRES.BIDEN,Joe Biden to be elected President in 2012,50,0.4,Nov/18/2011 13:28:39
745477,2012.PRES.BIDEN,Joe Biden to be elected President in 2012,50,0.4,Nov/18/2011 13:28:39
745477,2012.PRES.BIDEN,Joe Biden to be elected President in 2012,26,0.4,Nov/18/2011 13:28:39
745477,2012.PRES.BIDEN,Joe Biden to be elected President in 2012,50,0.4,Nov/18/2011 13:28:39
745477,2012.PRES.BIDEN,Joe Biden to be elected President in 2012,50,0.4,Nov/18/2011 13:28:39
745477,2012.PRES.BIDEN,Joe Biden to be elected President in 2012,50,0.4,Nov/18/2011 13:28:39
745477,2012.PRES.BIDEN,Joe Biden to be elected President in 2012,50,0.4,Nov/18/2011 13:28:39
745477,2012.PRES.BIDEN,Joe Biden to be elected President in 2012,3,0.4,Nov/18/2011 13:28:39
745477,2012.PRES.BIDEN,Joe Biden to be elected President in 2012,11,0.3,Nov/18/2011 19:37:27
745477,2012.PRES.BIDEN,Joe Biden to be elected President in 2012,289,0.3,Nov/20/2011 17:04:32
745477,2012.PRES.BIDEN,Joe Biden to be elected President in 2012,1,0.3,Nov/20/2011 17:04:32
745477,2012.PRES.BIDEN,Joe Biden to be elected President in 2012,450,0.3,Nov/22/2011 05:53:30
745477,2012.PRES.BIDEN,Joe Biden to be elected President in 2012,400,0.3,Nov/22/2011 05:53:30
745477,2012.PRES.BIDEN,Joe Biden to be elected President in 2012,50,0.3,Nov/22/2011 05:53:30
745477,2012.PRES.BIDEN,Joe Biden to be elected President in 2012,100,0.3,Nov/22/2011 05:53:30
745477,2012.PRES.BIDEN,Joe Biden to be elected President in 2012,1,0.3,Nov/22/2011 05:53:30
745477,2012.PRES.BIDEN,Joe Biden to be elected President in 2012,50,0.3,Nov/22/2011 05:53:30
745477,2012.PRES.BIDEN,Joe Biden to be elected President in 2012,1,0.3,Nov/22/2011 17:53:27
745477,2012.PRES.BIDEN,Joe Biden to be elected President in 2012,1,0.3,Nov/22/2011 17:53:27
745477,2012.PRES.BIDEN,Joe Biden to be elected President in 2012,3,0.3,Nov/22/2011 19:06:23
745477,2012.PRES.BIDEN,Joe Biden to be elected President in 2012,5,0.2,Nov/22/2011 23:18:36
745477,2012.PRES.BIDEN,Joe Biden to be elected President in 2012,6,0.3,Nov/22/2011 23:33:24
745477,2012.PRES.BIDEN,Joe Biden to be elected President in 2012,2,0.3,Nov/22/2011 23:33:40
745477,2012.PRES.BIDEN,Joe Biden to be elected President in 2012,4,0.3,Nov/23/2011 01:33:07
745477,2012.PRES.BIDEN,Joe Biden to be elected President in 2012,1,0.3,Nov/23/2011 13:00:14
745477,2012.PRES.BIDEN,Joe Biden to be elected President in 2012,1,0.3,Nov/23/2011 13:00:14
745477,2012.PRES.BIDEN,Joe Biden to be elected President in 2012,1,0.2,Nov/23/2011 16:13:07
745477,2012.PRES.BIDEN,Joe Biden to be elected President in 2012,1,0.3,Nov/23/2011 19:28:15
745477,2012.PRES.BIDEN,Joe Biden to be elected President in 2012,6,0.3,Nov/23/2011 19:29:44
745477,2012.PRES.BIDEN,Joe Biden to be elected President in 2012,11,0.3,Nov/23/2011 20:28:24
745477,2012.PRES.BIDEN,Joe Biden to be elected President in 2012,2,0.3,Nov/23/2011 22:30:29
745477,2012.PRES.BIDEN,Joe Biden to be elected President in 2012,1,0.3,Nov/23/2011 22:37:32
745477,2012.PRES.BIDEN,Joe Biden to be elected President in 2012,179,0.3,Nov/23/2011 23:32:39
745477,2012.PRES.BIDEN,Joe Biden to be elected President in 2012,50,0.3,Nov/24/2011 02:13:13
745477,2012.PRES.BIDEN,Joe Biden to be elected President in 2012,10,0.3,Nov/24/2011 02:13:34
745477,2012.PRES.BIDEN,Joe Biden to be elected President in 2012,2,0.3,Nov/25/2011 14:52:18
745477,2012.PRES.BIDEN,Joe Biden to be elected President in 2012,6,0.3,Nov/25/2011 14:57:49
745477,2012.PRES.BIDEN,Joe Biden to be elected President in 2012,3,0.3,Nov/25/2011 19:31:39
745477,2012.PRES.BIDEN,Joe Biden to be elected President in 2012,1,0.2,Nov/26/2011 07:23:08
745477,2012.PRES.BIDEN,Joe Biden to be elected President in 2012,1,0.3,Nov/27/2011 01:38:01
745477,2012.PRES.BIDEN,Joe Biden to be elected President in 2012,50,0.3,Nov/27/2011 01:38:01
745477,2012.PRES.BIDEN,Joe Biden to be elected President in 2012,50,0.3,Nov/27/2011 01:38:01
745477,2012.PRES.BIDEN,Joe Biden to be elected President in 2012,1,0.2,Nov/28/2011 12:23:00
745477,2012.PRES.BIDEN,Joe Biden to be elected President in 2012,3,0.3,Nov/30/2011 05:29:38
745477,2012.PRES.BIDEN,Joe Biden to be elected President in 2012,6,0.3,Nov/30/2011 05:29:38
745477,2012.PRES.BIDEN,Joe Biden to be elected President in 2012,1,0.3,Nov/30/2011 05:29:38
745477,2012.PRES.BIDEN,Joe Biden to be elected President in 2012,50,0.3,Nov/30/2011 05:29:38
745477,2012.PRES.BIDEN,Joe Biden to be elected President in 2012,40,0.3,Nov/30/2011 05:29:38
745477,2012.PRES.BIDEN,Joe Biden to be elected President in 2012,5,0.2,Nov/30/2011 23:47:13
745477,2012.PRES.BIDEN,Joe Biden to be elected President in 2012,40,0.3,Dec/02/2011 13:50:28
745477,2012.PRES.BIDEN,Joe Biden to be elected President in 2012,2,0.2,Dec/04/2011 04:36:53
745477,2012.PRES.BIDEN,Joe Biden to be elected President in 2012,1,0.2,Dec/04/2011 06:07:48
745477,2012.PRES.BIDEN,Joe Biden to be elected President in 2012,205,0.3,Dec/04/2011 21:50:16
745477,2012.PRES.BIDEN,Joe Biden to be elected President in 2012,50,0.3,Dec/04/2011 21:50:16
745477,2012.PRES.BIDEN,Joe Biden to be elected President in 2012,100,0.3,Dec/04/2011 21:50:16
745477,2012.PRES.BIDEN,Joe Biden to be elected President in 2012,1,0.3,Dec/04/2011 21:50:16
745477,2012.PRES.BIDEN,Joe Biden to be elected President in 2012,50,0.3,Dec/04/2011 21:50:16
745477,2012.PRES.BIDEN,Joe Biden to be elected President in 2012,200,0.3,Dec/04/2011 21:50:16
745477,2012.PRES.BIDEN,Joe Biden to be elected President in 2012,10,0.3,Dec/04/2011 21:50:16
745477,2012.PRES.BIDEN,Joe Biden to be elected President in 2012,6,0.3,Dec/04/2011 21:50:16
745477,2012.PRES.BIDEN,Joe Biden to be elected President in 2012,2,0.3,Dec/05/2011 00:44:49
745477,2012.PRES.BIDEN,Joe Biden to be elected President in 2012,1,0.3,Dec/05/2011 14:59:45
745477,2012.PRES.BIDEN,Joe Biden to be elected President in 2012,4,0.3,Dec/05/2011 15:01:42
745477,2012.PRES.BIDEN,Joe Biden to be elected President in 2012,1,0.3,Dec/05/2011 15:03:23
745477,2012.PRES.BIDEN,Joe Biden to be elected President in 2012,2,0.3,Dec/05/2011 15:04:43
745477,2012.PRES.BIDEN,Joe Biden to be elected President in 2012,68,0.3,Dec/05/2011 15:37:50
745477,2012.PRES.BIDEN,Joe Biden to be elected President in 2012,24,0.3,Dec/05/2011 15:37:50
745477,2012.PRES.BIDEN,Joe Biden to be elected President in 2012,1,0.2,Dec/05/2011 16:22:36
745477,2012.PRES.BIDEN,Joe Biden to be elected President in 2012,50,0.3,Dec/05/2011 16:25:19
745477,2012.PRES.BIDEN,Joe Biden to be elected President in 2012,359,0.3,Dec/07/2011 06:46:15
745477,2012.PRES.BIDEN,Joe Biden to be elected President in 2012,1,0.3,Dec/07/2011 06:46:15
745477,2012.PRES.BIDEN,Joe Biden to be elected President in 2012,50,0.3,Dec/07/2011 06:46:15
745477,2012.PRES.BIDEN,Joe Biden to be elected President in 2012,90,0.3,Dec/07/2011 06:46:15
745477,2012.PRES.BIDEN,Joe Biden to be elected President in 2012,4,0.2,Dec/08/2011 01:29:35
745477,2012.PRES.BIDEN,Joe Biden to be elected President in 2012,1,0.3,Dec/13/2011 05:50:37
745477,2012.PRES.BIDEN,Joe Biden to be elected President in 2012,2,0.3,Dec/13/2011 14:11:28
745477,2012.PRES.BIDEN,Joe Biden to be elected President in 2012,10,0.2,Dec/14/2011 01:53:54
745477,2012.PRES.BIDEN,Joe Biden to be elected President in 2012,7,0.3,Dec/18/2011 18:28:00
745477,2012.PRES.BIDEN,Joe Biden to be elected President in 2012,18,0.3,Dec/18/2011 18:28:00
745477,2012.PRES.BIDEN,Joe Biden to be elected President in 2012,44,0.2,Dec/20/2011 22:10:57
745477,2012.PRES.BIDEN,Joe Biden to be elected President in 2012,10,0.2,Dec/29/2011 19:28:18
745477,2012.PRES.BIDEN,Joe Biden to be elected President in 2012,11,0.2,Jan/01/2012 14:02:39
745477,2012.PRES.BIDEN,Joe Biden to be elected President in 2012,10,0.3,Jan/03/2012 05:57:37
745477,2012.PRES.BIDEN,Joe Biden to be elected President in 2012,10,0.3,Jan/03/2012 05:58:32
745477,2012.PRES.BIDEN,Joe Biden to be elected President in 2012,11,0.2,Jan/04/2012 08:12:42
745477,2012.PRES.BIDEN,Joe Biden to be elected President in 2012,8,0.2,Jan/04/2012 20:13:34
745477,2012.PRES.BIDEN,Joe Biden to be elected President in 2012,665,0.2,Jan/05/2012 10:49:12
745477,2012.PRES.BIDEN,Joe Biden to be elected President in 2012,50,0.2,Jan/05/2012 10:49:12
745477,2012.PRES.BIDEN,Joe Biden to be elected President in 2012,200,0.2,Jan/05/2012 10:49:12
745477,2012.PRES.BIDEN,Joe Biden to be elected President in 2012,85,0.2,Jan/05/2012 10:49:12
745477,2012.PRES.BIDEN,Joe Biden to be elected President in 2012,219,0.2,Jan/05/2012 14:39:08
745477,2012.PRES.BIDEN,Joe Biden to be elected President in 2012,1,0.1,Jan/05/2012 14:39:21
745477,2012.PRES.BIDEN,Joe Biden to be elected President in 2012,150,0.2,Jan/05/2012 17:48:27
745477,2012.PRES.BIDEN,Joe Biden to be elected President in 2012,2,0.2,Jan/07/2012 00:35:12
745477,2012.PRES.BIDEN,Joe Biden to be elected President in 2012,329,0.2,Jan/07/2012 00:57:42
745477,2012.PRES.BIDEN,Joe Biden to be elected President in 2012,50,0.2,Jan/07/2012 00:57:42
745477,2012.PRES.BIDEN,Joe Biden to be elected President in 2012,1,0.2,Jan/07/2012 00:57:42
745477,2012.PRES.BIDEN,Joe Biden to be elected President in 2012,50,0.2,Jan/07/2012 00:57:42
745477,2012.PRES.BIDEN,Joe Biden to be elected President in 2012,70,0.2,Jan/07/2012 00:57:42
745477,2012.PRES.BIDEN,Joe Biden to be elected President in 2012,20,0.2,Jan/07/2012 01:04:34
745477,2012.PRES.BIDEN,Joe Biden to be elected President in 2012,30,0.2,Jan/07/2012 01:40:13
745477,2012.PRES.BIDEN,Joe Biden to be elected President in 2012,50,0.2,Jan/08/2012 02:09:11
745477,2012.PRES.BIDEN,Joe Biden to be elected President in 2012,1,0.2,Jan/08/2012 02:11:33
745477,2012.PRES.BIDEN,Joe Biden to be elected President in 2012,200,0.2,Jan/08/2012 03:45:00
745477,2012.PRES.BIDEN,Joe Biden to be elected President in 2012,3,0.2,Jan/08/2012 14:20:22
745477,2012.PRES.BIDEN,Joe Biden to be elected President in 2012,50,0.2,Jan/08/2012 15:32:32
745477,2012.PRES.BIDEN,Joe Biden to be elected President in 2012,2,0.2,Jan/09/2012 12:21:45
745477,2012.PRES.BIDEN,Joe Biden to be elected President in 2012,50,0.2,Jan/09/2012 17:36:18
745477,2012.PRES.BIDEN,Joe Biden to be elected President in 2012,1,0.2,Jan/10/2012 03:27:35
745477,2012.PRES.BIDEN,Joe Biden to be elected President in 2012,250,0.2,Jan/10/2012 04:00:22
745477,2012.PRES.BIDEN,Joe Biden to be elected President in 2012,25,0.2,Jan/10/2012 17:51:01
745477,2012.PRES.BIDEN,Joe Biden to be elected President in 2012,1,0.2,Jan/11/2012 02:21:10
745477,2012.PRES.BIDEN,Joe Biden to be elected President in 2012,1,0.2,Jan/11/2012 02:23:29
745477,2012.PRES.BIDEN,Joe Biden to be elected President in 2012,1,0.2,Jan/11/2012 02:25:06
745477,2012.PRES.BIDEN,Joe Biden to be elected President in 2012,5,0.2,Jan/11/2012 02:26:10
745477,2012.PRES.BIDEN,Joe Biden to be elected President in 2012,2,0.2,Jan/11/2012 02:29:45
745477,2012.PRES.BIDEN,Joe Biden to be elected President in 2012,9,0.1,Jan/12/2012 12:37:03
745477,2012.PRES.BIDEN,Joe Biden to be elected President in 2012,1,0.1,Jan/12/2012 12:37:03
745477,2012.PRES.BIDEN,Joe Biden to be elected President in 2012,2,0.1,Jan/12/2012 22:13:44
745477,2012.PRES.BIDEN,Joe Biden to be elected President in 2012,5,0.1,Jan/12/2012 22:25:10
745477,2012.PRES.BIDEN,Joe Biden to be elected President in 2012,17,0.1,Jan/12/2012 23:53:52
745477,2012.PRES.BIDEN,Joe Biden to be elected President in 2012,3,0.1,Jan/13/2012 00:15:17
745477,2012.PRES.BIDEN,Joe Biden to be elected President in 2012,8,0.2,Jan/13/2012 02:22:22
745477,2012.PRES.BIDEN,Joe Biden to be elected President in 2012,1,0.1,Jan/13/2012 03:22:17
745477,2012.PRES.BIDEN,Joe Biden to be elected President in 2012,1,0.1,Jan/13/2012 05:53:26
745477,2012.PRES.BIDEN,Joe Biden to be elected President in 2012,10,0.1,Jan/13/2012 09:13:45
745477,2012.PRES.BIDEN,Joe Biden to be elected President in 2012,10,0.1,Jan/13/2012 22:51:50
745477,2012.PRES.BIDEN,Joe Biden to be elected President in 2012,900,0.2,Jan/15/2012 16:05:30
745477,2012.PRES.BIDEN,Joe Biden to be elected President in 2012,1,0.2,Jan/15/2012 16:05:30
745477,2012.PRES.BIDEN,Joe Biden to be elected President in 2012,16,0.2,Jan/15/2012 16:05:30
745477,2012.PRES.BIDEN,Joe Biden to be elected President in 2012,6,0.2,Jan/15/2012 16:05:30
745477,2012.PRES.BIDEN,Joe Biden to be elected President in 2012,200,0.2,Jan/15/2012 16:05:30
745477,2012.PRES.BIDEN,Joe Biden to be elected President in 2012,50,0.2,Jan/15/2012 16:05:30
745477,2012.PRES.BIDEN,Joe Biden to be elected President in 2012,50,0.2,Jan/15/2012 16:05:30
745477,2012.PRES.BIDEN,Joe Biden to be elected President in 2012,6,0.2,Jan/15/2012 16:05:30
745477,2012.PRES.BIDEN,Joe Biden to be elected President in 2012,50,0.2,Jan/15/2012 16:05:30
745477,2012.PRES.BIDEN,Joe Biden to be elected President in 2012,50,0.2,Jan/15/2012 16:05:30
745477,2012.PRES.BIDEN,Joe Biden to be elected President in 2012,50,0.2,Jan/15/2012 16:05:30
745477,2012.PRES.BIDEN,Joe Biden to be elected President in 2012,9,0.2,Jan/15/2012 16:05:30
745477,2012.PRES.BIDEN,Joe Biden to be elected President in 2012,50,0.2,Jan/15/2012 16:05:30
745477,2012.PRES.BIDEN,Joe Biden to be elected President in 2012,62,0.2,Jan/15/2012 16:05:30
745477,2012.PRES.BIDEN,Joe Biden to be elected President in 2012,1,0.2,Jan/15/2012 22:34:52
745477,2012.PRES.BIDEN,Joe Biden to be elected President in 2012,27,0.2,Jan/15/2012 22:53:42
745477,2012.PRES.BIDEN,Joe Biden to be elected President in 2012,1,0.1,Jan/15/2012 22:58:25
745477,2012.PRES.BIDEN,Joe Biden to be elected President in 2012,20,0.1,Jan/16/2012 16:06:07
745477,2012.PRES.BIDEN,Joe Biden to be elected President in 2012,100,0.2,Jan/16/2012 18:50:01
745477,2012.PRES.BIDEN,Joe Biden to be elected President in 2012,2,0.2,Jan/17/2012 02:33:06
745477,2012.PRES.BIDEN,Joe Biden to be elected President in 2012,200,0.2,Jan/18/2012 02:50:58
745477,2012.PRES.BIDEN,Joe Biden to be elected President in 2012,8,0.2,Jan/18/2012 02:51:18
745477,2012.PRES.BIDEN,Joe Biden to be elected President in 2012,50,0.2,Jan/18/2012 02:51:18
745477,2012.PRES.BIDEN,Joe Biden to be elected President in 2012,42,0.2,Jan/18/2012 02:51:18
745477,2012.PRES.BIDEN,Joe Biden to be elected President in 2012,8,0.2,Jan/19/2012 03:08:29
745477,2012.PRES.BIDEN,Joe Biden to be elected President in 2012,1,0.2,Jan/19/2012 03:08:29
745477,2012.PRES.BIDEN,Joe Biden to be elected President in 2012,17,0.2,Jan/19/2012 03:08:29
745477,2012.PRES.BIDEN,Joe Biden to be elected President in 2012,1,0.1,Jan/19/2012 03:08:37
745477,2012.PRES.BIDEN,Joe Biden to be elected President in 2012,4,0.2,Jan/19/2012 13:46:44
745477,2012.PRES.BIDEN,Joe Biden to be elected President in 2012,479,0.2,Jan/19/2012 21:04:27
745477,2012.PRES.BIDEN,Joe Biden to be elected President in 2012,21,0.2,Jan/19/2012 21:04:27
745477,2012.PRES.BIDEN,Joe Biden to be elected President in 2012,77,0.2,Jan/21/2012 00:16:20
745477,2012.PRES.BIDEN,Joe Biden to be elected President in 2012,100,0.2,Jan/21/2012 00:16:20
745477,2012.PRES.BIDEN,Joe Biden to be elected President in 2012,100,0.2,Jan/21/2012 00:16:20
745477,2012.PRES.BIDEN,Joe Biden to be elected President in 2012,1,0.2,Jan/21/2012 00:16:20
745477,2012.PRES.BIDEN,Joe Biden to be elected President in 2012,14,0.2,Jan/21/2012 00:16:54
745477,2012.PRES.BIDEN,Joe Biden to be elected President in 2012,7,0.2,Jan/21/2012 00:17:07
745477,2012.PRES.BIDEN,Joe Biden to be elected President in 2012,5,0.2,Jan/21/2012 04:45:44
745477,2012.PRES.BIDEN,Joe Biden to be elected President in 2012,35,0.2,Jan/21/2012 04:50:18
745477,2012.PRES.BIDEN,Joe Biden to be elected President in 2012,6,0.2,Jan/21/2012 04:55:29
745477,2012.PRES.BIDEN,Joe Biden to be elected President in 2012,50,0.3,Jan/22/2012 00:54:29
745477,2012.PRES.BIDEN,Joe Biden to be elected President in 2012,9,0.2,Jan/22/2012 03:16:19
745477,2012.PRES.BIDEN,Joe Biden to be elected President in 2012,100,0.3,Jan/22/2012 18:32:31
745477,2012.PRES.BIDEN,Joe Biden to be elected President in 2012,9,0.3,Jan/22/2012 18:32:31
745477,2012.PRES.BIDEN,Joe Biden to be elected President in 2012,20,0.2,Jan/22/2012 19:02:00
745477,2012.PRES.BIDEN,Joe Biden to be elected President in 2012,1,0.2,Jan/23/2012 19:14:02
745477,2012.PRES.BIDEN,Joe Biden to be elected President in 2012,4,0.2,Jan/24/2012 11:53:39
745477,2012.PRES.BIDEN,Joe Biden to be elected President in 2012,34,0.2,Jan/24/2012 14:53:43
745477,2012.PRES.BIDEN,Joe Biden to be elected President in 2012,50,0.2,Jan/24/2012 15:27:18
745477,2012.PRES.BIDEN,Joe Biden to be elected President in 2012,91,0.3,Jan/25/2012 10:23:33
745477,2012.PRES.BIDEN,Joe Biden to be elected President in 2012,100,0.3,Jan/25/2012 10:23:33
745477,2012.PRES.BIDEN,Joe Biden to be elected President in 2012,50,0.3,Jan/25/2012 10:23:33
745477,2012.PRES.BIDEN,Joe Biden to be elected President in 2012,50,0.3,Jan/25/2012 10:23:33
745477,2012.PRES.BIDEN,Joe Biden to be elected President in 2012,50,0.3,Jan/25/2012 10:23:33
745477,2012.PRES.BIDEN,Joe Biden to be elected President in 2012,50,0.3,Jan/25/2012 10:23:33
745477,2012.PRES.BIDEN,Joe Biden to be elected President in 2012,50,0.3,Jan/25/2012 10:23:33
745477,2012.PRES.BIDEN,Joe Biden to be elected President in 2012,50,0.3,Jan/25/2012 10:23:33
745477,2012.PRES.BIDEN,Joe Biden to be elected President in 2012,100,0.3,Jan/25/2012 10:23:33
745477,2012.PRES.BIDEN,Joe Biden to be elected President in 2012,100,0.3,Jan/25/2012 10:23:33
745477,2012.PRES.BIDEN,Joe Biden to be elected President in 2012,50,0.3,Jan/25/2012 10:23:33
745477,2012.PRES.BIDEN,Joe Biden to be elected President in 2012,50,0.3,Jan/25/2012 10:23:33
745477,2012.PRES.BIDEN,Joe Biden to be elected President in 2012,1,0.3,Jan/25/2012 10:23:33
745477,2012.PRES.BIDEN,Joe Biden to be elected President in 2012,208,0.3,Jan/25/2012 10:23:33
745477,2012.PRES.BIDEN,Joe Biden to be elected President in 2012,292,0.3,Jan/25/2012 16:35:35
745477,2012.PRES.BIDEN,Joe Biden to be elected President in 2012,43,0.3,Jan/25/2012 16:35:35
745477,2012.PRES.BIDEN,Joe Biden to be elected President in 2012,81,0.3,Jan/25/2012 21:34:29
745477,2012.PRES.BIDEN,Joe Biden to be elected President in 2012,19,0.3,Jan/26/2012 03:37:21
745477,2012.PRES.BIDEN,Joe Biden to be elected President in 2012,50,0.3,Jan/26/2012 03:37:21
745477,2012.PRES.BIDEN,Joe Biden to be elected President in 2012,50,0.3,Jan/26/2012 03:37:21
745477,2012.PRES.BIDEN,Joe Biden to be elected President in 2012,50,0.3,Jan/26/2012 03:37:21
745477,2012.PRES.BIDEN,Joe Biden to be elected President in 2012,7,0.3,Jan/26/2012 03:37:21
745477,2012.PRES.BIDEN,Joe Biden to be elected President in 2012,50,0.3,Jan/26/2012 03:37:21
745477,2012.PRES.BIDEN,Joe Biden to be elected President in 2012,200,0.3,Jan/26/2012 03:37:21
745477,2012.PRES.BIDEN,Joe Biden to be elected President in 2012,50,0.3,Jan/26/2012 03:37:21
745477,2012.PRES.BIDEN,Joe Biden to be elected President in 2012,189,0.3,Jan/26/2012 03:37:21
745477,2012.PRES.BIDEN,Joe Biden to be elected President in 2012,505,0.3,Jan/26/2012 05:18:00
745477,2012.PRES.BIDEN,Joe Biden to be elected President in 2012,1,0.1,Jan/26/2012 05:21:21
745477,2012.PRES.BIDEN,Joe Biden to be elected President in 2012,1000,0.3,Jan/26/2012 22:31:54
745477,2012.PRES.BIDEN,Joe Biden to be elected President in 2012,500,0.3,Jan/27/2012 01:00:59
745477,2012.PRES.BIDEN,Joe Biden to be elected President in 2012,21,0.3,Jan/27/2012 02:57:35
745477,2012.PRES.BIDEN,Joe Biden to be elected President in 2012,451,0.3,Jan/27/2012 05:03:05
745477,2012.PRES.BIDEN,Joe Biden to be elected President in 2012,1,0.1,Jan/27/2012 05:03:21
745477,2012.PRES.BIDEN,Joe Biden to be elected President in 2012,28,0.3,Jan/27/2012 05:04:27
745477,2012.PRES.BIDEN,Joe Biden to be elected President in 2012,1,0.3,Jan/27/2012 05:04:27
745477,2012.PRES.BIDEN,Joe Biden to be elected President in 2012,1,0.1,Jan/27/2012 05:05:00
745477,2012.PRES.BIDEN,Joe Biden to be elected President in 2012,2,0.2,Jan/27/2012 13:22:35
745477,2012.PRES.BIDEN,Joe Biden to be elected President in 2012,4,0.2,Jan/27/2012 13:24:11
745477,2012.PRES.BIDEN,Joe Biden to be elected President in 2012,1,0.2,Jan/27/2012 15:28:09
745477,2012.PRES.BIDEN,Joe Biden to be elected President in 2012,2,0.3,Jan/27/2012 23:59:52
745477,2012.PRES.BIDEN,Joe Biden to be elected President in 2012,1,0.3,Jan/27/2012 23:59:52
745477,2012.PRES.BIDEN,Joe Biden to be elected President in 2012,11,0.3,Jan/27/2012 23:59:52
745477,2012.PRES.BIDEN,Joe Biden to be elected President in 2012,100,0.3,Jan/27/2012 23:59:52
745477,2012.PRES.BIDEN,Joe Biden to be elected President in 2012,404,0.3,Jan/27/2012 23:59:52
745477,2012.PRES.BIDEN,Joe Biden to be elected President in 2012,1,0.2,Jan/29/2012 03:14:13
745477,2012.PRES.BIDEN,Joe Biden to be elected President in 2012,96,0.3,Jan/29/2012 18:42:58
745477,2012.PRES.BIDEN,Joe Biden to be elected President in 2012,1,0.3,Jan/29/2012 18:42:58
745477,2012.PRES.BIDEN,Joe Biden to be elected President in 2012,9,0.3,Jan/29/2012 18:42:58
745477,2012.PRES.BIDEN,Joe Biden to be elected President in 2012,100,0.3,Jan/29/2012 18:42:58
745477,2012.PRES.BIDEN,Joe Biden to be elected President in 2012,9,0.3,Jan/29/2012 18:42:58
745477,2012.PRES.BIDEN,Joe Biden to be elected President in 2012,35,0.3,Jan/29/2012 18:42:58
745477,2012.PRES.BIDEN,Joe Biden to be elected President in 2012,65,0.3,Jan/29/2012 18:45:01
745477,2012.PRES.BIDEN,Joe Biden to be elected President in 2012,12,0.3,Jan/29/2012 18:45:01
745477,2012.PRES.BIDEN,Joe Biden to be elected President in 2012,1,0.2,Jan/29/2012 18:45:16
745477,2012.PRES.BIDEN,Joe Biden to be elected President in 2012,88,0.3,Jan/30/2012 08:32:12
745477,2012.PRES.BIDEN,Joe Biden to be elected President in 2012,12,0.3,Jan/30/2012 08:32:12
745477,2012.PRES.BIDEN,Joe Biden to be elected President in 2012,400,0.3,Jan/30/2012 08:32:12
745477,2012.PRES.BIDEN,Joe Biden to be elected President in 2012,1,0.3,Jan/30/2012 08:32:12
745477,2012.PRES.BIDEN,Joe Biden to be elected President in 2012,100,0.3,Jan/30/2012 08:32:12
745477,2012.PRES.BIDEN,Joe Biden to be elected President in 2012,1,0.4,Jan/30/2012 08:32:45
745477,2012.PRES.BIDEN,Joe Biden to be elected President in 2012,49,0.4,Jan/30/2012 08:41:02
745477,2012.PRES.BIDEN,Joe Biden to be elected President in 2012,50,0.4,Jan/30/2012 08:41:02
745477,2012.PRES.BIDEN,Joe Biden to be elected President in 2012,1000,0.4,Jan/30/2012 08:41:02
745477,2012.PRES.BIDEN,Joe Biden to be elected President in 2012,1,0.4,Jan/30/2012 08:41:02
745477,2012.PRES.BIDEN,Joe Biden to be elected President in 2012,22,0.4,Jan/30/2012 08:41:02
745477,2012.PRES.BIDEN,Joe Biden to be elected President in 2012,1,0.5,Jan/30/2012 08:41:10
745477,2012.PRES.BIDEN,Joe Biden to be elected President in 2012,11,0.4,Jan/30/2012 12:35:35
745477,2012.PRES.BIDEN,Joe Biden to be elected President in 2012,10,0.4,Jan/30/2012 14:13:56
745477,2012.PRES.BIDEN,Joe Biden to be elected President in 2012,1,0.4,Jan/30/2012 14:23:43
745477,2012.PRES.BIDEN,Joe Biden to be elected President in 2012,1,0.5,Jan/30/2012 14:23:48
745477,2012.PRES.BIDEN,Joe Biden to be elected President in 2012,4,0.4,Jan/30/2012 15:29:50
745477,2012.PRES.BIDEN,Joe Biden to be elected President in 2012,1,0.5,Jan/30/2012 15:33:15
745477,2012.PRES.BIDEN,Joe Biden to be elected President in 2012,7,0.4,Jan/30/2012 16:59:44
745477,2012.PRES.BIDEN,Joe Biden to be elected President in 2012,11,0.3,Jan/30/2012 17:26:07
745477,2012.PRES.BIDEN,Joe Biden to be elected President in 2012,8,0.3,Jan/30/2012 17:26:07
745477,2012.PRES.BIDEN,Joe Biden to be elected President in 2012,2,0.3,Jan/30/2012 17:36:50
745477,2012.PRES.BIDEN,Joe Biden to be elected President in 2012,1,0.3,Jan/31/2012 00:11:32
745477,2012.PRES.BIDEN,Joe Biden to be elected President in 2012,1,0.3,Jan/31/2012 00:11:32
745477,2012.PRES.BIDEN,Joe Biden to be elected President in 2012,25,0.3,Jan/31/2012 00:11:48
745477,2012.PRES.BIDEN,Joe Biden to be elected President in 2012,1,0.4,Jan/31/2012 00:11:50
745477,2012.PRES.BIDEN,Joe Biden to be elected President in 2012,2,0.3,Jan/31/2012 03:18:45
745477,2012.PRES.BIDEN,Joe Biden to be elected President in 2012,1,0.4,Jan/31/2012 06:32:02
745477,2012.PRES.BIDEN,Joe Biden to be elected President in 2012,1000,0.3,Jan/31/2012 15:26:39
745477,2012.PRES.BIDEN,Joe Biden to be elected President in 2012,1,0.3,Feb/01/2012 02:58:36
745477,2012.PRES.BIDEN,Joe Biden to be elected President in 2012,19,0.3,Feb/01/2012 15:54:23
745477,2012.PRES.BIDEN,Joe Biden to be elected President in 2012,1,0.3,Feb/01/2012 15:54:23
745477,2012.PRES.BIDEN,Joe Biden to be elected President in 2012,200,0.3,Feb/01/2012 15:54:23
745477,2012.PRES.BIDEN,Joe Biden to be elected President in 2012,1,0.4,Feb/01/2012 15:55:01
745477,2012.PRES.BIDEN,Joe Biden to be elected President in 2012,9,0.3,Feb/01/2012 16:03:32
745477,2012.PRES.BIDEN,Joe Biden to be elected President in 2012,2,0.3,Feb/01/2012 16:09:28
745477,2012.PRES.BIDEN,Joe Biden to be elected President in 2012,2,0.2,Feb/02/2012 22:59:23
745477,2012.PRES.BIDEN,Joe Biden to be elected President in 2012,5,0.3,Feb/03/2012 02:16:54
745477,2012.PRES.BIDEN,Joe Biden to be elected President in 2012,1,0.3,Feb/03/2012 02:16:54
745477,2012.PRES.BIDEN,Joe Biden to be elected President in 2012,50,0.3,Feb/03/2012 02:16:54
745477,2012.PRES.BIDEN,Joe Biden to be elected President in 2012,100,0.3,Feb/03/2012 02:16:54
745477,2012.PRES.BIDEN,Joe Biden to be elected President in 2012,9,0.4,Feb/03/2012 02:17:00
745477,2012.PRES.BIDEN,Joe Biden to be elected President in 2012,1,0.4,Feb/03/2012 02:17:00
745477,2012.PRES.BIDEN,Joe Biden to be elected President in 2012,9,0.4,Feb/03/2012 02:17:00
745477,2012.PRES.BIDEN,Joe Biden to be elected President in 2012,1,0.5,Feb/03/2012 02:17:07
745477,2012.PRES.BIDEN,Joe Biden to be elected President in 2012,1,0.4,Feb/03/2012 02:17:39
745477,2012.PRES.BIDEN,Joe Biden to be elected President in 2012,1,0.4,Feb/03/2012 02:17:39
745477,2012.PRES.BIDEN,Joe Biden to be elected President in 2012,1,0.4,Feb/03/2012 02:18:13
745477,2012.PRES.BIDEN,Joe Biden to be elected President in 2012,1,0.5,Feb/03/2012 02:18:33
745477,2012.PRES.BIDEN,Joe Biden to be elected President in 2012,11,0.4,Feb/03/2012 02:59:01
745477,2012.PRES.BIDEN,Joe Biden to be elected President in 2012,1,0.5,Feb/03/2012 03:30:16
745477,2012.PRES.BIDEN,Joe Biden to be elected President in 2012,10,0.3,Feb/03/2012 04:12:57
745477,2012.PRES.BIDEN,Joe Biden to be elected President in 2012,1,0.3,Feb/03/2012 13:38:56
745477,2012.PRES.BIDEN,Joe Biden to be elected President in 2012,1,0.4,Feb/03/2012 13:38:56
745477,2012.PRES.BIDEN,Joe Biden to be elected President in 2012,8,0.3,Feb/03/2012 13:38:56
745477,2012.PRES.BIDEN,Joe Biden to be elected President in 2012,9,0.2,Feb/03/2012 20:09:38
745477,2012.PRES.BIDEN,Joe Biden to be elected President in 2012,1,0.3,Feb/04/2012 02:35:43
745477,2012.PRES.BIDEN,Joe Biden to be elected President in 2012,7,0.2,Feb/06/2012 03:09:53
745477,2012.PRES.BIDEN,Joe Biden to be elected President in 2012,3,0.2,Feb/06/2012 03:09:53
745477,2012.PRES.BIDEN,Joe Biden to be elected President in 2012,1,0.3,Feb/06/2012 14:36:34
745477,2012.PRES.BIDEN,Joe Biden to be elected President in 2012,68,0.3,Feb/07/2012 01:53:30
745477,2012.PRES.BIDEN,Joe Biden to be elected President in 2012,1,0.3,Feb/07/2012 01:53:30
745477,2012.PRES.BIDEN,Joe Biden to be elected President in 2012,1,0.3,Feb/07/2012 01:53:30
745477,2012.PRES.BIDEN,Joe Biden to be elected President in 2012,100,0.3,Feb/07/2012 01:53:30
745477,2012.PRES.BIDEN,Joe Biden to be elected President in 2012,25,0.3,Feb/07/2012 01:53:30
745477,2012.PRES.BIDEN,Joe Biden to be elected President in 2012,8,0.4,Feb/07/2012 06:25:38
745477,2012.PRES.BIDEN,Joe Biden to be elected President in 2012,1,0.4,Feb/07/2012 06:25:38
745477,2012.PRES.BIDEN,Joe Biden to be elected President in 2012,10,0.4,Feb/07/2012 06:25:38
745477,2012.PRES.BIDEN,Joe Biden to be elected President in 2012,1,0.5,Feb/07/2012 06:25:46
745477,2012.PRES.BIDEN,Joe Biden to be elected President in 2012,10,0.3,Feb/07/2012 12:01:11
745477,2012.PRES.BIDEN,Joe Biden to be elected President in 2012,9,0.4,Feb/07/2012 12:13:15
745477,2012.PRES.BIDEN,Joe Biden to be elected President in 2012,3,0.4,Feb/07/2012 12:14:53
745477,2012.PRES.BIDEN,Joe Biden to be elected President in 2012,31,0.4,Feb/07/2012 12:16:29
745477,2012.PRES.BIDEN,Joe Biden to be elected President in 2012,7,0.4,Feb/07/2012 12:17:47
745477,2012.PRES.BIDEN,Joe Biden to be elected President in 2012,50,0.4,Feb/07/2012 12:19:34
745477,2012.PRES.BIDEN,Joe Biden to be elected President in 2012,1,0.4,Feb/07/2012 12:19:34
745477,2012.PRES.BIDEN,Joe Biden to be elected President in 2012,9,0.5,Feb/07/2012 12:21:43
745477,2012.PRES.BIDEN,Joe Biden to be elected President in 2012,16,0.5,Feb/07/2012 12:23:06
745477,2012.PRES.BIDEN,Joe Biden to be elected President in 2012,16,0.5,Feb/07/2012 12:24:27
745477,2012.PRES.BIDEN,Joe Biden to be elected President in 2012,55,0.5,Feb/07/2012 12:26:11
745477,2012.PRES.BIDEN,Joe Biden to be elected President in 2012,5,0.5,Feb/07/2012 12:28:08
745477,2012.PRES.BIDEN,Joe Biden to be elected President in 2012,1,0.5,Feb/07/2012 12:29:24
745477,2012.PRES.BIDEN,Joe Biden to be elected President in 2012,1,0.3,Feb/07/2012 12:37:09
745477,2012.PRES.BIDEN,Joe Biden to be elected President in 2012,4,0.3,Feb/07/2012 14:29:12
745477,2012.PRES.BIDEN,Joe Biden to be elected President in 2012,55,0.3,Feb/07/2012 14:29:12
745477,2012.PRES.BIDEN,Joe Biden to be elected President in 2012,9,0.3,Feb/07/2012 14:29:12
745477,2012.PRES.BIDEN,Joe Biden to be elected President in 2012,1,0.5,Feb/07/2012 15:03:18
745477,2012.PRES.BIDEN,Joe Biden to be elected President in 2012,3,0.3,Feb/07/2012 18:40:20
745477,2012.PRES.BIDEN,Joe Biden to be elected President in 2012,97,0.3,Feb/07/2012 18:42:34
745477,2012.PRES.BIDEN,Joe Biden to be elected President in 2012,2,0.3,Feb/08/2012 11:54:47
745477,2012.PRES.BIDEN,Joe Biden to be elected President in 2012,1,0.3,Feb/08/2012 11:54:47
745477,2012.PRES.BIDEN,Joe Biden to be elected President in 2012,4,0.3,Feb/08/2012 11:59:08
745477,2012.PRES.BIDEN,Joe Biden to be elected President in 2012,15,0.3,Feb/09/2012 12:05:42
745477,2012.PRES.BIDEN,Joe Biden to be elected President in 2012,607,0.2,Feb/09/2012 18:39:39
745477,2012.PRES.BIDEN,Joe Biden to be elected President in 2012,10,0.2,Feb/09/2012 18:39:39
745477,2012.PRES.BIDEN,Joe Biden to be elected President in 2012,300,0.2,Feb/09/2012 18:39:39
745477,2012.PRES.BIDEN,Joe Biden to be elected President in 2012,200,0.2,Feb/09/2012 18:39:39
745477,2012.PRES.BIDEN,Joe Biden to be elected President in 2012,100,0.2,Feb/09/2012 18:39:39
745477,2012.PRES.BIDEN,Joe Biden to be elected President in 2012,1,0.1,Feb/09/2012 19:14:12
745477,2012.PRES.BIDEN,Joe Biden to be elected President in 2012,1,0.2,Feb/10/2012 21:00:34
745477,2012.PRES.BIDEN,Joe Biden to be elected President in 2012,1,0.2,Feb/10/2012 21:00:34
745477,2012.PRES.BIDEN,Joe Biden to be elected President in 2012,52,0.2,Feb/10/2012 21:00:34
745477,2012.PRES.BIDEN,Joe Biden to be elected President in 2012,48,0.2,Feb/11/2012 07:41:19
745477,2012.PRES.BIDEN,Joe Biden to be elected President in 2012,9,0.2,Feb/11/2012 07:41:19
745477,2012.PRES.BIDEN,Joe Biden to be elected President in 2012,1,0.2,Feb/11/2012 07:41:19
745477,2012.PRES.BIDEN,Joe Biden to be elected President in 2012,117,0.2,Feb/11/2012 07:41:19
745477,2012.PRES.BIDEN,Joe Biden to be elected President in 2012,75,0.2,Feb/11/2012 07:41:42
745477,2012.PRES.BIDEN,Joe Biden to be elected President in 2012,8,0.2,Feb/11/2012 12:37:20
745477,2012.PRES.BIDEN,Joe Biden to be elected President in 2012,1,0.2,Feb/11/2012 12:37:20
745477,2012.PRES.BIDEN,Joe Biden to be elected President in 2012,6,0.2,Feb/11/2012 15:26:22
745477,2012.PRES.BIDEN,Joe Biden to be elected President in 2012,5,0.2,Feb/11/2012 15:45:11
745477,2012.PRES.BIDEN,Joe Biden to be elected President in 2012,3,0.2,Feb/11/2012 15:45:53
745477,2012.PRES.BIDEN,Joe Biden to be elected President in 2012,47,0.2,Feb/11/2012 16:00:06
745477,2012.PRES.BIDEN,Joe Biden to be elected President in 2012,5,0.2,Feb/11/2012 16:02:27
745477,2012.PRES.BIDEN,Joe Biden to be elected President in 2012,11,0.2,Feb/11/2012 16:02:58
745477,2012.PRES.BIDEN,Joe Biden to be elected President in 2012,16,0.2,Feb/11/2012 16:03:30
745477,2012.PRES.BIDEN,Joe Biden to be elected President in 2012,5,0.2,Feb/11/2012 16:07:18
