market id,market symbol,market name,trade quantity,trade price,date/time [utc]
743478,2012.PRES.CLINTON,Hillary Clinton to be elected President in 2012,1,1.9,Jan/25/2011 09:18:01
743478,2012.PRES.CLINTON,Hillary Clinton to be elected President in 2012,5,1.2,Mar/14/2011 21:58:10
743478,2012.PRES.CLINTON,Hillary Clinton to be elected President in 2012,3,2.4,Mar/28/2011 23:55:11
743478,2012.PRES.CLINTON,Hillary Clinton to be elected President in 2012,5,2.3,Mar/28/2011 23:55:11
743478,2012.PRES.CLINTON,Hillary Clinton to be elected President in 2012,5,1.1,Apr/02/2011 07:04:15
743478,2012.PRES.CLINTON,Hillary Clinton to be elected President in 2012,1,1.0,Apr/04/2011 04:36:08
743478,2012.PRES.CLINTON,Hillary Clinton to be elected President in 2012,31,1.0,Apr/13/2011 21:28:52
743478,2012.PRES.CLINTON,Hillary Clinton to be elected President in 2012,69,0.9,Apr/13/2011 21:28:52
743478,2012.PRES.CLINTON,Hillary Clinton to be elected President in 2012,2,1.0,Apr/13/2011 21:30:36
743478,2012.PRES.CLINTON,Hillary Clinton to be elected President in 2012,11,1.1,Apr/13/2011 21:30:36
743478,2012.PRES.CLINTON,Hillary Clinton to be elected President in 2012,11,1.2,Apr/13/2011 21:30:36
743478,2012.PRES.CLINTON,Hillary Clinton to be elected President in 2012,1,1.3,Apr/13/2011 21:30:36
743478,2012.PRES.CLINTON,Hillary Clinton to be elected President in 2012,1,0.4,Apr/18/2011 03:11:03
743478,2012.PRES.CLINTON,Hillary Clinton to be elected President in 2012,1,0.4,Apr/18/2011 03:11:42
743478,2012.PRES.CLINTON,Hillary Clinton to be elected President in 2012,13,0.4,Apr/18/2011 22:37:50
743478,2012.PRES.CLINTON,Hillary Clinton to be elected President in 2012,15,0.4,Apr/18/2011 22:37:50
743478,2012.PRES.CLINTON,Hillary Clinton to be elected President in 2012,3,0.5,Apr/24/2011 22:04:15
743478,2012.PRES.CLINTON,Hillary Clinton to be elected President in 2012,10,0.5,Apr/24/2011 22:04:15
743478,2012.PRES.CLINTON,Hillary Clinton to be elected President in 2012,2,0.6,Apr/24/2011 22:04:48
743478,2012.PRES.CLINTON,Hillary Clinton to be elected President in 2012,10,0.5,Apr/26/2011 14:19:05
743478,2012.PRES.CLINTON,Hillary Clinton to be elected President in 2012,10,0.5,Apr/26/2011 18:33:23
743478,2012.PRES.CLINTON,Hillary Clinton to be elected President in 2012,10,0.6,Apr/26/2011 18:43:08
743478,2012.PRES.CLINTON,Hillary Clinton to be elected President in 2012,10,0.6,Apr/26/2011 18:43:08
743478,2012.PRES.CLINTON,Hillary Clinton to be elected President in 2012,10,0.6,Apr/28/2011 23:16:32
743478,2012.PRES.CLINTON,Hillary Clinton to be elected President in 2012,3,0.3,May/02/2011 03:54:29
743478,2012.PRES.CLINTON,Hillary Clinton to be elected President in 2012,3,0.3,May/02/2011 03:54:47
743478,2012.PRES.CLINTON,Hillary Clinton to be elected President in 2012,4,0.3,May/02/2011 03:54:48
743478,2012.PRES.CLINTON,Hillary Clinton to be elected President in 2012,3,0.3,May/02/2011 03:54:49
743478,2012.PRES.CLINTON,Hillary Clinton to be elected President in 2012,2,0.3,May/02/2011 04:09:46
743478,2012.PRES.CLINTON,Hillary Clinton to be elected President in 2012,6,0.3,May/02/2011 04:09:48
743478,2012.PRES.CLINTON,Hillary Clinton to be elected President in 2012,4,0.3,May/02/2011 04:09:50
743478,2012.PRES.CLINTON,Hillary Clinton to be elected President in 2012,1,0.3,May/02/2011 04:09:52
743478,2012.PRES.CLINTON,Hillary Clinton to be elected President in 2012,4,0.3,May/02/2011 04:09:54
743478,2012.PRES.CLINTON,Hillary Clinton to be elected President in 2012,10,0.3,May/02/2011 04:09:56
743478,2012.PRES.CLINTON,Hillary Clinton to be elected President in 2012,5,0.3,May/02/2011 04:09:58
743478,2012.PRES.CLINTON,Hillary Clinton to be elected President in 2012,10,0.3,May/02/2011 04:10:00
743478,2012.PRES.CLINTON,Hillary Clinton to be elected President in 2012,10,0.3,May/02/2011 04:10:02
743478,2012.PRES.CLINTON,Hillary Clinton to be elected President in 2012,6,0.3,May/02/2011 04:10:04
743478,2012.PRES.CLINTON,Hillary Clinton to be elected President in 2012,10,0.3,May/02/2011 04:10:06
743478,2012.PRES.CLINTON,Hillary Clinton to be elected President in 2012,5,0.3,May/02/2011 04:12:03
743478,2012.PRES.CLINTON,Hillary Clinton to be elected President in 2012,10,0.5,May/03/2011 06:49:24
743478,2012.PRES.CLINTON,Hillary Clinton to be elected President in 2012,10,0.5,May/04/2011 11:19:13
743478,2012.PRES.CLINTON,Hillary Clinton to be elected President in 2012,18,0.5,May/04/2011 15:01:25
743478,2012.PRES.CLINTON,Hillary Clinton to be elected President in 2012,10,0.5,May/05/2011 14:10:41
743478,2012.PRES.CLINTON,Hillary Clinton to be elected President in 2012,5,0.5,May/05/2011 18:37:39
743478,2012.PRES.CLINTON,Hillary Clinton to be elected President in 2012,10,0.3,May/07/2011 15:51:50
743478,2012.PRES.CLINTON,Hillary Clinton to be elected President in 2012,4,0.3,May/07/2011 16:04:13
743478,2012.PRES.CLINTON,Hillary Clinton to be elected President in 2012,6,0.3,May/07/2011 17:09:11
743478,2012.PRES.CLINTON,Hillary Clinton to be elected President in 2012,47,0.2,May/08/2011 04:49:30
743478,2012.PRES.CLINTON,Hillary Clinton to be elected President in 2012,3,0.2,May/08/2011 04:49:30
743478,2012.PRES.CLINTON,Hillary Clinton to be elected President in 2012,17,0.2,May/08/2011 10:34:14
743478,2012.PRES.CLINTON,Hillary Clinton to be elected President in 2012,3,0.3,May/08/2011 20:14:04
743478,2012.PRES.CLINTON,Hillary Clinton to be elected President in 2012,7,0.3,May/08/2011 22:54:41
743478,2012.PRES.CLINTON,Hillary Clinton to be elected President in 2012,10,0.3,May/08/2011 22:54:41
743478,2012.PRES.CLINTON,Hillary Clinton to be elected President in 2012,20,0.3,May/08/2011 22:54:41
743478,2012.PRES.CLINTON,Hillary Clinton to be elected President in 2012,20,0.3,May/09/2011 10:35:45
743478,2012.PRES.CLINTON,Hillary Clinton to be elected President in 2012,20,0.3,May/09/2011 22:18:30
743478,2012.PRES.CLINTON,Hillary Clinton to be elected President in 2012,100,0.4,May/09/2011 22:29:14
743478,2012.PRES.CLINTON,Hillary Clinton to be elected President in 2012,10,0.4,May/09/2011 22:29:14
743478,2012.PRES.CLINTON,Hillary Clinton to be elected President in 2012,10,0.4,May/09/2011 22:29:14
743478,2012.PRES.CLINTON,Hillary Clinton to be elected President in 2012,20,0.3,May/10/2011 00:21:12
743478,2012.PRES.CLINTON,Hillary Clinton to be elected President in 2012,180,0.3,May/10/2011 00:35:22
743478,2012.PRES.CLINTON,Hillary Clinton to be elected President in 2012,40,0.3,May/10/2011 16:39:56
743478,2012.PRES.CLINTON,Hillary Clinton to be elected President in 2012,10,0.3,May/10/2011 21:03:23
743478,2012.PRES.CLINTON,Hillary Clinton to be elected President in 2012,10,0.3,May/10/2011 21:48:33
743478,2012.PRES.CLINTON,Hillary Clinton to be elected President in 2012,10,0.3,May/11/2011 02:32:51
743478,2012.PRES.CLINTON,Hillary Clinton to be elected President in 2012,17,0.3,May/11/2011 02:42:50
743478,2012.PRES.CLINTON,Hillary Clinton to be elected President in 2012,3,0.3,May/11/2011 22:25:09
743478,2012.PRES.CLINTON,Hillary Clinton to be elected President in 2012,20,0.4,May/12/2011 12:06:58
743478,2012.PRES.CLINTON,Hillary Clinton to be elected President in 2012,180,0.4,May/12/2011 12:06:58
743478,2012.PRES.CLINTON,Hillary Clinton to be elected President in 2012,5,0.4,May/12/2011 12:06:58
743478,2012.PRES.CLINTON,Hillary Clinton to be elected President in 2012,10,0.4,May/12/2011 12:06:58
743478,2012.PRES.CLINTON,Hillary Clinton to be elected President in 2012,100,0.4,May/12/2011 19:10:50
743478,2012.PRES.CLINTON,Hillary Clinton to be elected President in 2012,1,0.5,May/12/2011 20:29:10
743478,2012.PRES.CLINTON,Hillary Clinton to be elected President in 2012,11,0.4,May/12/2011 22:27:01
743478,2012.PRES.CLINTON,Hillary Clinton to be elected President in 2012,39,0.4,May/12/2011 23:39:08
743478,2012.PRES.CLINTON,Hillary Clinton to be elected President in 2012,10,0.4,May/12/2011 23:39:08
743478,2012.PRES.CLINTON,Hillary Clinton to be elected President in 2012,1,0.4,May/12/2011 23:39:08
743478,2012.PRES.CLINTON,Hillary Clinton to be elected President in 2012,9,0.4,May/12/2011 23:40:01
743478,2012.PRES.CLINTON,Hillary Clinton to be elected President in 2012,40,0.4,May/13/2011 05:28:33
743478,2012.PRES.CLINTON,Hillary Clinton to be elected President in 2012,30,0.4,May/13/2011 23:45:27
743478,2012.PRES.CLINTON,Hillary Clinton to be elected President in 2012,10,0.4,May/13/2011 23:45:27
743478,2012.PRES.CLINTON,Hillary Clinton to be elected President in 2012,10,0.4,May/13/2011 23:45:27
743478,2012.PRES.CLINTON,Hillary Clinton to be elected President in 2012,10,0.4,May/13/2011 23:45:27
743478,2012.PRES.CLINTON,Hillary Clinton to be elected President in 2012,10,0.4,May/13/2011 23:45:27
743478,2012.PRES.CLINTON,Hillary Clinton to be elected President in 2012,10,0.4,May/13/2011 23:45:27
743478,2012.PRES.CLINTON,Hillary Clinton to be elected President in 2012,10,0.4,May/13/2011 23:45:27
743478,2012.PRES.CLINTON,Hillary Clinton to be elected President in 2012,30,0.3,May/14/2011 00:00:26
743478,2012.PRES.CLINTON,Hillary Clinton to be elected President in 2012,30,0.4,May/14/2011 17:18:44
743478,2012.PRES.CLINTON,Hillary Clinton to be elected President in 2012,10,0.4,May/14/2011 17:18:44
743478,2012.PRES.CLINTON,Hillary Clinton to be elected President in 2012,10,0.4,May/14/2011 17:18:44
743478,2012.PRES.CLINTON,Hillary Clinton to be elected President in 2012,10,0.4,May/14/2011 17:18:44
743478,2012.PRES.CLINTON,Hillary Clinton to be elected President in 2012,10,0.4,May/14/2011 17:18:44
743478,2012.PRES.CLINTON,Hillary Clinton to be elected President in 2012,10,0.4,May/15/2011 11:16:37
743478,2012.PRES.CLINTON,Hillary Clinton to be elected President in 2012,10,0.4,May/15/2011 11:16:37
743478,2012.PRES.CLINTON,Hillary Clinton to be elected President in 2012,50,0.4,May/15/2011 11:16:37
743478,2012.PRES.CLINTON,Hillary Clinton to be elected President in 2012,10,0.4,May/15/2011 11:16:37
743478,2012.PRES.CLINTON,Hillary Clinton to be elected President in 2012,10,0.4,May/15/2011 11:16:37
743478,2012.PRES.CLINTON,Hillary Clinton to be elected President in 2012,10,0.4,May/15/2011 21:36:24
743478,2012.PRES.CLINTON,Hillary Clinton to be elected President in 2012,10,0.4,May/15/2011 21:36:24
743478,2012.PRES.CLINTON,Hillary Clinton to be elected President in 2012,10,0.4,May/15/2011 21:36:24
743478,2012.PRES.CLINTON,Hillary Clinton to be elected President in 2012,39,0.4,May/16/2011 02:30:11
743478,2012.PRES.CLINTON,Hillary Clinton to be elected President in 2012,10,0.4,May/16/2011 02:30:11
743478,2012.PRES.CLINTON,Hillary Clinton to be elected President in 2012,1,0.4,May/16/2011 02:30:11
743478,2012.PRES.CLINTON,Hillary Clinton to be elected President in 2012,9,0.4,May/16/2011 14:17:07
743478,2012.PRES.CLINTON,Hillary Clinton to be elected President in 2012,10,0.4,May/16/2011 14:17:07
743478,2012.PRES.CLINTON,Hillary Clinton to be elected President in 2012,10,0.4,May/16/2011 14:17:07
743478,2012.PRES.CLINTON,Hillary Clinton to be elected President in 2012,10,0.4,May/16/2011 14:17:07
743478,2012.PRES.CLINTON,Hillary Clinton to be elected President in 2012,10,0.4,May/16/2011 21:39:45
743478,2012.PRES.CLINTON,Hillary Clinton to be elected President in 2012,10,0.4,May/16/2011 21:39:45
743478,2012.PRES.CLINTON,Hillary Clinton to be elected President in 2012,10,0.4,May/16/2011 21:39:45
743478,2012.PRES.CLINTON,Hillary Clinton to be elected President in 2012,10,0.4,May/16/2011 21:39:45
743478,2012.PRES.CLINTON,Hillary Clinton to be elected President in 2012,10,0.4,May/16/2011 21:39:45
743478,2012.PRES.CLINTON,Hillary Clinton to be elected President in 2012,30,0.4,May/17/2011 02:46:18
743478,2012.PRES.CLINTON,Hillary Clinton to be elected President in 2012,10,0.4,May/17/2011 02:46:18
743478,2012.PRES.CLINTON,Hillary Clinton to be elected President in 2012,10,0.4,May/19/2011 22:05:19
743478,2012.PRES.CLINTON,Hillary Clinton to be elected President in 2012,117,0.4,May/20/2011 21:13:56
743478,2012.PRES.CLINTON,Hillary Clinton to be elected President in 2012,23,0.4,May/20/2011 21:17:09
743478,2012.PRES.CLINTON,Hillary Clinton to be elected President in 2012,15,0.3,May/21/2011 05:11:35
743478,2012.PRES.CLINTON,Hillary Clinton to be elected President in 2012,11,0.3,May/21/2011 05:13:28
743478,2012.PRES.CLINTON,Hillary Clinton to be elected President in 2012,10,0.4,May/22/2011 09:46:41
743478,2012.PRES.CLINTON,Hillary Clinton to be elected President in 2012,10,0.4,May/22/2011 09:46:41
743478,2012.PRES.CLINTON,Hillary Clinton to be elected President in 2012,4,0.4,May/22/2011 09:46:41
743478,2012.PRES.CLINTON,Hillary Clinton to be elected President in 2012,10,0.4,May/22/2011 09:46:41
743478,2012.PRES.CLINTON,Hillary Clinton to be elected President in 2012,20,0.4,May/22/2011 09:46:41
743478,2012.PRES.CLINTON,Hillary Clinton to be elected President in 2012,5,0.4,May/22/2011 13:33:13
743478,2012.PRES.CLINTON,Hillary Clinton to be elected President in 2012,10,0.3,May/23/2011 21:46:07
743478,2012.PRES.CLINTON,Hillary Clinton to be elected President in 2012,10,0.2,May/24/2011 02:13:23
743478,2012.PRES.CLINTON,Hillary Clinton to be elected President in 2012,20,0.2,May/24/2011 10:51:13
743478,2012.PRES.CLINTON,Hillary Clinton to be elected President in 2012,10,0.2,May/24/2011 10:53:41
743478,2012.PRES.CLINTON,Hillary Clinton to be elected President in 2012,20,0.2,May/24/2011 10:55:02
743478,2012.PRES.CLINTON,Hillary Clinton to be elected President in 2012,5,0.3,May/24/2011 11:47:44
743478,2012.PRES.CLINTON,Hillary Clinton to be elected President in 2012,5,0.3,May/24/2011 21:30:19
743478,2012.PRES.CLINTON,Hillary Clinton to be elected President in 2012,5,0.2,May/25/2011 01:23:41
743478,2012.PRES.CLINTON,Hillary Clinton to be elected President in 2012,10,0.2,May/25/2011 10:53:22
743478,2012.PRES.CLINTON,Hillary Clinton to be elected President in 2012,11,0.3,May/25/2011 22:51:55
743478,2012.PRES.CLINTON,Hillary Clinton to be elected President in 2012,24,0.3,May/25/2011 22:51:55
743478,2012.PRES.CLINTON,Hillary Clinton to be elected President in 2012,55,0.3,May/25/2011 23:00:25
743478,2012.PRES.CLINTON,Hillary Clinton to be elected President in 2012,10,0.3,May/25/2011 23:34:40
743478,2012.PRES.CLINTON,Hillary Clinton to be elected President in 2012,51,0.3,May/25/2011 23:47:58
743478,2012.PRES.CLINTON,Hillary Clinton to be elected President in 2012,60,0.3,May/26/2011 02:36:20
743478,2012.PRES.CLINTON,Hillary Clinton to be elected President in 2012,10,0.4,May/26/2011 15:36:20
743478,2012.PRES.CLINTON,Hillary Clinton to be elected President in 2012,10,0.4,May/26/2011 15:36:20
743478,2012.PRES.CLINTON,Hillary Clinton to be elected President in 2012,8,0.4,May/26/2011 15:36:20
743478,2012.PRES.CLINTON,Hillary Clinton to be elected President in 2012,12,0.4,May/27/2011 15:15:46
743478,2012.PRES.CLINTON,Hillary Clinton to be elected President in 2012,10,0.4,May/27/2011 15:15:46
743478,2012.PRES.CLINTON,Hillary Clinton to be elected President in 2012,10,0.4,May/27/2011 15:15:46
743478,2012.PRES.CLINTON,Hillary Clinton to be elected President in 2012,10,0.4,May/27/2011 15:15:46
743478,2012.PRES.CLINTON,Hillary Clinton to be elected President in 2012,10,0.4,May/27/2011 15:15:46
743478,2012.PRES.CLINTON,Hillary Clinton to be elected President in 2012,5,0.4,May/27/2011 15:15:46
743478,2012.PRES.CLINTON,Hillary Clinton to be elected President in 2012,10,0.4,May/27/2011 15:15:46
743478,2012.PRES.CLINTON,Hillary Clinton to be elected President in 2012,10,0.4,May/27/2011 15:15:46
743478,2012.PRES.CLINTON,Hillary Clinton to be elected President in 2012,10,0.4,May/27/2011 15:15:46
743478,2012.PRES.CLINTON,Hillary Clinton to be elected President in 2012,10,0.4,May/27/2011 15:15:46
743478,2012.PRES.CLINTON,Hillary Clinton to be elected President in 2012,80,0.4,May/27/2011 15:15:46
743478,2012.PRES.CLINTON,Hillary Clinton to be elected President in 2012,20,0.4,May/27/2011 15:15:46
743478,2012.PRES.CLINTON,Hillary Clinton to be elected President in 2012,10,0.4,May/27/2011 15:15:46
743478,2012.PRES.CLINTON,Hillary Clinton to be elected President in 2012,10,0.5,May/28/2011 04:13:53
743478,2012.PRES.CLINTON,Hillary Clinton to be elected President in 2012,10,0.5,May/28/2011 04:13:53
743478,2012.PRES.CLINTON,Hillary Clinton to be elected President in 2012,10,0.5,May/28/2011 04:13:53
743478,2012.PRES.CLINTON,Hillary Clinton to be elected President in 2012,10,0.5,May/28/2011 04:13:53
743478,2012.PRES.CLINTON,Hillary Clinton to be elected President in 2012,10,0.5,May/28/2011 04:13:53
743478,2012.PRES.CLINTON,Hillary Clinton to be elected President in 2012,10,0.5,May/28/2011 04:13:53
743478,2012.PRES.CLINTON,Hillary Clinton to be elected President in 2012,10,0.5,May/28/2011 04:13:53
743478,2012.PRES.CLINTON,Hillary Clinton to be elected President in 2012,10,0.5,May/28/2011 04:13:53
743478,2012.PRES.CLINTON,Hillary Clinton to be elected President in 2012,20,0.5,May/28/2011 04:13:53
743478,2012.PRES.CLINTON,Hillary Clinton to be elected President in 2012,5,0.4,May/28/2011 16:01:49
743478,2012.PRES.CLINTON,Hillary Clinton to be elected President in 2012,1,0.6,May/28/2011 18:29:38
743478,2012.PRES.CLINTON,Hillary Clinton to be elected President in 2012,9,0.6,May/29/2011 16:53:08
743478,2012.PRES.CLINTON,Hillary Clinton to be elected President in 2012,20,0.6,May/29/2011 16:53:08
743478,2012.PRES.CLINTON,Hillary Clinton to be elected President in 2012,10,0.6,May/29/2011 16:53:08
743478,2012.PRES.CLINTON,Hillary Clinton to be elected President in 2012,10,0.6,May/29/2011 16:53:08
743478,2012.PRES.CLINTON,Hillary Clinton to be elected President in 2012,227,0.7,May/29/2011 16:54:13
743478,2012.PRES.CLINTON,Hillary Clinton to be elected President in 2012,20,0.7,May/29/2011 16:54:13
743478,2012.PRES.CLINTON,Hillary Clinton to be elected President in 2012,30,0.8,May/30/2011 18:38:50
743478,2012.PRES.CLINTON,Hillary Clinton to be elected President in 2012,10,0.8,May/30/2011 18:38:50
743478,2012.PRES.CLINTON,Hillary Clinton to be elected President in 2012,194,0.8,May/30/2011 23:07:20
743478,2012.PRES.CLINTON,Hillary Clinton to be elected President in 2012,30,0.8,Jun/01/2011 04:16:42
743478,2012.PRES.CLINTON,Hillary Clinton to be elected President in 2012,40,0.9,Jun/01/2011 07:01:30
743478,2012.PRES.CLINTON,Hillary Clinton to be elected President in 2012,10,1.0,Jun/01/2011 07:01:30
743478,2012.PRES.CLINTON,Hillary Clinton to be elected President in 2012,10,0.9,Jun/01/2011 07:01:30
743478,2012.PRES.CLINTON,Hillary Clinton to be elected President in 2012,200,1.0,Jun/01/2011 07:01:30
743478,2012.PRES.CLINTON,Hillary Clinton to be elected President in 2012,10,0.9,Jun/01/2011 07:01:30
743478,2012.PRES.CLINTON,Hillary Clinton to be elected President in 2012,20,1.0,Jun/01/2011 07:01:30
743478,2012.PRES.CLINTON,Hillary Clinton to be elected President in 2012,10,0.9,Jun/01/2011 07:01:30
743478,2012.PRES.CLINTON,Hillary Clinton to be elected President in 2012,10,1.0,Jun/01/2011 21:37:07
743478,2012.PRES.CLINTON,Hillary Clinton to be elected President in 2012,20,1.0,Jun/01/2011 22:18:59
743478,2012.PRES.CLINTON,Hillary Clinton to be elected President in 2012,3,1.0,Jun/02/2011 02:57:07
743478,2012.PRES.CLINTON,Hillary Clinton to be elected President in 2012,1,1.1,Jun/02/2011 04:56:50
743478,2012.PRES.CLINTON,Hillary Clinton to be elected President in 2012,9,1.1,Jun/02/2011 04:56:50
743478,2012.PRES.CLINTON,Hillary Clinton to be elected President in 2012,21,1.1,Jun/02/2011 09:17:56
743478,2012.PRES.CLINTON,Hillary Clinton to be elected President in 2012,50,1.1,Jun/02/2011 09:17:56
743478,2012.PRES.CLINTON,Hillary Clinton to be elected President in 2012,40,1.2,Jun/02/2011 12:40:13
743478,2012.PRES.CLINTON,Hillary Clinton to be elected President in 2012,10,1.2,Jun/02/2011 12:40:13
743478,2012.PRES.CLINTON,Hillary Clinton to be elected President in 2012,10,1.0,Jun/02/2011 23:22:38
743478,2012.PRES.CLINTON,Hillary Clinton to be elected President in 2012,7,1.0,Jun/02/2011 23:22:50
743478,2012.PRES.CLINTON,Hillary Clinton to be elected President in 2012,3,1.0,Jun/02/2011 23:22:50
743478,2012.PRES.CLINTON,Hillary Clinton to be elected President in 2012,10,1.0,Jun/02/2011 23:22:59
743478,2012.PRES.CLINTON,Hillary Clinton to be elected President in 2012,5,1.0,Jun/02/2011 23:23:09
743478,2012.PRES.CLINTON,Hillary Clinton to be elected President in 2012,50,1.3,Jun/03/2011 05:28:44
743478,2012.PRES.CLINTON,Hillary Clinton to be elected President in 2012,10,1.1,Jun/03/2011 05:28:44
743478,2012.PRES.CLINTON,Hillary Clinton to be elected President in 2012,10,1.1,Jun/03/2011 05:28:44
743478,2012.PRES.CLINTON,Hillary Clinton to be elected President in 2012,20,1.2,Jun/03/2011 05:28:44
743478,2012.PRES.CLINTON,Hillary Clinton to be elected President in 2012,30,1.3,Jun/03/2011 05:28:44
743478,2012.PRES.CLINTON,Hillary Clinton to be elected President in 2012,100,1.5,Jun/03/2011 05:33:22
743478,2012.PRES.CLINTON,Hillary Clinton to be elected President in 2012,35,1.4,Jun/03/2011 05:33:22
743478,2012.PRES.CLINTON,Hillary Clinton to be elected President in 2012,50,1.3,Jun/03/2011 22:51:31
743478,2012.PRES.CLINTON,Hillary Clinton to be elected President in 2012,25,1.1,Jun/04/2011 06:45:49
743478,2012.PRES.CLINTON,Hillary Clinton to be elected President in 2012,17,1.1,Jun/04/2011 06:48:46
743478,2012.PRES.CLINTON,Hillary Clinton to be elected President in 2012,7,1.1,Jun/04/2011 06:55:18
743478,2012.PRES.CLINTON,Hillary Clinton to be elected President in 2012,3,1.1,Jun/04/2011 07:02:20
743478,2012.PRES.CLINTON,Hillary Clinton to be elected President in 2012,13,1.1,Jun/04/2011 18:50:40
743478,2012.PRES.CLINTON,Hillary Clinton to be elected President in 2012,6,1.1,Jun/06/2011 22:17:05
743478,2012.PRES.CLINTON,Hillary Clinton to be elected President in 2012,10,1.1,Jun/06/2011 22:20:03
743478,2012.PRES.CLINTON,Hillary Clinton to be elected President in 2012,5,1.1,Jun/06/2011 22:23:09
743478,2012.PRES.CLINTON,Hillary Clinton to be elected President in 2012,9,1.1,Jun/06/2011 22:27:55
743478,2012.PRES.CLINTON,Hillary Clinton to be elected President in 2012,16,1.1,Jun/06/2011 22:32:15
743478,2012.PRES.CLINTON,Hillary Clinton to be elected President in 2012,2,1.1,Jun/06/2011 22:33:50
743478,2012.PRES.CLINTON,Hillary Clinton to be elected President in 2012,1,1.1,Jun/06/2011 22:35:14
743478,2012.PRES.CLINTON,Hillary Clinton to be elected President in 2012,10,1.1,Jun/07/2011 02:22:29
743478,2012.PRES.CLINTON,Hillary Clinton to be elected President in 2012,5,1.0,Jun/07/2011 15:34:14
743478,2012.PRES.CLINTON,Hillary Clinton to be elected President in 2012,1,1.0,Jun/07/2011 22:33:50
743478,2012.PRES.CLINTON,Hillary Clinton to be elected President in 2012,94,1.0,Jun/08/2011 18:33:32
743478,2012.PRES.CLINTON,Hillary Clinton to be elected President in 2012,6,1.0,Jun/08/2011 18:33:32
743478,2012.PRES.CLINTON,Hillary Clinton to be elected President in 2012,10,1.0,Jun/10/2011 05:26:54
743478,2012.PRES.CLINTON,Hillary Clinton to be elected President in 2012,45,1.0,Jun/10/2011 20:32:23
743478,2012.PRES.CLINTON,Hillary Clinton to be elected President in 2012,55,1.0,Jun/11/2011 07:59:42
743478,2012.PRES.CLINTON,Hillary Clinton to be elected President in 2012,10,1.0,Jun/11/2011 07:59:42
743478,2012.PRES.CLINTON,Hillary Clinton to be elected President in 2012,100,0.8,Jun/11/2011 23:45:12
743478,2012.PRES.CLINTON,Hillary Clinton to be elected President in 2012,100,0.8,Jun/11/2011 23:46:43
743478,2012.PRES.CLINTON,Hillary Clinton to be elected President in 2012,1,0.7,Jun/12/2011 22:18:26
743478,2012.PRES.CLINTON,Hillary Clinton to be elected President in 2012,20,0.8,Jun/13/2011 06:49:55
743478,2012.PRES.CLINTON,Hillary Clinton to be elected President in 2012,10,0.8,Jun/14/2011 00:34:59
743478,2012.PRES.CLINTON,Hillary Clinton to be elected President in 2012,10,0.9,Jun/14/2011 04:34:22
743478,2012.PRES.CLINTON,Hillary Clinton to be elected President in 2012,10,0.9,Jun/14/2011 04:34:22
743478,2012.PRES.CLINTON,Hillary Clinton to be elected President in 2012,10,0.9,Jun/14/2011 04:34:22
743478,2012.PRES.CLINTON,Hillary Clinton to be elected President in 2012,46,1.0,Jun/14/2011 11:42:21
743478,2012.PRES.CLINTON,Hillary Clinton to be elected President in 2012,10,0.9,Jun/14/2011 15:24:53
743478,2012.PRES.CLINTON,Hillary Clinton to be elected President in 2012,10,0.9,Jun/15/2011 03:16:02
743478,2012.PRES.CLINTON,Hillary Clinton to be elected President in 2012,5,0.9,Jun/15/2011 03:16:02
743478,2012.PRES.CLINTON,Hillary Clinton to be elected President in 2012,10,0.9,Jun/15/2011 03:16:02
743478,2012.PRES.CLINTON,Hillary Clinton to be elected President in 2012,10,0.9,Jun/15/2011 03:16:02
743478,2012.PRES.CLINTON,Hillary Clinton to be elected President in 2012,10,0.8,Jun/16/2011 01:03:01
743478,2012.PRES.CLINTON,Hillary Clinton to be elected President in 2012,20,0.9,Jun/16/2011 06:49:23
743478,2012.PRES.CLINTON,Hillary Clinton to be elected President in 2012,10,0.9,Jun/16/2011 06:49:23
743478,2012.PRES.CLINTON,Hillary Clinton to be elected President in 2012,10,1.0,Jun/16/2011 12:37:59
743478,2012.PRES.CLINTON,Hillary Clinton to be elected President in 2012,10,1.0,Jun/16/2011 12:37:59
743478,2012.PRES.CLINTON,Hillary Clinton to be elected President in 2012,6,1.0,Jun/16/2011 12:37:59
743478,2012.PRES.CLINTON,Hillary Clinton to be elected President in 2012,10,1.0,Jun/16/2011 12:37:59
743478,2012.PRES.CLINTON,Hillary Clinton to be elected President in 2012,9,1.0,Jun/16/2011 12:37:59
743478,2012.PRES.CLINTON,Hillary Clinton to be elected President in 2012,1,1.0,Jun/16/2011 12:38:25
743478,2012.PRES.CLINTON,Hillary Clinton to be elected President in 2012,7,1.1,Jun/16/2011 14:02:56
743478,2012.PRES.CLINTON,Hillary Clinton to be elected President in 2012,10,1.1,Jun/16/2011 14:02:56
743478,2012.PRES.CLINTON,Hillary Clinton to be elected President in 2012,10,1.1,Jun/16/2011 14:19:21
743478,2012.PRES.CLINTON,Hillary Clinton to be elected President in 2012,10,1.1,Jun/16/2011 17:32:43
743478,2012.PRES.CLINTON,Hillary Clinton to be elected President in 2012,20,1.1,Jun/16/2011 21:40:27
743478,2012.PRES.CLINTON,Hillary Clinton to be elected President in 2012,57,1.0,Jun/16/2011 22:48:00
743478,2012.PRES.CLINTON,Hillary Clinton to be elected President in 2012,43,1.1,Jun/16/2011 22:48:00
743478,2012.PRES.CLINTON,Hillary Clinton to be elected President in 2012,45,1.0,Jun/16/2011 22:52:05
743478,2012.PRES.CLINTON,Hillary Clinton to be elected President in 2012,7,1.0,Jun/16/2011 22:52:57
743478,2012.PRES.CLINTON,Hillary Clinton to be elected President in 2012,100,1.2,Jun/17/2011 00:15:41
743478,2012.PRES.CLINTON,Hillary Clinton to be elected President in 2012,8,1.2,Jun/17/2011 00:15:41
743478,2012.PRES.CLINTON,Hillary Clinton to be elected President in 2012,10,1.2,Jun/17/2011 00:15:41
743478,2012.PRES.CLINTON,Hillary Clinton to be elected President in 2012,10,1.2,Jun/17/2011 00:20:23
743478,2012.PRES.CLINTON,Hillary Clinton to be elected President in 2012,10,1.4,Jun/17/2011 00:24:43
743478,2012.PRES.CLINTON,Hillary Clinton to be elected President in 2012,10,1.3,Jun/17/2011 00:24:43
743478,2012.PRES.CLINTON,Hillary Clinton to be elected President in 2012,4,1.4,Jun/17/2011 00:24:43
743478,2012.PRES.CLINTON,Hillary Clinton to be elected President in 2012,10,1.1,Jun/17/2011 04:08:15
743478,2012.PRES.CLINTON,Hillary Clinton to be elected President in 2012,10,1.1,Jun/19/2011 12:23:56
743478,2012.PRES.CLINTON,Hillary Clinton to be elected President in 2012,20,1.1,Jun/19/2011 12:23:56
743478,2012.PRES.CLINTON,Hillary Clinton to be elected President in 2012,5,1.1,Jun/20/2011 15:21:59
743478,2012.PRES.CLINTON,Hillary Clinton to be elected President in 2012,10,1.1,Jun/20/2011 15:21:59
743478,2012.PRES.CLINTON,Hillary Clinton to be elected President in 2012,10,1.2,Jun/20/2011 15:24:00
743478,2012.PRES.CLINTON,Hillary Clinton to be elected President in 2012,10,1.2,Jun/20/2011 15:24:00
743478,2012.PRES.CLINTON,Hillary Clinton to be elected President in 2012,5,1.0,Jun/22/2011 14:44:30
743478,2012.PRES.CLINTON,Hillary Clinton to be elected President in 2012,1,1.0,Jun/25/2011 12:11:28
743478,2012.PRES.CLINTON,Hillary Clinton to be elected President in 2012,20,1.0,Jun/25/2011 13:29:17
743478,2012.PRES.CLINTON,Hillary Clinton to be elected President in 2012,10,1.0,Jun/25/2011 23:13:53
743478,2012.PRES.CLINTON,Hillary Clinton to be elected President in 2012,10,1.0,Jun/26/2011 14:47:43
743478,2012.PRES.CLINTON,Hillary Clinton to be elected President in 2012,10,1.0,Jun/26/2011 20:50:32
743478,2012.PRES.CLINTON,Hillary Clinton to be elected President in 2012,10,1.0,Jun/26/2011 22:32:49
743478,2012.PRES.CLINTON,Hillary Clinton to be elected President in 2012,10,1.0,Jun/27/2011 02:39:36
743478,2012.PRES.CLINTON,Hillary Clinton to be elected President in 2012,10,1.1,Jun/27/2011 12:24:34
743478,2012.PRES.CLINTON,Hillary Clinton to be elected President in 2012,10,1.1,Jun/27/2011 12:24:34
743478,2012.PRES.CLINTON,Hillary Clinton to be elected President in 2012,20,1.1,Jun/27/2011 12:24:34
743478,2012.PRES.CLINTON,Hillary Clinton to be elected President in 2012,10,1.1,Jun/27/2011 12:24:34
743478,2012.PRES.CLINTON,Hillary Clinton to be elected President in 2012,11,1.1,Jun/27/2011 12:24:34
743478,2012.PRES.CLINTON,Hillary Clinton to be elected President in 2012,10,1.1,Jun/27/2011 20:41:05
743478,2012.PRES.CLINTON,Hillary Clinton to be elected President in 2012,10,1.0,Jun/29/2011 21:48:05
743478,2012.PRES.CLINTON,Hillary Clinton to be elected President in 2012,90,1.0,Jun/29/2011 22:11:22
743478,2012.PRES.CLINTON,Hillary Clinton to be elected President in 2012,20,0.8,Jul/01/2011 07:54:05
743478,2012.PRES.CLINTON,Hillary Clinton to be elected President in 2012,10,0.8,Jul/01/2011 07:54:05
743478,2012.PRES.CLINTON,Hillary Clinton to be elected President in 2012,1,0.7,Jul/01/2011 17:17:47
743478,2012.PRES.CLINTON,Hillary Clinton to be elected President in 2012,3,0.7,Jul/01/2011 17:18:24
743478,2012.PRES.CLINTON,Hillary Clinton to be elected President in 2012,1,0.7,Jul/01/2011 17:18:38
743478,2012.PRES.CLINTON,Hillary Clinton to be elected President in 2012,2,0.7,Jul/01/2011 17:18:50
743478,2012.PRES.CLINTON,Hillary Clinton to be elected President in 2012,1,0.7,Jul/01/2011 17:19:00
743478,2012.PRES.CLINTON,Hillary Clinton to be elected President in 2012,10,0.8,Jul/01/2011 20:47:32
743478,2012.PRES.CLINTON,Hillary Clinton to be elected President in 2012,2,0.8,Jul/02/2011 15:52:51
743478,2012.PRES.CLINTON,Hillary Clinton to be elected President in 2012,5,0.8,Jul/02/2011 15:53:32
743478,2012.PRES.CLINTON,Hillary Clinton to be elected President in 2012,1,0.8,Jul/02/2011 20:01:27
743478,2012.PRES.CLINTON,Hillary Clinton to be elected President in 2012,10,0.8,Jul/02/2011 20:01:50
743478,2012.PRES.CLINTON,Hillary Clinton to be elected President in 2012,1,0.8,Jul/02/2011 20:01:57
743478,2012.PRES.CLINTON,Hillary Clinton to be elected President in 2012,2,0.8,Jul/02/2011 20:02:08
743478,2012.PRES.CLINTON,Hillary Clinton to be elected President in 2012,10,0.8,Jul/02/2011 20:02:26
743478,2012.PRES.CLINTON,Hillary Clinton to be elected President in 2012,1,0.8,Jul/02/2011 20:02:33
743478,2012.PRES.CLINTON,Hillary Clinton to be elected President in 2012,10,0.8,Jul/02/2011 20:02:49
743478,2012.PRES.CLINTON,Hillary Clinton to be elected President in 2012,1,0.8,Jul/03/2011 00:10:25
743478,2012.PRES.CLINTON,Hillary Clinton to be elected President in 2012,10,0.9,Jul/03/2011 08:20:33
743478,2012.PRES.CLINTON,Hillary Clinton to be elected President in 2012,20,0.9,Jul/03/2011 08:20:33
743478,2012.PRES.CLINTON,Hillary Clinton to be elected President in 2012,10,0.9,Jul/03/2011 08:20:33
743478,2012.PRES.CLINTON,Hillary Clinton to be elected President in 2012,10,0.9,Jul/03/2011 08:20:33
743478,2012.PRES.CLINTON,Hillary Clinton to be elected President in 2012,10,0.9,Jul/03/2011 08:20:33
743478,2012.PRES.CLINTON,Hillary Clinton to be elected President in 2012,5,0.9,Jul/03/2011 08:20:33
743478,2012.PRES.CLINTON,Hillary Clinton to be elected President in 2012,10,0.9,Jul/03/2011 08:20:33
743478,2012.PRES.CLINTON,Hillary Clinton to be elected President in 2012,10,0.9,Jul/03/2011 08:20:33
743478,2012.PRES.CLINTON,Hillary Clinton to be elected President in 2012,10,0.9,Jul/03/2011 08:20:33
743478,2012.PRES.CLINTON,Hillary Clinton to be elected President in 2012,20,0.9,Jul/04/2011 22:16:23
743478,2012.PRES.CLINTON,Hillary Clinton to be elected President in 2012,10,0.9,Jul/04/2011 22:16:23
743478,2012.PRES.CLINTON,Hillary Clinton to be elected President in 2012,6,0.9,Jul/07/2011 13:58:23
743478,2012.PRES.CLINTON,Hillary Clinton to be elected President in 2012,4,0.9,Jul/08/2011 11:24:54
743478,2012.PRES.CLINTON,Hillary Clinton to be elected President in 2012,10,0.9,Jul/08/2011 11:24:54
743478,2012.PRES.CLINTON,Hillary Clinton to be elected President in 2012,10,0.9,Jul/08/2011 11:24:54
743478,2012.PRES.CLINTON,Hillary Clinton to be elected President in 2012,20,0.9,Jul/08/2011 11:24:54
743478,2012.PRES.CLINTON,Hillary Clinton to be elected President in 2012,10,0.9,Jul/08/2011 11:24:54
743478,2012.PRES.CLINTON,Hillary Clinton to be elected President in 2012,10,0.9,Jul/08/2011 11:24:54
743478,2012.PRES.CLINTON,Hillary Clinton to be elected President in 2012,10,0.9,Jul/08/2011 14:17:17
743478,2012.PRES.CLINTON,Hillary Clinton to be elected President in 2012,1,1.0,Jul/08/2011 15:07:52
743478,2012.PRES.CLINTON,Hillary Clinton to be elected President in 2012,10,0.9,Jul/08/2011 21:40:53
743478,2012.PRES.CLINTON,Hillary Clinton to be elected President in 2012,10,0.9,Jul/09/2011 04:09:53
743478,2012.PRES.CLINTON,Hillary Clinton to be elected President in 2012,18,1.0,Jul/09/2011 09:29:25
743478,2012.PRES.CLINTON,Hillary Clinton to be elected President in 2012,12,0.8,Jul/10/2011 13:34:12
743478,2012.PRES.CLINTON,Hillary Clinton to be elected President in 2012,8,0.8,Jul/10/2011 15:05:51
743478,2012.PRES.CLINTON,Hillary Clinton to be elected President in 2012,10,0.9,Jul/11/2011 14:32:32
743478,2012.PRES.CLINTON,Hillary Clinton to be elected President in 2012,30,0.9,Jul/11/2011 14:32:32
743478,2012.PRES.CLINTON,Hillary Clinton to be elected President in 2012,79,1.0,Jul/11/2011 14:33:24
743478,2012.PRES.CLINTON,Hillary Clinton to be elected President in 2012,10,1.0,Jul/11/2011 14:33:24
743478,2012.PRES.CLINTON,Hillary Clinton to be elected President in 2012,233,1.0,Jul/11/2011 14:33:24
743478,2012.PRES.CLINTON,Hillary Clinton to be elected President in 2012,40,1.0,Jul/11/2011 14:33:24
743478,2012.PRES.CLINTON,Hillary Clinton to be elected President in 2012,20,1.1,Jul/11/2011 14:33:41
743478,2012.PRES.CLINTON,Hillary Clinton to be elected President in 2012,10,1.1,Jul/11/2011 14:33:41
743478,2012.PRES.CLINTON,Hillary Clinton to be elected President in 2012,10,1.1,Jul/11/2011 14:33:41
743478,2012.PRES.CLINTON,Hillary Clinton to be elected President in 2012,10,1.1,Jul/11/2011 14:33:41
743478,2012.PRES.CLINTON,Hillary Clinton to be elected President in 2012,10,1.1,Jul/11/2011 14:33:41
743478,2012.PRES.CLINTON,Hillary Clinton to be elected President in 2012,10,1.2,Jul/11/2011 14:34:23
743478,2012.PRES.CLINTON,Hillary Clinton to be elected President in 2012,1,1.2,Jul/11/2011 14:34:23
743478,2012.PRES.CLINTON,Hillary Clinton to be elected President in 2012,10,1.2,Jul/11/2011 14:34:23
743478,2012.PRES.CLINTON,Hillary Clinton to be elected President in 2012,20,1.2,Jul/11/2011 14:34:23
743478,2012.PRES.CLINTON,Hillary Clinton to be elected President in 2012,100,1.3,Jul/11/2011 14:35:38
743478,2012.PRES.CLINTON,Hillary Clinton to be elected President in 2012,47,1.4,Jul/11/2011 14:36:09
743478,2012.PRES.CLINTON,Hillary Clinton to be elected President in 2012,139,1.4,Jul/11/2011 14:36:09
743478,2012.PRES.CLINTON,Hillary Clinton to be elected President in 2012,1,0.7,Jul/13/2011 11:17:13
743478,2012.PRES.CLINTON,Hillary Clinton to be elected President in 2012,7,0.7,Jul/15/2011 01:40:17
743478,2012.PRES.CLINTON,Hillary Clinton to be elected President in 2012,1,0.7,Jul/17/2011 23:08:45
743478,2012.PRES.CLINTON,Hillary Clinton to be elected President in 2012,5,0.7,Jul/18/2011 03:06:20
743478,2012.PRES.CLINTON,Hillary Clinton to be elected President in 2012,4,0.7,Jul/18/2011 11:35:25
743478,2012.PRES.CLINTON,Hillary Clinton to be elected President in 2012,10,0.7,Jul/20/2011 16:59:20
743478,2012.PRES.CLINTON,Hillary Clinton to be elected President in 2012,10,0.7,Jul/20/2011 21:09:23
743478,2012.PRES.CLINTON,Hillary Clinton to be elected President in 2012,1,0.7,Jul/20/2011 21:37:00
743478,2012.PRES.CLINTON,Hillary Clinton to be elected President in 2012,2,0.7,Jul/21/2011 00:58:30
743478,2012.PRES.CLINTON,Hillary Clinton to be elected President in 2012,21,0.8,Jul/21/2011 09:38:49
743478,2012.PRES.CLINTON,Hillary Clinton to be elected President in 2012,11,0.8,Jul/21/2011 09:38:49
743478,2012.PRES.CLINTON,Hillary Clinton to be elected President in 2012,10,0.9,Jul/21/2011 13:42:52
743478,2012.PRES.CLINTON,Hillary Clinton to be elected President in 2012,15,0.9,Jul/21/2011 13:42:52
743478,2012.PRES.CLINTON,Hillary Clinton to be elected President in 2012,3,0.7,Jul/21/2011 14:38:01
743478,2012.PRES.CLINTON,Hillary Clinton to be elected President in 2012,7,0.7,Jul/21/2011 15:02:12
743478,2012.PRES.CLINTON,Hillary Clinton to be elected President in 2012,10,0.7,Jul/21/2011 15:32:49
743478,2012.PRES.CLINTON,Hillary Clinton to be elected President in 2012,3,0.7,Jul/21/2011 15:35:18
743478,2012.PRES.CLINTON,Hillary Clinton to be elected President in 2012,2,0.7,Jul/21/2011 15:35:49
743478,2012.PRES.CLINTON,Hillary Clinton to be elected President in 2012,2,0.7,Jul/21/2011 15:37:15
743478,2012.PRES.CLINTON,Hillary Clinton to be elected President in 2012,8,0.7,Jul/21/2011 15:37:41
743478,2012.PRES.CLINTON,Hillary Clinton to be elected President in 2012,10,0.7,Jul/21/2011 15:39:09
743478,2012.PRES.CLINTON,Hillary Clinton to be elected President in 2012,8,0.7,Jul/21/2011 15:42:18
743478,2012.PRES.CLINTON,Hillary Clinton to be elected President in 2012,5,0.7,Jul/21/2011 20:03:49
743478,2012.PRES.CLINTON,Hillary Clinton to be elected President in 2012,5,0.7,Jul/21/2011 20:09:56
743478,2012.PRES.CLINTON,Hillary Clinton to be elected President in 2012,10,0.7,Jul/21/2011 20:56:43
743478,2012.PRES.CLINTON,Hillary Clinton to be elected President in 2012,10,0.7,Jul/21/2011 21:53:29
743478,2012.PRES.CLINTON,Hillary Clinton to be elected President in 2012,5,0.7,Jul/21/2011 21:55:02
743478,2012.PRES.CLINTON,Hillary Clinton to be elected President in 2012,5,0.7,Jul/21/2011 21:56:07
743478,2012.PRES.CLINTON,Hillary Clinton to be elected President in 2012,5,0.7,Jul/21/2011 21:57:53
743478,2012.PRES.CLINTON,Hillary Clinton to be elected President in 2012,6,0.7,Jul/21/2011 21:58:52
743478,2012.PRES.CLINTON,Hillary Clinton to be elected President in 2012,10,0.7,Jul/21/2011 22:01:40
743478,2012.PRES.CLINTON,Hillary Clinton to be elected President in 2012,10,0.7,Jul/22/2011 02:28:49
743478,2012.PRES.CLINTON,Hillary Clinton to be elected President in 2012,1,0.8,Jul/22/2011 12:53:32
743478,2012.PRES.CLINTON,Hillary Clinton to be elected President in 2012,5,0.8,Jul/22/2011 13:15:34
743478,2012.PRES.CLINTON,Hillary Clinton to be elected President in 2012,3,0.8,Jul/22/2011 13:15:55
743478,2012.PRES.CLINTON,Hillary Clinton to be elected President in 2012,2,0.8,Jul/22/2011 14:16:50
743478,2012.PRES.CLINTON,Hillary Clinton to be elected President in 2012,1,0.8,Jul/22/2011 14:17:28
743478,2012.PRES.CLINTON,Hillary Clinton to be elected President in 2012,2,0.8,Jul/22/2011 17:40:33
743478,2012.PRES.CLINTON,Hillary Clinton to be elected President in 2012,5,0.9,Jul/22/2011 20:33:52
743478,2012.PRES.CLINTON,Hillary Clinton to be elected President in 2012,10,0.9,Jul/22/2011 20:33:52
743478,2012.PRES.CLINTON,Hillary Clinton to be elected President in 2012,20,0.9,Jul/22/2011 20:33:52
743478,2012.PRES.CLINTON,Hillary Clinton to be elected President in 2012,11,0.9,Jul/22/2011 20:33:52
743478,2012.PRES.CLINTON,Hillary Clinton to be elected President in 2012,11,0.9,Jul/22/2011 20:33:52
743478,2012.PRES.CLINTON,Hillary Clinton to be elected President in 2012,80,1.0,Jul/22/2011 20:35:13
743478,2012.PRES.CLINTON,Hillary Clinton to be elected President in 2012,10,1.0,Jul/22/2011 20:35:13
743478,2012.PRES.CLINTON,Hillary Clinton to be elected President in 2012,10,1.0,Jul/22/2011 20:35:13
743478,2012.PRES.CLINTON,Hillary Clinton to be elected President in 2012,10,1.0,Jul/22/2011 20:35:13
743478,2012.PRES.CLINTON,Hillary Clinton to be elected President in 2012,10,1.0,Jul/22/2011 20:35:13
743478,2012.PRES.CLINTON,Hillary Clinton to be elected President in 2012,10,1.0,Jul/22/2011 20:35:13
743478,2012.PRES.CLINTON,Hillary Clinton to be elected President in 2012,10,1.0,Jul/22/2011 20:35:13
743478,2012.PRES.CLINTON,Hillary Clinton to be elected President in 2012,11,1.0,Jul/22/2011 20:35:13
743478,2012.PRES.CLINTON,Hillary Clinton to be elected President in 2012,11,1.0,Jul/22/2011 20:35:13
743478,2012.PRES.CLINTON,Hillary Clinton to be elected President in 2012,5,0.8,Jul/22/2011 22:05:43
743478,2012.PRES.CLINTON,Hillary Clinton to be elected President in 2012,5,0.8,Jul/22/2011 22:05:43
743478,2012.PRES.CLINTON,Hillary Clinton to be elected President in 2012,10,0.8,Jul/22/2011 22:06:10
743478,2012.PRES.CLINTON,Hillary Clinton to be elected President in 2012,4,0.8,Jul/22/2011 22:06:44
743478,2012.PRES.CLINTON,Hillary Clinton to be elected President in 2012,3,0.8,Jul/22/2011 22:07:19
743478,2012.PRES.CLINTON,Hillary Clinton to be elected President in 2012,1,0.7,Jul/23/2011 00:30:35
743478,2012.PRES.CLINTON,Hillary Clinton to be elected President in 2012,10,0.8,Jul/23/2011 00:34:43
743478,2012.PRES.CLINTON,Hillary Clinton to be elected President in 2012,10,0.8,Jul/23/2011 00:44:06
743478,2012.PRES.CLINTON,Hillary Clinton to be elected President in 2012,1,0.8,Jul/23/2011 03:40:44
743478,2012.PRES.CLINTON,Hillary Clinton to be elected President in 2012,1,0.8,Jul/23/2011 16:55:09
743478,2012.PRES.CLINTON,Hillary Clinton to be elected President in 2012,7,0.8,Jul/23/2011 18:03:12
743478,2012.PRES.CLINTON,Hillary Clinton to be elected President in 2012,10,0.8,Jul/23/2011 18:04:21
743478,2012.PRES.CLINTON,Hillary Clinton to be elected President in 2012,16,0.8,Jul/23/2011 21:31:24
743478,2012.PRES.CLINTON,Hillary Clinton to be elected President in 2012,10,0.8,Jul/24/2011 15:25:35
743478,2012.PRES.CLINTON,Hillary Clinton to be elected President in 2012,10,0.8,Jul/24/2011 15:25:41
743478,2012.PRES.CLINTON,Hillary Clinton to be elected President in 2012,5,0.8,Jul/24/2011 15:25:47
743478,2012.PRES.CLINTON,Hillary Clinton to be elected President in 2012,1,0.8,Jul/24/2011 23:32:08
743478,2012.PRES.CLINTON,Hillary Clinton to be elected President in 2012,4,0.8,Jul/25/2011 00:59:15
743478,2012.PRES.CLINTON,Hillary Clinton to be elected President in 2012,1,0.8,Jul/26/2011 03:03:46
743478,2012.PRES.CLINTON,Hillary Clinton to be elected President in 2012,1,0.8,Jul/26/2011 17:06:31
743478,2012.PRES.CLINTON,Hillary Clinton to be elected President in 2012,9,0.8,Jul/26/2011 17:06:55
743478,2012.PRES.CLINTON,Hillary Clinton to be elected President in 2012,5,0.9,Jul/26/2011 19:09:59
743478,2012.PRES.CLINTON,Hillary Clinton to be elected President in 2012,16,0.9,Jul/26/2011 19:09:59
743478,2012.PRES.CLINTON,Hillary Clinton to be elected President in 2012,12,0.9,Jul/26/2011 19:09:59
743478,2012.PRES.CLINTON,Hillary Clinton to be elected President in 2012,5,0.9,Jul/26/2011 19:09:59
743478,2012.PRES.CLINTON,Hillary Clinton to be elected President in 2012,10,1.0,Jul/26/2011 19:10:27
743478,2012.PRES.CLINTON,Hillary Clinton to be elected President in 2012,10,1.0,Jul/26/2011 19:10:27
743478,2012.PRES.CLINTON,Hillary Clinton to be elected President in 2012,6,1.0,Jul/26/2011 19:10:27
743478,2012.PRES.CLINTON,Hillary Clinton to be elected President in 2012,17,1.0,Jul/26/2011 19:10:27
743478,2012.PRES.CLINTON,Hillary Clinton to be elected President in 2012,13,1.0,Jul/26/2011 19:10:27
743478,2012.PRES.CLINTON,Hillary Clinton to be elected President in 2012,10,1.0,Jul/26/2011 19:10:27
743478,2012.PRES.CLINTON,Hillary Clinton to be elected President in 2012,4,0.8,Jul/26/2011 21:23:14
743478,2012.PRES.CLINTON,Hillary Clinton to be elected President in 2012,6,0.8,Jul/26/2011 21:23:14
743478,2012.PRES.CLINTON,Hillary Clinton to be elected President in 2012,10,1.0,Jul/27/2011 00:47:07
743478,2012.PRES.CLINTON,Hillary Clinton to be elected President in 2012,8,1.0,Jul/27/2011 00:47:07
743478,2012.PRES.CLINTON,Hillary Clinton to be elected President in 2012,20,1.1,Jul/27/2011 00:47:39
743478,2012.PRES.CLINTON,Hillary Clinton to be elected President in 2012,20,1.1,Jul/27/2011 00:47:39
743478,2012.PRES.CLINTON,Hillary Clinton to be elected President in 2012,11,1.1,Jul/27/2011 00:47:39
743478,2012.PRES.CLINTON,Hillary Clinton to be elected President in 2012,7,1.1,Jul/27/2011 00:47:39
743478,2012.PRES.CLINTON,Hillary Clinton to be elected President in 2012,10,1.2,Jul/27/2011 00:47:56
743478,2012.PRES.CLINTON,Hillary Clinton to be elected President in 2012,11,1.2,Jul/27/2011 00:47:56
743478,2012.PRES.CLINTON,Hillary Clinton to be elected President in 2012,8,1.2,Jul/27/2011 00:47:56
743478,2012.PRES.CLINTON,Hillary Clinton to be elected President in 2012,10,1.3,Jul/27/2011 00:49:35
743478,2012.PRES.CLINTON,Hillary Clinton to be elected President in 2012,11,1.3,Jul/27/2011 00:49:35
743478,2012.PRES.CLINTON,Hillary Clinton to be elected President in 2012,9,1.3,Jul/27/2011 00:49:35
743478,2012.PRES.CLINTON,Hillary Clinton to be elected President in 2012,10,1.4,Jul/27/2011 00:49:55
743478,2012.PRES.CLINTON,Hillary Clinton to be elected President in 2012,11,1.4,Jul/27/2011 00:49:55
743478,2012.PRES.CLINTON,Hillary Clinton to be elected President in 2012,100,1.5,Jul/27/2011 00:50:53
743478,2012.PRES.CLINTON,Hillary Clinton to be elected President in 2012,100,1.5,Jul/27/2011 00:50:53
743478,2012.PRES.CLINTON,Hillary Clinton to be elected President in 2012,4,1.6,Jul/27/2011 00:52:25
743478,2012.PRES.CLINTON,Hillary Clinton to be elected President in 2012,100,1.6,Jul/27/2011 00:52:25
743478,2012.PRES.CLINTON,Hillary Clinton to be elected President in 2012,40,1.8,Jul/27/2011 00:53:41
743478,2012.PRES.CLINTON,Hillary Clinton to be elected President in 2012,1,1.5,Jul/27/2011 04:12:04
743478,2012.PRES.CLINTON,Hillary Clinton to be elected President in 2012,3,1.5,Jul/27/2011 05:28:20
743478,2012.PRES.CLINTON,Hillary Clinton to be elected President in 2012,2,0.9,Jul/27/2011 11:55:51
743478,2012.PRES.CLINTON,Hillary Clinton to be elected President in 2012,10,1.0,Jul/27/2011 14:09:56
743478,2012.PRES.CLINTON,Hillary Clinton to be elected President in 2012,10,1.0,Jul/27/2011 14:13:20
743478,2012.PRES.CLINTON,Hillary Clinton to be elected President in 2012,1,1.0,Jul/27/2011 15:59:41
743478,2012.PRES.CLINTON,Hillary Clinton to be elected President in 2012,10,1.0,Jul/27/2011 16:06:30
743478,2012.PRES.CLINTON,Hillary Clinton to be elected President in 2012,9,1.0,Jul/27/2011 16:07:47
743478,2012.PRES.CLINTON,Hillary Clinton to be elected President in 2012,10,1.0,Jul/27/2011 16:08:57
743478,2012.PRES.CLINTON,Hillary Clinton to be elected President in 2012,10,1.0,Jul/27/2011 16:10:05
743478,2012.PRES.CLINTON,Hillary Clinton to be elected President in 2012,10,1.0,Jul/27/2011 16:16:00
743478,2012.PRES.CLINTON,Hillary Clinton to be elected President in 2012,1,0.9,Jul/27/2011 16:43:21
743478,2012.PRES.CLINTON,Hillary Clinton to be elected President in 2012,10,0.9,Jul/27/2011 17:25:19
743478,2012.PRES.CLINTON,Hillary Clinton to be elected President in 2012,10,0.9,Jul/27/2011 20:13:04
743478,2012.PRES.CLINTON,Hillary Clinton to be elected President in 2012,10,0.9,Jul/27/2011 20:14:15
743478,2012.PRES.CLINTON,Hillary Clinton to be elected President in 2012,2,0.9,Jul/28/2011 05:01:01
743478,2012.PRES.CLINTON,Hillary Clinton to be elected President in 2012,10,1.3,Jul/28/2011 05:31:42
743478,2012.PRES.CLINTON,Hillary Clinton to be elected President in 2012,10,1.2,Jul/28/2011 05:31:42
743478,2012.PRES.CLINTON,Hillary Clinton to be elected President in 2012,20,1.1,Jul/28/2011 05:31:42
743478,2012.PRES.CLINTON,Hillary Clinton to be elected President in 2012,10,1.2,Jul/28/2011 05:31:42
743478,2012.PRES.CLINTON,Hillary Clinton to be elected President in 2012,1,0.9,Jul/28/2011 15:37:16
743478,2012.PRES.CLINTON,Hillary Clinton to be elected President in 2012,1,0.8,Jul/28/2011 15:41:14
743478,2012.PRES.CLINTON,Hillary Clinton to be elected President in 2012,1,0.8,Jul/29/2011 00:21:20
743478,2012.PRES.CLINTON,Hillary Clinton to be elected President in 2012,5,0.8,Jul/29/2011 00:57:48
743478,2012.PRES.CLINTON,Hillary Clinton to be elected President in 2012,10,0.8,Jul/29/2011 00:58:14
743478,2012.PRES.CLINTON,Hillary Clinton to be elected President in 2012,10,0.8,Jul/29/2011 00:58:25
743478,2012.PRES.CLINTON,Hillary Clinton to be elected President in 2012,10,0.8,Jul/29/2011 00:58:35
743478,2012.PRES.CLINTON,Hillary Clinton to be elected President in 2012,10,0.8,Jul/29/2011 00:59:08
743478,2012.PRES.CLINTON,Hillary Clinton to be elected President in 2012,10,0.8,Jul/29/2011 00:59:24
743478,2012.PRES.CLINTON,Hillary Clinton to be elected President in 2012,5,0.8,Jul/29/2011 03:48:56
743478,2012.PRES.CLINTON,Hillary Clinton to be elected President in 2012,5,0.8,Jul/29/2011 03:49:24
743478,2012.PRES.CLINTON,Hillary Clinton to be elected President in 2012,10,0.8,Jul/29/2011 03:49:59
743478,2012.PRES.CLINTON,Hillary Clinton to be elected President in 2012,3,0.8,Jul/29/2011 03:50:06
743478,2012.PRES.CLINTON,Hillary Clinton to be elected President in 2012,2,0.8,Jul/29/2011 03:50:06
743478,2012.PRES.CLINTON,Hillary Clinton to be elected President in 2012,1,0.8,Jul/29/2011 17:17:31
743478,2012.PRES.CLINTON,Hillary Clinton to be elected President in 2012,1,0.9,Jul/29/2011 17:17:31
743478,2012.PRES.CLINTON,Hillary Clinton to be elected President in 2012,5,0.8,Jul/29/2011 17:57:04
743478,2012.PRES.CLINTON,Hillary Clinton to be elected President in 2012,3,0.8,Jul/29/2011 18:34:43
743478,2012.PRES.CLINTON,Hillary Clinton to be elected President in 2012,2,0.8,Jul/29/2011 18:40:17
743478,2012.PRES.CLINTON,Hillary Clinton to be elected President in 2012,8,0.8,Jul/29/2011 18:41:46
743478,2012.PRES.CLINTON,Hillary Clinton to be elected President in 2012,3,0.8,Jul/29/2011 21:54:40
743478,2012.PRES.CLINTON,Hillary Clinton to be elected President in 2012,1,0.9,Jul/30/2011 00:35:39
743478,2012.PRES.CLINTON,Hillary Clinton to be elected President in 2012,1,0.9,Jul/30/2011 02:09:54
743478,2012.PRES.CLINTON,Hillary Clinton to be elected President in 2012,1,0.9,Jul/30/2011 02:12:45
743478,2012.PRES.CLINTON,Hillary Clinton to be elected President in 2012,3,0.9,Jul/30/2011 02:13:28
743478,2012.PRES.CLINTON,Hillary Clinton to be elected President in 2012,1,0.9,Jul/30/2011 02:14:24
743478,2012.PRES.CLINTON,Hillary Clinton to be elected President in 2012,5,0.9,Jul/30/2011 02:15:44
743478,2012.PRES.CLINTON,Hillary Clinton to be elected President in 2012,1,0.9,Jul/30/2011 02:24:03
743478,2012.PRES.CLINTON,Hillary Clinton to be elected President in 2012,3,0.9,Jul/30/2011 02:25:15
743478,2012.PRES.CLINTON,Hillary Clinton to be elected President in 2012,10,0.9,Jul/30/2011 02:28:38
743478,2012.PRES.CLINTON,Hillary Clinton to be elected President in 2012,10,0.9,Jul/30/2011 02:44:52
743478,2012.PRES.CLINTON,Hillary Clinton to be elected President in 2012,4,0.9,Jul/30/2011 02:45:29
743478,2012.PRES.CLINTON,Hillary Clinton to be elected President in 2012,10,0.9,Jul/30/2011 02:47:28
743478,2012.PRES.CLINTON,Hillary Clinton to be elected President in 2012,10,0.9,Jul/30/2011 02:47:35
743478,2012.PRES.CLINTON,Hillary Clinton to be elected President in 2012,8,0.9,Jul/30/2011 02:47:45
743478,2012.PRES.CLINTON,Hillary Clinton to be elected President in 2012,1,0.9,Jul/30/2011 12:47:39
743478,2012.PRES.CLINTON,Hillary Clinton to be elected President in 2012,2,0.9,Jul/30/2011 15:11:15
743478,2012.PRES.CLINTON,Hillary Clinton to be elected President in 2012,1,0.9,Jul/30/2011 15:50:09
743478,2012.PRES.CLINTON,Hillary Clinton to be elected President in 2012,5,0.9,Jul/30/2011 15:54:03
743478,2012.PRES.CLINTON,Hillary Clinton to be elected President in 2012,5,0.9,Jul/30/2011 15:54:30
743478,2012.PRES.CLINTON,Hillary Clinton to be elected President in 2012,1,0.9,Jul/30/2011 19:39:47
743478,2012.PRES.CLINTON,Hillary Clinton to be elected President in 2012,1,0.9,Jul/30/2011 19:40:26
743478,2012.PRES.CLINTON,Hillary Clinton to be elected President in 2012,1,0.9,Jul/30/2011 19:40:39
743478,2012.PRES.CLINTON,Hillary Clinton to be elected President in 2012,1,0.9,Jul/30/2011 19:41:20
743478,2012.PRES.CLINTON,Hillary Clinton to be elected President in 2012,1,0.9,Jul/30/2011 19:42:17
743478,2012.PRES.CLINTON,Hillary Clinton to be elected President in 2012,1,0.9,Jul/30/2011 19:44:31
743478,2012.PRES.CLINTON,Hillary Clinton to be elected President in 2012,1,0.9,Jul/30/2011 19:45:25
743478,2012.PRES.CLINTON,Hillary Clinton to be elected President in 2012,1,0.9,Jul/30/2011 20:17:46
743478,2012.PRES.CLINTON,Hillary Clinton to be elected President in 2012,1,0.9,Jul/30/2011 20:19:37
743478,2012.PRES.CLINTON,Hillary Clinton to be elected President in 2012,10,1.0,Jul/30/2011 21:50:44
743478,2012.PRES.CLINTON,Hillary Clinton to be elected President in 2012,10,0.9,Aug/01/2011 02:10:15
743478,2012.PRES.CLINTON,Hillary Clinton to be elected President in 2012,1,0.9,Aug/01/2011 18:30:32
743478,2012.PRES.CLINTON,Hillary Clinton to be elected President in 2012,1,0.9,Aug/01/2011 22:33:45
743478,2012.PRES.CLINTON,Hillary Clinton to be elected President in 2012,4,0.9,Aug/02/2011 00:34:10
743478,2012.PRES.CLINTON,Hillary Clinton to be elected President in 2012,1,0.9,Aug/02/2011 11:20:58
743478,2012.PRES.CLINTON,Hillary Clinton to be elected President in 2012,10,1.0,Aug/02/2011 19:49:47
743478,2012.PRES.CLINTON,Hillary Clinton to be elected President in 2012,5,1.0,Aug/02/2011 19:49:47
743478,2012.PRES.CLINTON,Hillary Clinton to be elected President in 2012,10,1.0,Aug/02/2011 19:49:47
743478,2012.PRES.CLINTON,Hillary Clinton to be elected President in 2012,7,1.0,Aug/02/2011 19:49:47
743478,2012.PRES.CLINTON,Hillary Clinton to be elected President in 2012,10,0.9,Aug/02/2011 20:09:39
743478,2012.PRES.CLINTON,Hillary Clinton to be elected President in 2012,10,0.9,Aug/02/2011 22:32:14
743478,2012.PRES.CLINTON,Hillary Clinton to be elected President in 2012,1,0.9,Aug/02/2011 22:38:46
743478,2012.PRES.CLINTON,Hillary Clinton to be elected President in 2012,1,0.9,Aug/02/2011 22:40:55
743478,2012.PRES.CLINTON,Hillary Clinton to be elected President in 2012,1,0.9,Aug/02/2011 22:49:47
743478,2012.PRES.CLINTON,Hillary Clinton to be elected President in 2012,10,1.0,Aug/03/2011 08:27:07
743478,2012.PRES.CLINTON,Hillary Clinton to be elected President in 2012,10,1.0,Aug/03/2011 08:27:07
743478,2012.PRES.CLINTON,Hillary Clinton to be elected President in 2012,10,1.0,Aug/03/2011 10:17:29
743478,2012.PRES.CLINTON,Hillary Clinton to be elected President in 2012,10,1.0,Aug/03/2011 14:17:59
743478,2012.PRES.CLINTON,Hillary Clinton to be elected President in 2012,10,1.0,Aug/03/2011 14:18:06
743478,2012.PRES.CLINTON,Hillary Clinton to be elected President in 2012,9,1.0,Aug/03/2011 14:18:49
743478,2012.PRES.CLINTON,Hillary Clinton to be elected President in 2012,10,1.0,Aug/04/2011 15:17:20
743478,2012.PRES.CLINTON,Hillary Clinton to be elected President in 2012,2,1.0,Aug/04/2011 18:01:14
743478,2012.PRES.CLINTON,Hillary Clinton to be elected President in 2012,10,1.0,Aug/04/2011 20:16:51
743478,2012.PRES.CLINTON,Hillary Clinton to be elected President in 2012,20,1.1,Aug/04/2011 22:25:44
743478,2012.PRES.CLINTON,Hillary Clinton to be elected President in 2012,5,1.1,Aug/04/2011 22:28:50
743478,2012.PRES.CLINTON,Hillary Clinton to be elected President in 2012,5,1.1,Aug/04/2011 22:28:50
743478,2012.PRES.CLINTON,Hillary Clinton to be elected President in 2012,18,1.1,Aug/04/2011 22:30:02
743478,2012.PRES.CLINTON,Hillary Clinton to be elected President in 2012,10,1.1,Aug/04/2011 22:30:02
743478,2012.PRES.CLINTON,Hillary Clinton to be elected President in 2012,8,1.1,Aug/04/2011 22:30:02
743478,2012.PRES.CLINTON,Hillary Clinton to be elected President in 2012,10,1.1,Aug/04/2011 22:30:02
743478,2012.PRES.CLINTON,Hillary Clinton to be elected President in 2012,3,1.1,Aug/04/2011 22:30:02
743478,2012.PRES.CLINTON,Hillary Clinton to be elected President in 2012,9,1.1,Aug/04/2011 22:30:02
743478,2012.PRES.CLINTON,Hillary Clinton to be elected President in 2012,1,1.1,Aug/04/2011 23:48:10
743478,2012.PRES.CLINTON,Hillary Clinton to be elected President in 2012,9,1.1,Aug/04/2011 23:48:10
743478,2012.PRES.CLINTON,Hillary Clinton to be elected President in 2012,10,1.0,Aug/05/2011 01:16:58
743478,2012.PRES.CLINTON,Hillary Clinton to be elected President in 2012,1,1.0,Aug/05/2011 01:17:07
743478,2012.PRES.CLINTON,Hillary Clinton to be elected President in 2012,1,1.1,Aug/05/2011 10:19:55
743478,2012.PRES.CLINTON,Hillary Clinton to be elected President in 2012,10,1.1,Aug/05/2011 10:19:55
743478,2012.PRES.CLINTON,Hillary Clinton to be elected President in 2012,9,1.1,Aug/05/2011 10:19:55
743478,2012.PRES.CLINTON,Hillary Clinton to be elected President in 2012,10,1.0,Aug/05/2011 13:09:10
743478,2012.PRES.CLINTON,Hillary Clinton to be elected President in 2012,10,1.0,Aug/05/2011 13:09:25
743478,2012.PRES.CLINTON,Hillary Clinton to be elected President in 2012,4,1.0,Aug/05/2011 13:09:44
743478,2012.PRES.CLINTON,Hillary Clinton to be elected President in 2012,1,1.1,Aug/05/2011 17:15:15
743478,2012.PRES.CLINTON,Hillary Clinton to be elected President in 2012,9,1.1,Aug/05/2011 17:15:15
743478,2012.PRES.CLINTON,Hillary Clinton to be elected President in 2012,1,1.1,Aug/05/2011 20:02:48
743478,2012.PRES.CLINTON,Hillary Clinton to be elected President in 2012,9,1.1,Aug/05/2011 20:02:48
743478,2012.PRES.CLINTON,Hillary Clinton to be elected President in 2012,1,1.1,Aug/05/2011 23:31:06
743478,2012.PRES.CLINTON,Hillary Clinton to be elected President in 2012,10,1.1,Aug/05/2011 23:31:06
743478,2012.PRES.CLINTON,Hillary Clinton to be elected President in 2012,12,1.2,Aug/05/2011 23:31:29
743478,2012.PRES.CLINTON,Hillary Clinton to be elected President in 2012,13,1.2,Aug/05/2011 23:31:57
743478,2012.PRES.CLINTON,Hillary Clinton to be elected President in 2012,9,1.2,Aug/05/2011 23:31:57
743478,2012.PRES.CLINTON,Hillary Clinton to be elected President in 2012,4,1.2,Aug/05/2011 23:31:57
743478,2012.PRES.CLINTON,Hillary Clinton to be elected President in 2012,10,1.2,Aug/05/2011 23:31:57
743478,2012.PRES.CLINTON,Hillary Clinton to be elected President in 2012,17,1.3,Aug/05/2011 23:32:15
743478,2012.PRES.CLINTON,Hillary Clinton to be elected President in 2012,10,1.3,Aug/05/2011 23:32:15
743478,2012.PRES.CLINTON,Hillary Clinton to be elected President in 2012,5,1.3,Aug/05/2011 23:32:15
743478,2012.PRES.CLINTON,Hillary Clinton to be elected President in 2012,10,1.4,Aug/05/2011 23:32:53
743478,2012.PRES.CLINTON,Hillary Clinton to be elected President in 2012,6,1.4,Aug/05/2011 23:32:53
743478,2012.PRES.CLINTON,Hillary Clinton to be elected President in 2012,10,1.4,Aug/05/2011 23:32:53
743478,2012.PRES.CLINTON,Hillary Clinton to be elected President in 2012,10,1.4,Aug/05/2011 23:32:53
743478,2012.PRES.CLINTON,Hillary Clinton to be elected President in 2012,10,1.5,Aug/05/2011 23:33:16
743478,2012.PRES.CLINTON,Hillary Clinton to be elected President in 2012,10,1.5,Aug/05/2011 23:33:16
743478,2012.PRES.CLINTON,Hillary Clinton to be elected President in 2012,10,1.5,Aug/05/2011 23:33:16
743478,2012.PRES.CLINTON,Hillary Clinton to be elected President in 2012,100,1.6,Aug/05/2011 23:33:46
743478,2012.PRES.CLINTON,Hillary Clinton to be elected President in 2012,5,1.4,Aug/06/2011 04:42:56
743478,2012.PRES.CLINTON,Hillary Clinton to be elected President in 2012,388,1.3,Aug/06/2011 09:34:22
743478,2012.PRES.CLINTON,Hillary Clinton to be elected President in 2012,12,1.3,Aug/07/2011 13:39:03
743478,2012.PRES.CLINTON,Hillary Clinton to be elected President in 2012,5,1.4,Aug/07/2011 13:39:24
743478,2012.PRES.CLINTON,Hillary Clinton to be elected President in 2012,10,1.4,Aug/07/2011 13:39:24
743478,2012.PRES.CLINTON,Hillary Clinton to be elected President in 2012,10,1.5,Aug/07/2011 14:04:00
743478,2012.PRES.CLINTON,Hillary Clinton to be elected President in 2012,1,1.7,Aug/07/2011 14:04:18
743478,2012.PRES.CLINTON,Hillary Clinton to be elected President in 2012,9,1.7,Aug/07/2011 14:04:50
743478,2012.PRES.CLINTON,Hillary Clinton to be elected President in 2012,1,1.2,Aug/08/2011 16:24:51
743478,2012.PRES.CLINTON,Hillary Clinton to be elected President in 2012,10,1.3,Aug/08/2011 17:59:35
743478,2012.PRES.CLINTON,Hillary Clinton to be elected President in 2012,10,1.4,Aug/08/2011 18:00:06
743478,2012.PRES.CLINTON,Hillary Clinton to be elected President in 2012,10,1.5,Aug/08/2011 19:46:52
743478,2012.PRES.CLINTON,Hillary Clinton to be elected President in 2012,10,1.5,Aug/08/2011 19:46:52
743478,2012.PRES.CLINTON,Hillary Clinton to be elected President in 2012,10,1.5,Aug/08/2011 21:09:59
743478,2012.PRES.CLINTON,Hillary Clinton to be elected President in 2012,50,1.8,Aug/08/2011 21:56:23
743478,2012.PRES.CLINTON,Hillary Clinton to be elected President in 2012,10,1.7,Aug/08/2011 21:56:23
743478,2012.PRES.CLINTON,Hillary Clinton to be elected President in 2012,10,1.6,Aug/08/2011 21:56:23
743478,2012.PRES.CLINTON,Hillary Clinton to be elected President in 2012,10,1.7,Aug/09/2011 01:19:50
743478,2012.PRES.CLINTON,Hillary Clinton to be elected President in 2012,10,1.8,Aug/09/2011 01:20:01
743478,2012.PRES.CLINTON,Hillary Clinton to be elected President in 2012,10,1.9,Aug/09/2011 12:00:33
743478,2012.PRES.CLINTON,Hillary Clinton to be elected President in 2012,10,2.0,Aug/09/2011 12:00:56
743478,2012.PRES.CLINTON,Hillary Clinton to be elected President in 2012,10,2.0,Aug/09/2011 12:00:56
743478,2012.PRES.CLINTON,Hillary Clinton to be elected President in 2012,15,1.5,Aug/09/2011 21:50:45
743478,2012.PRES.CLINTON,Hillary Clinton to be elected President in 2012,3,1.5,Aug/09/2011 21:51:09
743478,2012.PRES.CLINTON,Hillary Clinton to be elected President in 2012,10,1.5,Aug/10/2011 09:51:52
743478,2012.PRES.CLINTON,Hillary Clinton to be elected President in 2012,178,1.6,Aug/10/2011 09:51:52
743478,2012.PRES.CLINTON,Hillary Clinton to be elected President in 2012,1,1.5,Aug/11/2011 03:53:07
743478,2012.PRES.CLINTON,Hillary Clinton to be elected President in 2012,10,1.4,Aug/11/2011 16:37:57
743478,2012.PRES.CLINTON,Hillary Clinton to be elected President in 2012,10,1.3,Aug/11/2011 21:41:30
743478,2012.PRES.CLINTON,Hillary Clinton to be elected President in 2012,1,1.3,Aug/11/2011 21:41:37
743478,2012.PRES.CLINTON,Hillary Clinton to be elected President in 2012,10,1.3,Aug/11/2011 22:11:05
743478,2012.PRES.CLINTON,Hillary Clinton to be elected President in 2012,1,1.3,Aug/11/2011 23:35:02
743478,2012.PRES.CLINTON,Hillary Clinton to be elected President in 2012,10,1.3,Aug/12/2011 00:01:21
743478,2012.PRES.CLINTON,Hillary Clinton to be elected President in 2012,10,1.3,Aug/12/2011 00:25:23
743478,2012.PRES.CLINTON,Hillary Clinton to be elected President in 2012,2,1.3,Aug/12/2011 00:25:32
743478,2012.PRES.CLINTON,Hillary Clinton to be elected President in 2012,10,1.3,Aug/12/2011 00:26:17
743478,2012.PRES.CLINTON,Hillary Clinton to be elected President in 2012,10,1.3,Aug/12/2011 00:31:06
743478,2012.PRES.CLINTON,Hillary Clinton to be elected President in 2012,10,1.3,Aug/12/2011 00:38:07
743478,2012.PRES.CLINTON,Hillary Clinton to be elected President in 2012,10,1.3,Aug/12/2011 01:46:41
743478,2012.PRES.CLINTON,Hillary Clinton to be elected President in 2012,10,1.3,Aug/12/2011 02:26:21
743478,2012.PRES.CLINTON,Hillary Clinton to be elected President in 2012,2,1.3,Aug/12/2011 03:28:15
743478,2012.PRES.CLINTON,Hillary Clinton to be elected President in 2012,10,1.3,Aug/12/2011 03:36:43
743478,2012.PRES.CLINTON,Hillary Clinton to be elected President in 2012,10,1.4,Aug/12/2011 05:05:51
743478,2012.PRES.CLINTON,Hillary Clinton to be elected President in 2012,15,1.4,Aug/12/2011 05:05:51
743478,2012.PRES.CLINTON,Hillary Clinton to be elected President in 2012,23,1.3,Aug/12/2011 05:08:20
743478,2012.PRES.CLINTON,Hillary Clinton to be elected President in 2012,73,1.4,Aug/12/2011 07:29:47
743478,2012.PRES.CLINTON,Hillary Clinton to be elected President in 2012,88,1.4,Aug/12/2011 07:29:47
743478,2012.PRES.CLINTON,Hillary Clinton to be elected President in 2012,9,1.5,Aug/12/2011 09:34:48
743478,2012.PRES.CLINTON,Hillary Clinton to be elected President in 2012,10,1.5,Aug/12/2011 09:34:48
743478,2012.PRES.CLINTON,Hillary Clinton to be elected President in 2012,4,1.5,Aug/12/2011 09:34:48
743478,2012.PRES.CLINTON,Hillary Clinton to be elected President in 2012,10,1.5,Aug/12/2011 09:34:48
743478,2012.PRES.CLINTON,Hillary Clinton to be elected President in 2012,10,1.5,Aug/12/2011 09:34:48
743478,2012.PRES.CLINTON,Hillary Clinton to be elected President in 2012,20,1.5,Aug/12/2011 09:34:48
743478,2012.PRES.CLINTON,Hillary Clinton to be elected President in 2012,67,1.3,Aug/12/2011 20:49:11
743478,2012.PRES.CLINTON,Hillary Clinton to be elected President in 2012,15,1.3,Aug/12/2011 20:49:11
743478,2012.PRES.CLINTON,Hillary Clinton to be elected President in 2012,80,1.3,Aug/12/2011 20:49:11
743478,2012.PRES.CLINTON,Hillary Clinton to be elected President in 2012,161,1.3,Aug/12/2011 20:49:11
743478,2012.PRES.CLINTON,Hillary Clinton to be elected President in 2012,100,1.2,Aug/12/2011 20:50:02
743478,2012.PRES.CLINTON,Hillary Clinton to be elected President in 2012,10,1.2,Aug/12/2011 20:50:02
743478,2012.PRES.CLINTON,Hillary Clinton to be elected President in 2012,18,1.2,Aug/12/2011 20:50:02
743478,2012.PRES.CLINTON,Hillary Clinton to be elected President in 2012,18,1.3,Aug/12/2011 21:18:15
743478,2012.PRES.CLINTON,Hillary Clinton to be elected President in 2012,10,1.2,Aug/12/2011 21:37:26
743478,2012.PRES.CLINTON,Hillary Clinton to be elected President in 2012,20,1.3,Aug/12/2011 21:38:16
743478,2012.PRES.CLINTON,Hillary Clinton to be elected President in 2012,20,1.3,Aug/12/2011 21:51:43
743478,2012.PRES.CLINTON,Hillary Clinton to be elected President in 2012,10,1.3,Aug/12/2011 22:58:54
743478,2012.PRES.CLINTON,Hillary Clinton to be elected President in 2012,10,1.3,Aug/13/2011 01:51:54
743478,2012.PRES.CLINTON,Hillary Clinton to be elected President in 2012,10,1.3,Aug/13/2011 01:52:39
743478,2012.PRES.CLINTON,Hillary Clinton to be elected President in 2012,20,1.3,Aug/13/2011 01:58:16
743478,2012.PRES.CLINTON,Hillary Clinton to be elected President in 2012,1,1.3,Aug/13/2011 02:34:59
743478,2012.PRES.CLINTON,Hillary Clinton to be elected President in 2012,10,1.3,Aug/13/2011 02:39:17
743478,2012.PRES.CLINTON,Hillary Clinton to be elected President in 2012,10,1.3,Aug/13/2011 02:54:49
743478,2012.PRES.CLINTON,Hillary Clinton to be elected President in 2012,10,1.4,Aug/13/2011 07:29:12
743478,2012.PRES.CLINTON,Hillary Clinton to be elected President in 2012,88,1.4,Aug/13/2011 07:29:12
743478,2012.PRES.CLINTON,Hillary Clinton to be elected President in 2012,1,1.3,Aug/13/2011 17:21:41
743478,2012.PRES.CLINTON,Hillary Clinton to be elected President in 2012,10,1.3,Aug/13/2011 23:57:42
743478,2012.PRES.CLINTON,Hillary Clinton to be elected President in 2012,20,1.3,Aug/14/2011 04:30:49
743478,2012.PRES.CLINTON,Hillary Clinton to be elected President in 2012,2,1.3,Aug/14/2011 08:41:46
743478,2012.PRES.CLINTON,Hillary Clinton to be elected President in 2012,10,1.4,Aug/14/2011 11:48:09
743478,2012.PRES.CLINTON,Hillary Clinton to be elected President in 2012,18,1.4,Aug/14/2011 11:48:09
743478,2012.PRES.CLINTON,Hillary Clinton to be elected President in 2012,18,1.4,Aug/14/2011 12:02:36
743478,2012.PRES.CLINTON,Hillary Clinton to be elected President in 2012,18,1.4,Aug/14/2011 12:02:36
743478,2012.PRES.CLINTON,Hillary Clinton to be elected President in 2012,4,1.3,Aug/14/2011 19:35:51
743478,2012.PRES.CLINTON,Hillary Clinton to be elected President in 2012,20,1.4,Aug/14/2011 21:08:42
743478,2012.PRES.CLINTON,Hillary Clinton to be elected President in 2012,20,1.4,Aug/15/2011 05:19:48
743478,2012.PRES.CLINTON,Hillary Clinton to be elected President in 2012,18,1.4,Aug/15/2011 05:19:48
743478,2012.PRES.CLINTON,Hillary Clinton to be elected President in 2012,18,1.4,Aug/15/2011 08:03:25
743478,2012.PRES.CLINTON,Hillary Clinton to be elected President in 2012,12,1.4,Aug/15/2011 08:03:25
743478,2012.PRES.CLINTON,Hillary Clinton to be elected President in 2012,20,1.3,Aug/15/2011 16:51:33
743478,2012.PRES.CLINTON,Hillary Clinton to be elected President in 2012,20,1.3,Aug/15/2011 16:53:30
743478,2012.PRES.CLINTON,Hillary Clinton to be elected President in 2012,6,1.3,Aug/16/2011 11:45:30
743478,2012.PRES.CLINTON,Hillary Clinton to be elected President in 2012,20,1.3,Aug/16/2011 14:09:17
743478,2012.PRES.CLINTON,Hillary Clinton to be elected President in 2012,88,1.4,Aug/16/2011 22:32:20
743478,2012.PRES.CLINTON,Hillary Clinton to be elected President in 2012,10,1.4,Aug/16/2011 22:32:20
743478,2012.PRES.CLINTON,Hillary Clinton to be elected President in 2012,20,1.4,Aug/16/2011 22:32:20
743478,2012.PRES.CLINTON,Hillary Clinton to be elected President in 2012,88,1.5,Aug/16/2011 22:32:40
743478,2012.PRES.CLINTON,Hillary Clinton to be elected President in 2012,10,1.5,Aug/16/2011 22:32:40
743478,2012.PRES.CLINTON,Hillary Clinton to be elected President in 2012,10,1.5,Aug/16/2011 22:32:40
743478,2012.PRES.CLINTON,Hillary Clinton to be elected President in 2012,10,1.5,Aug/16/2011 22:32:40
743478,2012.PRES.CLINTON,Hillary Clinton to be elected President in 2012,20,1.5,Aug/16/2011 22:32:40
743478,2012.PRES.CLINTON,Hillary Clinton to be elected President in 2012,10,1.5,Aug/16/2011 22:32:40
743478,2012.PRES.CLINTON,Hillary Clinton to be elected President in 2012,10,1.6,Aug/16/2011 22:47:06
743478,2012.PRES.CLINTON,Hillary Clinton to be elected President in 2012,10,1.6,Aug/16/2011 22:47:06
743478,2012.PRES.CLINTON,Hillary Clinton to be elected President in 2012,2,1.6,Aug/16/2011 22:47:06
743478,2012.PRES.CLINTON,Hillary Clinton to be elected President in 2012,10,1.7,Aug/16/2011 22:47:37
743478,2012.PRES.CLINTON,Hillary Clinton to be elected President in 2012,10,1.7,Aug/16/2011 22:47:37
743478,2012.PRES.CLINTON,Hillary Clinton to be elected President in 2012,10,1.8,Aug/16/2011 22:47:58
743478,2012.PRES.CLINTON,Hillary Clinton to be elected President in 2012,50,1.8,Aug/16/2011 22:47:58
743478,2012.PRES.CLINTON,Hillary Clinton to be elected President in 2012,10,1.8,Aug/16/2011 22:47:58
743478,2012.PRES.CLINTON,Hillary Clinton to be elected President in 2012,18,1.5,Aug/17/2011 12:56:04
743478,2012.PRES.CLINTON,Hillary Clinton to be elected President in 2012,18,1.6,Aug/17/2011 12:56:18
743478,2012.PRES.CLINTON,Hillary Clinton to be elected President in 2012,10,1.7,Aug/17/2011 12:56:37
743478,2012.PRES.CLINTON,Hillary Clinton to be elected President in 2012,18,1.7,Aug/17/2011 12:56:37
743478,2012.PRES.CLINTON,Hillary Clinton to be elected President in 2012,10,1.8,Aug/17/2011 12:57:16
743478,2012.PRES.CLINTON,Hillary Clinton to be elected President in 2012,18,1.8,Aug/17/2011 12:57:16
743478,2012.PRES.CLINTON,Hillary Clinton to be elected President in 2012,2,1.6,Aug/18/2011 02:46:22
743478,2012.PRES.CLINTON,Hillary Clinton to be elected President in 2012,10,1.5,Aug/18/2011 02:46:22
743478,2012.PRES.CLINTON,Hillary Clinton to be elected President in 2012,5,1.6,Aug/18/2011 03:17:44
743478,2012.PRES.CLINTON,Hillary Clinton to be elected President in 2012,1,1.3,Aug/18/2011 03:35:00
743478,2012.PRES.CLINTON,Hillary Clinton to be elected President in 2012,1,1.3,Aug/18/2011 03:35:11
743478,2012.PRES.CLINTON,Hillary Clinton to be elected President in 2012,20,1.3,Aug/18/2011 03:37:37
743478,2012.PRES.CLINTON,Hillary Clinton to be elected President in 2012,11,1.6,Aug/18/2011 04:54:14
743478,2012.PRES.CLINTON,Hillary Clinton to be elected President in 2012,6,1.6,Aug/18/2011 04:54:14
743478,2012.PRES.CLINTON,Hillary Clinton to be elected President in 2012,11,1.5,Aug/18/2011 06:57:47
743478,2012.PRES.CLINTON,Hillary Clinton to be elected President in 2012,1,1.4,Aug/18/2011 06:57:47
743478,2012.PRES.CLINTON,Hillary Clinton to be elected President in 2012,4,1.6,Aug/18/2011 11:32:59
743478,2012.PRES.CLINTON,Hillary Clinton to be elected President in 2012,18,1.7,Aug/18/2011 11:33:27
743478,2012.PRES.CLINTON,Hillary Clinton to be elected President in 2012,18,1.8,Aug/18/2011 11:33:47
743478,2012.PRES.CLINTON,Hillary Clinton to be elected President in 2012,10,1.9,Aug/18/2011 11:34:03
743478,2012.PRES.CLINTON,Hillary Clinton to be elected President in 2012,10,1.9,Aug/18/2011 11:34:03
743478,2012.PRES.CLINTON,Hillary Clinton to be elected President in 2012,10,2.0,Aug/18/2011 11:34:17
743478,2012.PRES.CLINTON,Hillary Clinton to be elected President in 2012,10,2.0,Aug/18/2011 11:34:17
743478,2012.PRES.CLINTON,Hillary Clinton to be elected President in 2012,26,2.0,Aug/18/2011 11:34:17
743478,2012.PRES.CLINTON,Hillary Clinton to be elected President in 2012,48,2.3,Aug/18/2011 14:09:09
743478,2012.PRES.CLINTON,Hillary Clinton to be elected President in 2012,10,2.3,Aug/18/2011 14:09:09
743478,2012.PRES.CLINTON,Hillary Clinton to be elected President in 2012,135,3.0,Aug/18/2011 14:09:47
743478,2012.PRES.CLINTON,Hillary Clinton to be elected President in 2012,5,2.5,Aug/18/2011 14:09:47
743478,2012.PRES.CLINTON,Hillary Clinton to be elected President in 2012,50,2.8,Aug/18/2011 14:09:47
743478,2012.PRES.CLINTON,Hillary Clinton to be elected President in 2012,10,2.9,Aug/18/2011 14:09:47
743478,2012.PRES.CLINTON,Hillary Clinton to be elected President in 2012,65,3.0,Aug/18/2011 14:10:15
743478,2012.PRES.CLINTON,Hillary Clinton to be elected President in 2012,10,1.5,Aug/18/2011 17:16:43
743478,2012.PRES.CLINTON,Hillary Clinton to be elected President in 2012,10,1.9,Aug/19/2011 11:34:02
743478,2012.PRES.CLINTON,Hillary Clinton to be elected President in 2012,10,2.0,Aug/19/2011 11:34:21
743478,2012.PRES.CLINTON,Hillary Clinton to be elected President in 2012,10,2.5,Aug/19/2011 14:46:32
743478,2012.PRES.CLINTON,Hillary Clinton to be elected President in 2012,1,2.4,Aug/20/2011 10:27:47
743478,2012.PRES.CLINTON,Hillary Clinton to be elected President in 2012,10,2.5,Aug/20/2011 10:28:05
743478,2012.PRES.CLINTON,Hillary Clinton to be elected President in 2012,10,2.9,Aug/20/2011 10:28:31
743478,2012.PRES.CLINTON,Hillary Clinton to be elected President in 2012,2,2.9,Aug/20/2011 10:28:31
743478,2012.PRES.CLINTON,Hillary Clinton to be elected President in 2012,1,1.6,Aug/20/2011 10:30:42
743478,2012.PRES.CLINTON,Hillary Clinton to be elected President in 2012,1,1.5,Aug/20/2011 10:31:15
743478,2012.PRES.CLINTON,Hillary Clinton to be elected President in 2012,1,1.6,Aug/20/2011 21:46:48
743478,2012.PRES.CLINTON,Hillary Clinton to be elected President in 2012,10,1.9,Aug/21/2011 13:09:45
743478,2012.PRES.CLINTON,Hillary Clinton to be elected President in 2012,10,2.0,Aug/21/2011 13:10:21
743478,2012.PRES.CLINTON,Hillary Clinton to be elected President in 2012,10,2.3,Aug/21/2011 13:10:59
743478,2012.PRES.CLINTON,Hillary Clinton to be elected President in 2012,2,2.4,Aug/21/2011 19:31:01
743478,2012.PRES.CLINTON,Hillary Clinton to be elected President in 2012,1,2.5,Aug/21/2011 19:32:52
743478,2012.PRES.CLINTON,Hillary Clinton to be elected President in 2012,1,2.9,Aug/21/2011 20:18:38
743478,2012.PRES.CLINTON,Hillary Clinton to be elected President in 2012,2,2.5,Aug/21/2011 20:18:38
743478,2012.PRES.CLINTON,Hillary Clinton to be elected President in 2012,3,2.7,Aug/21/2011 20:18:38
743478,2012.PRES.CLINTON,Hillary Clinton to be elected President in 2012,4,2.9,Aug/21/2011 20:18:38
743478,2012.PRES.CLINTON,Hillary Clinton to be elected President in 2012,5,3.1,Aug/21/2011 20:19:12
743478,2012.PRES.CLINTON,Hillary Clinton to be elected President in 2012,2,3.3,Aug/21/2011 20:19:12
743478,2012.PRES.CLINTON,Hillary Clinton to be elected President in 2012,1,4.0,Aug/21/2011 22:26:22
743478,2012.PRES.CLINTON,Hillary Clinton to be elected President in 2012,77,4.0,Aug/21/2011 22:26:22
743478,2012.PRES.CLINTON,Hillary Clinton to be elected President in 2012,10,3.9,Aug/21/2011 22:26:22
743478,2012.PRES.CLINTON,Hillary Clinton to be elected President in 2012,3,3.3,Aug/21/2011 22:26:22
743478,2012.PRES.CLINTON,Hillary Clinton to be elected President in 2012,10,3.9,Aug/21/2011 22:26:22
743478,2012.PRES.CLINTON,Hillary Clinton to be elected President in 2012,23,4.0,Aug/21/2011 22:27:00
743478,2012.PRES.CLINTON,Hillary Clinton to be elected President in 2012,10,4.8,Aug/21/2011 22:31:12
743478,2012.PRES.CLINTON,Hillary Clinton to be elected President in 2012,10,4.8,Aug/21/2011 22:31:12
743478,2012.PRES.CLINTON,Hillary Clinton to be elected President in 2012,5,4.9,Aug/21/2011 22:32:03
743478,2012.PRES.CLINTON,Hillary Clinton to be elected President in 2012,45,5.0,Aug/21/2011 22:32:03
743478,2012.PRES.CLINTON,Hillary Clinton to be elected President in 2012,50,4.9,Aug/21/2011 22:32:03
743478,2012.PRES.CLINTON,Hillary Clinton to be elected President in 2012,55,5.0,Aug/21/2011 22:32:30
743478,2012.PRES.CLINTON,Hillary Clinton to be elected President in 2012,1,5.0,Aug/21/2011 22:33:58
743478,2012.PRES.CLINTON,Hillary Clinton to be elected President in 2012,10,4.0,Aug/22/2011 05:20:30
743478,2012.PRES.CLINTON,Hillary Clinton to be elected President in 2012,4,2.6,Aug/22/2011 21:55:19
743478,2012.PRES.CLINTON,Hillary Clinton to be elected President in 2012,1,2.5,Aug/23/2011 02:09:09
743478,2012.PRES.CLINTON,Hillary Clinton to be elected President in 2012,3,2.5,Aug/23/2011 02:09:09
743478,2012.PRES.CLINTON,Hillary Clinton to be elected President in 2012,34,2.4,Aug/23/2011 04:14:19
743478,2012.PRES.CLINTON,Hillary Clinton to be elected President in 2012,3,2.4,Aug/23/2011 11:34:23
743478,2012.PRES.CLINTON,Hillary Clinton to be elected President in 2012,1,4.3,Aug/23/2011 12:34:18
743478,2012.PRES.CLINTON,Hillary Clinton to be elected President in 2012,3,4.3,Aug/23/2011 12:34:18
743478,2012.PRES.CLINTON,Hillary Clinton to be elected President in 2012,3,4.4,Aug/23/2011 12:34:38
743478,2012.PRES.CLINTON,Hillary Clinton to be elected President in 2012,10,4.4,Aug/23/2011 12:34:38
743478,2012.PRES.CLINTON,Hillary Clinton to be elected President in 2012,100,4.5,Aug/23/2011 12:35:03
743478,2012.PRES.CLINTON,Hillary Clinton to be elected President in 2012,20,3.9,Aug/23/2011 15:53:12
743478,2012.PRES.CLINTON,Hillary Clinton to be elected President in 2012,2,3.0,Aug/24/2011 02:46:47
743478,2012.PRES.CLINTON,Hillary Clinton to be elected President in 2012,2,3.0,Aug/24/2011 02:49:29
743478,2012.PRES.CLINTON,Hillary Clinton to be elected President in 2012,8,3.0,Aug/24/2011 02:51:10
743478,2012.PRES.CLINTON,Hillary Clinton to be elected President in 2012,30,3.0,Aug/24/2011 03:14:13
743478,2012.PRES.CLINTON,Hillary Clinton to be elected President in 2012,9,3.0,Aug/24/2011 05:10:47
743478,2012.PRES.CLINTON,Hillary Clinton to be elected President in 2012,1,3.0,Aug/24/2011 05:10:47
743478,2012.PRES.CLINTON,Hillary Clinton to be elected President in 2012,21,3.0,Aug/24/2011 07:30:32
743478,2012.PRES.CLINTON,Hillary Clinton to be elected President in 2012,2,3.8,Aug/24/2011 11:39:22
743478,2012.PRES.CLINTON,Hillary Clinton to be elected President in 2012,10,3.8,Aug/24/2011 11:39:22
743478,2012.PRES.CLINTON,Hillary Clinton to be elected President in 2012,21,3.9,Aug/24/2011 11:45:43
743478,2012.PRES.CLINTON,Hillary Clinton to be elected President in 2012,2,3.0,Aug/24/2011 12:20:19
743478,2012.PRES.CLINTON,Hillary Clinton to be elected President in 2012,7,3.0,Aug/24/2011 12:21:32
743478,2012.PRES.CLINTON,Hillary Clinton to be elected President in 2012,2,3.8,Aug/24/2011 13:06:38
743478,2012.PRES.CLINTON,Hillary Clinton to be elected President in 2012,47,3.9,Aug/24/2011 13:06:58
743478,2012.PRES.CLINTON,Hillary Clinton to be elected President in 2012,19,3.0,Aug/24/2011 13:24:20
743478,2012.PRES.CLINTON,Hillary Clinton to be elected President in 2012,1,2.6,Aug/24/2011 16:37:56
743478,2012.PRES.CLINTON,Hillary Clinton to be elected President in 2012,2,2.5,Aug/25/2011 08:54:43
743478,2012.PRES.CLINTON,Hillary Clinton to be elected President in 2012,9,2.6,Aug/25/2011 08:54:43
743478,2012.PRES.CLINTON,Hillary Clinton to be elected President in 2012,9,2.5,Aug/25/2011 08:54:43
743478,2012.PRES.CLINTON,Hillary Clinton to be elected President in 2012,1,2.5,Aug/25/2011 13:16:45
743478,2012.PRES.CLINTON,Hillary Clinton to be elected President in 2012,2,2.4,Aug/26/2011 01:15:01
743478,2012.PRES.CLINTON,Hillary Clinton to be elected President in 2012,1,2.4,Aug/26/2011 01:16:01
743478,2012.PRES.CLINTON,Hillary Clinton to be elected President in 2012,1,2.4,Aug/26/2011 11:19:10
743478,2012.PRES.CLINTON,Hillary Clinton to be elected President in 2012,2,2.5,Aug/26/2011 23:51:50
743478,2012.PRES.CLINTON,Hillary Clinton to be elected President in 2012,1,2.5,Aug/27/2011 01:31:30
743478,2012.PRES.CLINTON,Hillary Clinton to be elected President in 2012,57,2.4,Aug/27/2011 03:36:51
743478,2012.PRES.CLINTON,Hillary Clinton to be elected President in 2012,2,2.5,Aug/27/2011 03:36:51
743478,2012.PRES.CLINTON,Hillary Clinton to be elected President in 2012,7,2.4,Aug/27/2011 03:36:51
743478,2012.PRES.CLINTON,Hillary Clinton to be elected President in 2012,1,2.3,Aug/27/2011 12:36:52
743478,2012.PRES.CLINTON,Hillary Clinton to be elected President in 2012,1,2.8,Aug/27/2011 18:04:31
743478,2012.PRES.CLINTON,Hillary Clinton to be elected President in 2012,50,2.5,Aug/28/2011 16:31:57
743478,2012.PRES.CLINTON,Hillary Clinton to be elected President in 2012,10,2.4,Aug/28/2011 19:44:25
743478,2012.PRES.CLINTON,Hillary Clinton to be elected President in 2012,8,2.3,Aug/28/2011 20:05:38
743478,2012.PRES.CLINTON,Hillary Clinton to be elected President in 2012,2,2.3,Aug/28/2011 20:05:38
743478,2012.PRES.CLINTON,Hillary Clinton to be elected President in 2012,3,2.4,Aug/29/2011 02:44:24
743478,2012.PRES.CLINTON,Hillary Clinton to be elected President in 2012,50,2.5,Aug/29/2011 02:44:49
743478,2012.PRES.CLINTON,Hillary Clinton to be elected President in 2012,10,2.5,Aug/29/2011 02:44:49
743478,2012.PRES.CLINTON,Hillary Clinton to be elected President in 2012,50,2.7,Aug/29/2011 02:45:13
743478,2012.PRES.CLINTON,Hillary Clinton to be elected President in 2012,5,2.4,Aug/30/2011 01:01:42
743478,2012.PRES.CLINTON,Hillary Clinton to be elected President in 2012,5,2.4,Aug/30/2011 11:39:53
743478,2012.PRES.CLINTON,Hillary Clinton to be elected President in 2012,9,2.3,Aug/31/2011 02:40:49
743478,2012.PRES.CLINTON,Hillary Clinton to be elected President in 2012,10,1.9,Aug/31/2011 04:20:47
743478,2012.PRES.CLINTON,Hillary Clinton to be elected President in 2012,41,2.0,Aug/31/2011 10:19:45
743478,2012.PRES.CLINTON,Hillary Clinton to be elected President in 2012,50,2.5,Aug/31/2011 10:20:13
743478,2012.PRES.CLINTON,Hillary Clinton to be elected President in 2012,5,2.5,Aug/31/2011 10:20:13
743478,2012.PRES.CLINTON,Hillary Clinton to be elected President in 2012,5,2.5,Aug/31/2011 10:20:13
743478,2012.PRES.CLINTON,Hillary Clinton to be elected President in 2012,10,2.7,Aug/31/2011 10:21:03
743478,2012.PRES.CLINTON,Hillary Clinton to be elected President in 2012,10,2.5,Aug/31/2011 14:40:17
743478,2012.PRES.CLINTON,Hillary Clinton to be elected President in 2012,2,2.8,Aug/31/2011 14:40:36
743478,2012.PRES.CLINTON,Hillary Clinton to be elected President in 2012,2,2.9,Aug/31/2011 14:40:57
743478,2012.PRES.CLINTON,Hillary Clinton to be elected President in 2012,1,2.9,Aug/31/2011 14:40:57
743478,2012.PRES.CLINTON,Hillary Clinton to be elected President in 2012,1,1.8,Sep/01/2011 15:20:11
743478,2012.PRES.CLINTON,Hillary Clinton to be elected President in 2012,10,1.8,Sep/01/2011 15:20:11
743478,2012.PRES.CLINTON,Hillary Clinton to be elected President in 2012,10,1.9,Sep/01/2011 15:20:11
743478,2012.PRES.CLINTON,Hillary Clinton to be elected President in 2012,1,1.9,Sep/01/2011 15:30:45
743478,2012.PRES.CLINTON,Hillary Clinton to be elected President in 2012,1,1.9,Sep/01/2011 15:31:58
743478,2012.PRES.CLINTON,Hillary Clinton to be elected President in 2012,1,1.9,Sep/01/2011 15:32:22
743478,2012.PRES.CLINTON,Hillary Clinton to be elected President in 2012,1,1.9,Sep/01/2011 15:32:44
743478,2012.PRES.CLINTON,Hillary Clinton to be elected President in 2012,50,2.0,Sep/01/2011 22:15:12
743478,2012.PRES.CLINTON,Hillary Clinton to be elected President in 2012,50,2.0,Sep/01/2011 23:53:32
743478,2012.PRES.CLINTON,Hillary Clinton to be elected President in 2012,1,1.9,Sep/02/2011 02:16:26
743478,2012.PRES.CLINTON,Hillary Clinton to be elected President in 2012,5,1.9,Sep/02/2011 05:08:15
743478,2012.PRES.CLINTON,Hillary Clinton to be elected President in 2012,4,1.9,Sep/02/2011 05:08:15
743478,2012.PRES.CLINTON,Hillary Clinton to be elected President in 2012,10,2.0,Sep/02/2011 05:58:53
743478,2012.PRES.CLINTON,Hillary Clinton to be elected President in 2012,1,2.0,Sep/02/2011 05:58:53
743478,2012.PRES.CLINTON,Hillary Clinton to be elected President in 2012,40,2.0,Sep/02/2011 05:58:53
743478,2012.PRES.CLINTON,Hillary Clinton to be elected President in 2012,10,2.0,Sep/02/2011 11:22:54
743478,2012.PRES.CLINTON,Hillary Clinton to be elected President in 2012,20,2.3,Sep/02/2011 11:23:10
743478,2012.PRES.CLINTON,Hillary Clinton to be elected President in 2012,1,2.4,Sep/02/2011 11:23:28
743478,2012.PRES.CLINTON,Hillary Clinton to be elected President in 2012,15,2.4,Sep/02/2011 11:23:28
743478,2012.PRES.CLINTON,Hillary Clinton to be elected President in 2012,10,2.4,Sep/02/2011 11:23:28
743478,2012.PRES.CLINTON,Hillary Clinton to be elected President in 2012,3,2.5,Sep/02/2011 11:23:47
743478,2012.PRES.CLINTON,Hillary Clinton to be elected President in 2012,3,2.6,Sep/02/2011 11:24:04
743478,2012.PRES.CLINTON,Hillary Clinton to be elected President in 2012,3,2.7,Sep/02/2011 11:24:20
743478,2012.PRES.CLINTON,Hillary Clinton to be elected President in 2012,3,2.8,Sep/02/2011 11:24:33
743478,2012.PRES.CLINTON,Hillary Clinton to be elected President in 2012,9,2.9,Sep/02/2011 11:24:45
743478,2012.PRES.CLINTON,Hillary Clinton to be elected President in 2012,50,3.0,Sep/02/2011 11:25:43
743478,2012.PRES.CLINTON,Hillary Clinton to be elected President in 2012,50,3.0,Sep/02/2011 11:25:43
743478,2012.PRES.CLINTON,Hillary Clinton to be elected President in 2012,5,2.4,Sep/02/2011 15:15:47
743478,2012.PRES.CLINTON,Hillary Clinton to be elected President in 2012,5,2.4,Sep/02/2011 17:33:55
743478,2012.PRES.CLINTON,Hillary Clinton to be elected President in 2012,2,2.0,Sep/02/2011 17:33:55
743478,2012.PRES.CLINTON,Hillary Clinton to be elected President in 2012,1,3.6,Sep/02/2011 18:24:33
743478,2012.PRES.CLINTON,Hillary Clinton to be elected President in 2012,2,3.3,Sep/02/2011 18:24:33
743478,2012.PRES.CLINTON,Hillary Clinton to be elected President in 2012,9,3.0,Sep/02/2011 18:24:33
743478,2012.PRES.CLINTON,Hillary Clinton to be elected President in 2012,5,3.0,Sep/02/2011 18:24:33
743478,2012.PRES.CLINTON,Hillary Clinton to be elected President in 2012,3,2.9,Sep/02/2011 18:24:33
743478,2012.PRES.CLINTON,Hillary Clinton to be elected President in 2012,5,3.0,Sep/02/2011 18:24:33
743478,2012.PRES.CLINTON,Hillary Clinton to be elected President in 2012,50,3.0,Sep/02/2011 18:24:33
743478,2012.PRES.CLINTON,Hillary Clinton to be elected President in 2012,111,3.9,Sep/02/2011 18:25:21
743478,2012.PRES.CLINTON,Hillary Clinton to be elected President in 2012,10,3.8,Sep/02/2011 18:25:21
743478,2012.PRES.CLINTON,Hillary Clinton to be elected President in 2012,1,3.6,Sep/02/2011 18:25:21
743478,2012.PRES.CLINTON,Hillary Clinton to be elected President in 2012,3,3.7,Sep/02/2011 18:25:21
743478,2012.PRES.CLINTON,Hillary Clinton to be elected President in 2012,10,3.7,Sep/02/2011 18:25:21
743478,2012.PRES.CLINTON,Hillary Clinton to be elected President in 2012,7,1.9,Sep/02/2011 18:53:22
743478,2012.PRES.CLINTON,Hillary Clinton to be elected President in 2012,3,2.0,Sep/02/2011 18:53:22
743478,2012.PRES.CLINTON,Hillary Clinton to be elected President in 2012,1,1.9,Sep/02/2011 18:58:48
743478,2012.PRES.CLINTON,Hillary Clinton to be elected President in 2012,1,3.9,Sep/02/2011 19:53:51
743478,2012.PRES.CLINTON,Hillary Clinton to be elected President in 2012,187,3.9,Sep/02/2011 19:53:51
743478,2012.PRES.CLINTON,Hillary Clinton to be elected President in 2012,5,3.8,Sep/02/2011 19:53:51
743478,2012.PRES.CLINTON,Hillary Clinton to be elected President in 2012,7,3.0,Sep/02/2011 19:53:51
743478,2012.PRES.CLINTON,Hillary Clinton to be elected President in 2012,1,2.0,Sep/02/2011 21:16:43
743478,2012.PRES.CLINTON,Hillary Clinton to be elected President in 2012,1,2.8,Sep/03/2011 03:57:00
743478,2012.PRES.CLINTON,Hillary Clinton to be elected President in 2012,9,2.8,Sep/03/2011 03:57:00
743478,2012.PRES.CLINTON,Hillary Clinton to be elected President in 2012,4,2.4,Sep/03/2011 12:36:18
743478,2012.PRES.CLINTON,Hillary Clinton to be elected President in 2012,1,2.5,Sep/03/2011 12:36:18
743478,2012.PRES.CLINTON,Hillary Clinton to be elected President in 2012,11,2.8,Sep/03/2011 14:18:34
743478,2012.PRES.CLINTON,Hillary Clinton to be elected President in 2012,10,2.9,Sep/03/2011 14:18:49
743478,2012.PRES.CLINTON,Hillary Clinton to be elected President in 2012,5,3.0,Sep/03/2011 14:19:14
743478,2012.PRES.CLINTON,Hillary Clinton to be elected President in 2012,50,3.0,Sep/03/2011 14:19:14
743478,2012.PRES.CLINTON,Hillary Clinton to be elected President in 2012,50,3.5,Sep/03/2011 14:19:53
743478,2012.PRES.CLINTON,Hillary Clinton to be elected President in 2012,1,3.6,Sep/03/2011 14:20:02
743478,2012.PRES.CLINTON,Hillary Clinton to be elected President in 2012,1,3.6,Sep/03/2011 14:20:11
743478,2012.PRES.CLINTON,Hillary Clinton to be elected President in 2012,20,4.7,Sep/03/2011 15:56:12
743478,2012.PRES.CLINTON,Hillary Clinton to be elected President in 2012,10,3.8,Sep/03/2011 15:56:12
743478,2012.PRES.CLINTON,Hillary Clinton to be elected President in 2012,10,4.6,Sep/03/2011 15:56:12
743478,2012.PRES.CLINTON,Hillary Clinton to be elected President in 2012,1,3.7,Sep/03/2011 15:56:12
743478,2012.PRES.CLINTON,Hillary Clinton to be elected President in 2012,4,4.8,Sep/03/2011 15:56:12
743478,2012.PRES.CLINTON,Hillary Clinton to be elected President in 2012,10,3.4,Sep/04/2011 17:21:08
743478,2012.PRES.CLINTON,Hillary Clinton to be elected President in 2012,480,2.9,Sep/07/2011 14:57:31
743478,2012.PRES.CLINTON,Hillary Clinton to be elected President in 2012,4,2.6,Sep/07/2011 17:10:35
743478,2012.PRES.CLINTON,Hillary Clinton to be elected President in 2012,2,2.6,Sep/07/2011 20:31:18
743478,2012.PRES.CLINTON,Hillary Clinton to be elected President in 2012,2,2.6,Sep/08/2011 03:06:17
743478,2012.PRES.CLINTON,Hillary Clinton to be elected President in 2012,2,2.6,Sep/08/2011 03:09:43
743478,2012.PRES.CLINTON,Hillary Clinton to be elected President in 2012,48,2.6,Sep/08/2011 04:47:50
743478,2012.PRES.CLINTON,Hillary Clinton to be elected President in 2012,1,2.5,Sep/08/2011 12:32:49
743478,2012.PRES.CLINTON,Hillary Clinton to be elected President in 2012,1,2.6,Sep/08/2011 21:20:23
743478,2012.PRES.CLINTON,Hillary Clinton to be elected President in 2012,2,2.6,Sep/08/2011 21:22:16
743478,2012.PRES.CLINTON,Hillary Clinton to be elected President in 2012,2,2.6,Sep/08/2011 21:28:29
743478,2012.PRES.CLINTON,Hillary Clinton to be elected President in 2012,8,2.8,Sep/09/2011 05:31:56
743478,2012.PRES.CLINTON,Hillary Clinton to be elected President in 2012,5,2.6,Sep/11/2011 00:42:32
743478,2012.PRES.CLINTON,Hillary Clinton to be elected President in 2012,5,2.6,Sep/11/2011 00:42:32
743478,2012.PRES.CLINTON,Hillary Clinton to be elected President in 2012,2,2.5,Sep/12/2011 03:10:33
743478,2012.PRES.CLINTON,Hillary Clinton to be elected President in 2012,10,2.5,Sep/12/2011 03:10:33
743478,2012.PRES.CLINTON,Hillary Clinton to be elected President in 2012,10,2.5,Sep/12/2011 03:10:33
743478,2012.PRES.CLINTON,Hillary Clinton to be elected President in 2012,6,2.4,Sep/12/2011 05:49:51
743478,2012.PRES.CLINTON,Hillary Clinton to be elected President in 2012,4,2.4,Sep/12/2011 05:49:51
743478,2012.PRES.CLINTON,Hillary Clinton to be elected President in 2012,15,2.4,Sep/12/2011 05:49:51
743478,2012.PRES.CLINTON,Hillary Clinton to be elected President in 2012,15,2.4,Sep/12/2011 05:49:51
743478,2012.PRES.CLINTON,Hillary Clinton to be elected President in 2012,1,2.3,Sep/12/2011 15:06:45
743478,2012.PRES.CLINTON,Hillary Clinton to be elected President in 2012,1,2.3,Sep/12/2011 15:22:21
743478,2012.PRES.CLINTON,Hillary Clinton to be elected President in 2012,20,2.3,Sep/12/2011 15:22:21
743478,2012.PRES.CLINTON,Hillary Clinton to be elected President in 2012,1,2.3,Sep/12/2011 15:22:21
743478,2012.PRES.CLINTON,Hillary Clinton to be elected President in 2012,1,2.2,Sep/12/2011 15:47:55
743478,2012.PRES.CLINTON,Hillary Clinton to be elected President in 2012,29,2.2,Sep/12/2011 15:47:55
743478,2012.PRES.CLINTON,Hillary Clinton to be elected President in 2012,5,2.3,Sep/12/2011 16:20:35
743478,2012.PRES.CLINTON,Hillary Clinton to be elected President in 2012,1,2.3,Sep/12/2011 16:40:35
743478,2012.PRES.CLINTON,Hillary Clinton to be elected President in 2012,22,2.3,Sep/12/2011 16:51:57
743478,2012.PRES.CLINTON,Hillary Clinton to be elected President in 2012,1,2.2,Sep/12/2011 19:43:03
743478,2012.PRES.CLINTON,Hillary Clinton to be elected President in 2012,5,2.4,Sep/13/2011 01:41:49
743478,2012.PRES.CLINTON,Hillary Clinton to be elected President in 2012,5,2.4,Sep/13/2011 04:27:56
743478,2012.PRES.CLINTON,Hillary Clinton to be elected President in 2012,5,2.3,Sep/13/2011 13:50:44
743478,2012.PRES.CLINTON,Hillary Clinton to be elected President in 2012,5,2.3,Sep/13/2011 14:09:35
743478,2012.PRES.CLINTON,Hillary Clinton to be elected President in 2012,1,2.2,Sep/13/2011 14:24:05
743478,2012.PRES.CLINTON,Hillary Clinton to be elected President in 2012,18,2.2,Sep/13/2011 15:29:59
743478,2012.PRES.CLINTON,Hillary Clinton to be elected President in 2012,2,2.2,Sep/13/2011 17:22:48
743478,2012.PRES.CLINTON,Hillary Clinton to be elected President in 2012,43,2.2,Sep/13/2011 18:54:19
743478,2012.PRES.CLINTON,Hillary Clinton to be elected President in 2012,18,2.2,Sep/13/2011 20:34:26
743478,2012.PRES.CLINTON,Hillary Clinton to be elected President in 2012,10,2.4,Sep/14/2011 10:39:59
743478,2012.PRES.CLINTON,Hillary Clinton to be elected President in 2012,5,2.4,Sep/14/2011 10:39:59
743478,2012.PRES.CLINTON,Hillary Clinton to be elected President in 2012,28,2.5,Sep/14/2011 10:40:31
743478,2012.PRES.CLINTON,Hillary Clinton to be elected President in 2012,10,2.5,Sep/14/2011 10:40:31
743478,2012.PRES.CLINTON,Hillary Clinton to be elected President in 2012,1,2.5,Sep/14/2011 10:40:31
743478,2012.PRES.CLINTON,Hillary Clinton to be elected President in 2012,50,2.5,Sep/14/2011 10:40:31
743478,2012.PRES.CLINTON,Hillary Clinton to be elected President in 2012,50,2.5,Sep/14/2011 10:40:31
743478,2012.PRES.CLINTON,Hillary Clinton to be elected President in 2012,1,2.6,Sep/14/2011 10:41:36
743478,2012.PRES.CLINTON,Hillary Clinton to be elected President in 2012,1,2.7,Sep/14/2011 10:42:42
743478,2012.PRES.CLINTON,Hillary Clinton to be elected President in 2012,3,2.7,Sep/14/2011 10:42:42
743478,2012.PRES.CLINTON,Hillary Clinton to be elected President in 2012,5,2.4,Sep/14/2011 18:40:29
743478,2012.PRES.CLINTON,Hillary Clinton to be elected President in 2012,4,2.3,Sep/15/2011 22:00:53
743478,2012.PRES.CLINTON,Hillary Clinton to be elected President in 2012,46,2.3,Sep/15/2011 22:00:53
743478,2012.PRES.CLINTON,Hillary Clinton to be elected President in 2012,54,2.3,Sep/15/2011 23:00:41
743478,2012.PRES.CLINTON,Hillary Clinton to be elected President in 2012,12,2.2,Sep/16/2011 01:09:46
743478,2012.PRES.CLINTON,Hillary Clinton to be elected President in 2012,10,2.3,Sep/16/2011 02:12:47
743478,2012.PRES.CLINTON,Hillary Clinton to be elected President in 2012,2,2.2,Sep/16/2011 04:27:45
743478,2012.PRES.CLINTON,Hillary Clinton to be elected President in 2012,10,2.2,Sep/16/2011 18:51:23
743478,2012.PRES.CLINTON,Hillary Clinton to be elected President in 2012,145,2.3,Sep/16/2011 19:39:03
743478,2012.PRES.CLINTON,Hillary Clinton to be elected President in 2012,1,2.3,Sep/16/2011 19:39:03
743478,2012.PRES.CLINTON,Hillary Clinton to be elected President in 2012,13,2.8,Sep/16/2011 20:21:22
743478,2012.PRES.CLINTON,Hillary Clinton to be elected President in 2012,3,2.8,Sep/16/2011 20:21:22
743478,2012.PRES.CLINTON,Hillary Clinton to be elected President in 2012,4,2.7,Sep/16/2011 20:21:22
743478,2012.PRES.CLINTON,Hillary Clinton to be elected President in 2012,1,2.7,Sep/16/2011 20:21:22
743478,2012.PRES.CLINTON,Hillary Clinton to be elected President in 2012,50,2.5,Sep/16/2011 20:21:22
743478,2012.PRES.CLINTON,Hillary Clinton to be elected President in 2012,10,2.4,Sep/16/2011 20:21:22
743478,2012.PRES.CLINTON,Hillary Clinton to be elected President in 2012,2,2.6,Sep/16/2011 20:21:22
743478,2012.PRES.CLINTON,Hillary Clinton to be elected President in 2012,3,2.7,Sep/16/2011 20:21:22
743478,2012.PRES.CLINTON,Hillary Clinton to be elected President in 2012,4,2.8,Sep/16/2011 20:21:22
743478,2012.PRES.CLINTON,Hillary Clinton to be elected President in 2012,1,2.9,Sep/16/2011 20:22:23
743478,2012.PRES.CLINTON,Hillary Clinton to be elected President in 2012,4,2.9,Sep/16/2011 20:22:23
743478,2012.PRES.CLINTON,Hillary Clinton to be elected President in 2012,5,3.0,Sep/16/2011 20:22:23
743478,2012.PRES.CLINTON,Hillary Clinton to be elected President in 2012,50,3.0,Sep/16/2011 20:22:23
743478,2012.PRES.CLINTON,Hillary Clinton to be elected President in 2012,1,3.0,Sep/16/2011 20:22:23
743478,2012.PRES.CLINTON,Hillary Clinton to be elected President in 2012,50,3.0,Sep/16/2011 20:22:23
743478,2012.PRES.CLINTON,Hillary Clinton to be elected President in 2012,10,2.9,Sep/16/2011 20:22:23
743478,2012.PRES.CLINTON,Hillary Clinton to be elected President in 2012,4,2.9,Sep/16/2011 20:22:23
743478,2012.PRES.CLINTON,Hillary Clinton to be elected President in 2012,5,3.0,Sep/16/2011 20:22:23
743478,2012.PRES.CLINTON,Hillary Clinton to be elected President in 2012,50,3.0,Sep/16/2011 20:22:23
743478,2012.PRES.CLINTON,Hillary Clinton to be elected President in 2012,10,2.4,Sep/17/2011 03:01:47
743478,2012.PRES.CLINTON,Hillary Clinton to be elected President in 2012,3,2.4,Sep/17/2011 03:03:39
743478,2012.PRES.CLINTON,Hillary Clinton to be elected President in 2012,3,2.4,Sep/17/2011 13:09:56
743478,2012.PRES.CLINTON,Hillary Clinton to be elected President in 2012,10,2.5,Sep/18/2011 06:46:46
743478,2012.PRES.CLINTON,Hillary Clinton to be elected President in 2012,1,2.4,Sep/18/2011 06:46:46
743478,2012.PRES.CLINTON,Hillary Clinton to be elected President in 2012,10,2.4,Sep/18/2011 06:46:46
743478,2012.PRES.CLINTON,Hillary Clinton to be elected President in 2012,5,2.4,Sep/20/2011 12:35:18
743478,2012.PRES.CLINTON,Hillary Clinton to be elected President in 2012,23,2.3,Sep/20/2011 16:00:15
743478,2012.PRES.CLINTON,Hillary Clinton to be elected President in 2012,1,2.3,Sep/20/2011 16:01:06
743478,2012.PRES.CLINTON,Hillary Clinton to be elected President in 2012,5,2.4,Sep/21/2011 01:16:21
743478,2012.PRES.CLINTON,Hillary Clinton to be elected President in 2012,1,2.4,Sep/21/2011 01:16:21
743478,2012.PRES.CLINTON,Hillary Clinton to be elected President in 2012,10,2.5,Sep/21/2011 01:16:48
