market id,market symbol,market name,trade quantity,trade price,date/time [utc]
748151,2012.PRES.TRUMP,Donald Trump to be elected President in 2012,5,10.0,Apr/04/2011 22:49:18
748151,2012.PRES.TRUMP,Donald Trump to be elected President in 2012,5,3.0,Apr/05/2011 17:00:04
748151,2012.PRES.TRUMP,Donald Trump to be elected President in 2012,200,2.5,Apr/06/2011 22:54:50
748151,2012.PRES.TRUMP,Donald Trump to be elected President in 2012,155,2.6,Apr/07/2011 16:48:34
748151,2012.PRES.TRUMP,Donald Trump to be elected President in 2012,5,2.5,Apr/07/2011 20:01:38
748151,2012.PRES.TRUMP,Donald Trump to be elected President in 2012,45,2.5,Apr/07/2011 22:26:43
748151,2012.PRES.TRUMP,Donald Trump to be elected President in 2012,5,2.6,Apr/07/2011 22:29:22
748151,2012.PRES.TRUMP,Donald Trump to be elected President in 2012,15,2.7,Apr/07/2011 22:30:22
748151,2012.PRES.TRUMP,Donald Trump to be elected President in 2012,4,2.7,Apr/07/2011 22:30:59
748151,2012.PRES.TRUMP,Donald Trump to be elected President in 2012,81,2.7,Apr/08/2011 02:13:42
748151,2012.PRES.TRUMP,Donald Trump to be elected President in 2012,5,2.7,Apr/08/2011 02:13:42
748151,2012.PRES.TRUMP,Donald Trump to be elected President in 2012,1,2.8,Apr/08/2011 03:08:21
748151,2012.PRES.TRUMP,Donald Trump to be elected President in 2012,30,2.5,Apr/09/2011 18:07:14
748151,2012.PRES.TRUMP,Donald Trump to be elected President in 2012,98,3.0,Apr/10/2011 10:57:57
748151,2012.PRES.TRUMP,Donald Trump to be elected President in 2012,4,2.8,Apr/10/2011 10:57:57
748151,2012.PRES.TRUMP,Donald Trump to be elected President in 2012,5,2.9,Apr/10/2011 10:57:57
748151,2012.PRES.TRUMP,Donald Trump to be elected President in 2012,83,2.9,Apr/10/2011 10:57:57
748151,2012.PRES.TRUMP,Donald Trump to be elected President in 2012,2,3.0,Apr/10/2011 10:59:28
748151,2012.PRES.TRUMP,Donald Trump to be elected President in 2012,60,3.5,Apr/11/2011 00:25:08
748151,2012.PRES.TRUMP,Donald Trump to be elected President in 2012,40,3.5,Apr/11/2011 21:00:20
748151,2012.PRES.TRUMP,Donald Trump to be elected President in 2012,50,4.0,Apr/11/2011 21:00:20
748151,2012.PRES.TRUMP,Donald Trump to be elected President in 2012,100,3.9,Apr/11/2011 21:00:20
748151,2012.PRES.TRUMP,Donald Trump to be elected President in 2012,5,4.9,Apr/12/2011 14:41:09
748151,2012.PRES.TRUMP,Donald Trump to be elected President in 2012,5,4.8,Apr/12/2011 14:41:09
748151,2012.PRES.TRUMP,Donald Trump to be elected President in 2012,5,4.7,Apr/12/2011 14:41:09
748151,2012.PRES.TRUMP,Donald Trump to be elected President in 2012,5,4.6,Apr/12/2011 14:41:09
748151,2012.PRES.TRUMP,Donald Trump to be elected President in 2012,30,4.5,Apr/12/2011 14:41:09
748151,2012.PRES.TRUMP,Donald Trump to be elected President in 2012,100,4.0,Apr/12/2011 14:41:09
748151,2012.PRES.TRUMP,Donald Trump to be elected President in 2012,25,6.0,Apr/12/2011 14:41:09
748151,2012.PRES.TRUMP,Donald Trump to be elected President in 2012,1,3.5,Apr/12/2011 18:59:59
748151,2012.PRES.TRUMP,Donald Trump to be elected President in 2012,100,6.0,Apr/13/2011 21:46:08
748151,2012.PRES.TRUMP,Donald Trump to be elected President in 2012,11,5.9,Apr/13/2011 21:46:08
748151,2012.PRES.TRUMP,Donald Trump to be elected President in 2012,12,5.5,Apr/14/2011 09:00:00
748151,2012.PRES.TRUMP,Donald Trump to be elected President in 2012,2,5.5,Apr/14/2011 09:02:15
748151,2012.PRES.TRUMP,Donald Trump to be elected President in 2012,1,4.0,Apr/14/2011 20:27:12
748151,2012.PRES.TRUMP,Donald Trump to be elected President in 2012,2,4.9,Apr/14/2011 21:19:47
748151,2012.PRES.TRUMP,Donald Trump to be elected President in 2012,1,4.9,Apr/14/2011 21:28:56
748151,2012.PRES.TRUMP,Donald Trump to be elected President in 2012,30,4.5,Apr/15/2011 16:36:05
748151,2012.PRES.TRUMP,Donald Trump to be elected President in 2012,40,4.8,Apr/15/2011 16:37:19
748151,2012.PRES.TRUMP,Donald Trump to be elected President in 2012,5,4.6,Apr/15/2011 16:37:19
748151,2012.PRES.TRUMP,Donald Trump to be elected President in 2012,5,4.7,Apr/15/2011 16:37:19
748151,2012.PRES.TRUMP,Donald Trump to be elected President in 2012,8,4.8,Apr/15/2011 16:37:28
748151,2012.PRES.TRUMP,Donald Trump to be elected President in 2012,5,4.8,Apr/15/2011 16:37:28
748151,2012.PRES.TRUMP,Donald Trump to be elected President in 2012,2,4.9,Apr/15/2011 16:39:02
748151,2012.PRES.TRUMP,Donald Trump to be elected President in 2012,2,4.9,Apr/15/2011 16:39:02
748151,2012.PRES.TRUMP,Donald Trump to be elected President in 2012,5,4.9,Apr/15/2011 16:39:02
748151,2012.PRES.TRUMP,Donald Trump to be elected President in 2012,5,5.0,Apr/15/2011 16:39:02
748151,2012.PRES.TRUMP,Donald Trump to be elected President in 2012,5,5.1,Apr/15/2011 17:02:02
748151,2012.PRES.TRUMP,Donald Trump to be elected President in 2012,50,5.1,Apr/15/2011 17:31:41
748151,2012.PRES.TRUMP,Donald Trump to be elected President in 2012,1,5.1,Apr/15/2011 17:31:55
748151,2012.PRES.TRUMP,Donald Trump to be elected President in 2012,50,5.1,Apr/15/2011 17:32:31
748151,2012.PRES.TRUMP,Donald Trump to be elected President in 2012,1,5.8,Apr/15/2011 17:33:05
748151,2012.PRES.TRUMP,Donald Trump to be elected President in 2012,1,5.2,Apr/15/2011 18:31:14
748151,2012.PRES.TRUMP,Donald Trump to be elected President in 2012,10,5.8,Apr/15/2011 19:58:32
748151,2012.PRES.TRUMP,Donald Trump to be elected President in 2012,100,6.0,Apr/15/2011 19:58:32
748151,2012.PRES.TRUMP,Donald Trump to be elected President in 2012,100,5.8,Apr/15/2011 19:58:32
748151,2012.PRES.TRUMP,Donald Trump to be elected President in 2012,6,5.7,Apr/15/2011 19:58:32
748151,2012.PRES.TRUMP,Donald Trump to be elected President in 2012,1,5.3,Apr/15/2011 19:58:32
748151,2012.PRES.TRUMP,Donald Trump to be elected President in 2012,1,5.4,Apr/15/2011 19:58:32
748151,2012.PRES.TRUMP,Donald Trump to be elected President in 2012,1,5.5,Apr/15/2011 19:58:32
748151,2012.PRES.TRUMP,Donald Trump to be elected President in 2012,10,5.2,Apr/16/2011 07:28:54
748151,2012.PRES.TRUMP,Donald Trump to be elected President in 2012,1,5.2,Apr/16/2011 07:43:31
748151,2012.PRES.TRUMP,Donald Trump to be elected President in 2012,1,5.3,Apr/17/2011 02:32:44
748151,2012.PRES.TRUMP,Donald Trump to be elected President in 2012,2,5.4,Apr/17/2011 02:32:44
748151,2012.PRES.TRUMP,Donald Trump to be elected President in 2012,3,5.5,Apr/17/2011 02:32:44
748151,2012.PRES.TRUMP,Donald Trump to be elected President in 2012,4,5.6,Apr/17/2011 02:32:44
748151,2012.PRES.TRUMP,Donald Trump to be elected President in 2012,3,5.9,Apr/17/2011 15:57:31
748151,2012.PRES.TRUMP,Donald Trump to be elected President in 2012,3,5.9,Apr/17/2011 15:57:31
748151,2012.PRES.TRUMP,Donald Trump to be elected President in 2012,7,5.8,Apr/17/2011 15:57:31
748151,2012.PRES.TRUMP,Donald Trump to be elected President in 2012,5,5.7,Apr/17/2011 15:57:31
748151,2012.PRES.TRUMP,Donald Trump to be elected President in 2012,6,5.8,Apr/17/2011 15:57:31
748151,2012.PRES.TRUMP,Donald Trump to be elected President in 2012,56,5.6,Apr/17/2011 15:57:31
748151,2012.PRES.TRUMP,Donald Trump to be elected President in 2012,1,6.0,Apr/17/2011 16:43:33
748151,2012.PRES.TRUMP,Donald Trump to be elected President in 2012,7,5.9,Apr/17/2011 16:43:33
748151,2012.PRES.TRUMP,Donald Trump to be elected President in 2012,8,6.0,Apr/17/2011 16:43:33
748151,2012.PRES.TRUMP,Donald Trump to be elected President in 2012,52,5.9,Apr/17/2011 16:43:33
748151,2012.PRES.TRUMP,Donald Trump to be elected President in 2012,100,5.9,Apr/17/2011 19:20:25
748151,2012.PRES.TRUMP,Donald Trump to be elected President in 2012,11,5.8,Apr/17/2011 19:20:25
748151,2012.PRES.TRUMP,Donald Trump to be elected President in 2012,47,5.8,Apr/17/2011 19:20:25
748151,2012.PRES.TRUMP,Donald Trump to be elected President in 2012,4,5.8,Apr/17/2011 23:17:05
748151,2012.PRES.TRUMP,Donald Trump to be elected President in 2012,1,5.3,Apr/18/2011 17:28:52
748151,2012.PRES.TRUMP,Donald Trump to be elected President in 2012,10,5.7,Apr/18/2011 18:19:28
748151,2012.PRES.TRUMP,Donald Trump to be elected President in 2012,1,5.7,Apr/18/2011 18:20:14
748151,2012.PRES.TRUMP,Donald Trump to be elected President in 2012,1,5.9,Apr/18/2011 18:21:31
748151,2012.PRES.TRUMP,Donald Trump to be elected President in 2012,9,6.1,Apr/18/2011 18:21:57
748151,2012.PRES.TRUMP,Donald Trump to be elected President in 2012,2,6.2,Apr/18/2011 18:26:41
748151,2012.PRES.TRUMP,Donald Trump to be elected President in 2012,10,6.2,Apr/18/2011 18:26:41
748151,2012.PRES.TRUMP,Donald Trump to be elected President in 2012,11,6.3,Apr/18/2011 18:26:53
748151,2012.PRES.TRUMP,Donald Trump to be elected President in 2012,3,6.4,Apr/18/2011 18:27:04
748151,2012.PRES.TRUMP,Donald Trump to be elected President in 2012,12,6.4,Apr/18/2011 18:27:04
748151,2012.PRES.TRUMP,Donald Trump to be elected President in 2012,13,6.5,Apr/18/2011 18:27:32
748151,2012.PRES.TRUMP,Donald Trump to be elected President in 2012,9,6.6,Apr/18/2011 18:27:44
748151,2012.PRES.TRUMP,Donald Trump to be elected President in 2012,14,6.6,Apr/18/2011 18:27:44
748151,2012.PRES.TRUMP,Donald Trump to be elected President in 2012,10,6.7,Apr/18/2011 18:28:08
748151,2012.PRES.TRUMP,Donald Trump to be elected President in 2012,15,6.7,Apr/18/2011 18:28:08
748151,2012.PRES.TRUMP,Donald Trump to be elected President in 2012,4,6.6,Apr/18/2011 18:40:09
748151,2012.PRES.TRUMP,Donald Trump to be elected President in 2012,69,7.0,Apr/18/2011 18:40:42
748151,2012.PRES.TRUMP,Donald Trump to be elected President in 2012,4,6.8,Apr/18/2011 18:40:42
748151,2012.PRES.TRUMP,Donald Trump to be elected President in 2012,1,6.9,Apr/18/2011 18:40:42
748151,2012.PRES.TRUMP,Donald Trump to be elected President in 2012,11,6.9,Apr/18/2011 18:40:42
748151,2012.PRES.TRUMP,Donald Trump to be elected President in 2012,9,6.8,Apr/18/2011 18:40:42
748151,2012.PRES.TRUMP,Donald Trump to be elected President in 2012,6,6.7,Apr/18/2011 18:40:42
748151,2012.PRES.TRUMP,Donald Trump to be elected President in 2012,31,7.0,Apr/18/2011 18:41:33
748151,2012.PRES.TRUMP,Donald Trump to be elected President in 2012,95,8.0,Apr/18/2011 18:44:44
748151,2012.PRES.TRUMP,Donald Trump to be elected President in 2012,5,7.7,Apr/18/2011 18:44:44
748151,2012.PRES.TRUMP,Donald Trump to be elected President in 2012,78,7.7,Apr/18/2011 18:45:36
748151,2012.PRES.TRUMP,Donald Trump to be elected President in 2012,100,9.0,Apr/18/2011 19:01:38
748151,2012.PRES.TRUMP,Donald Trump to be elected President in 2012,5,8.0,Apr/18/2011 19:01:38
748151,2012.PRES.TRUMP,Donald Trump to be elected President in 2012,20,8.9,Apr/18/2011 19:01:38
748151,2012.PRES.TRUMP,Donald Trump to be elected President in 2012,80,8.0,Apr/18/2011 19:01:38
748151,2012.PRES.TRUMP,Donald Trump to be elected President in 2012,5,7.9,Apr/18/2011 19:01:38
748151,2012.PRES.TRUMP,Donald Trump to be elected President in 2012,5,8.0,Apr/18/2011 19:01:38
748151,2012.PRES.TRUMP,Donald Trump to be elected President in 2012,5,8.1,Apr/18/2011 19:01:38
748151,2012.PRES.TRUMP,Donald Trump to be elected President in 2012,77,7.9,Apr/18/2011 19:01:38
748151,2012.PRES.TRUMP,Donald Trump to be elected President in 2012,100,6.9,Apr/18/2011 19:01:38
748151,2012.PRES.TRUMP,Donald Trump to be elected President in 2012,1,9.0,Apr/18/2011 19:01:40
748151,2012.PRES.TRUMP,Donald Trump to be elected President in 2012,1,9.0,Apr/18/2011 19:01:42
748151,2012.PRES.TRUMP,Donald Trump to be elected President in 2012,1,9.0,Apr/18/2011 19:01:43
748151,2012.PRES.TRUMP,Donald Trump to be elected President in 2012,1,6.0,Apr/19/2011 01:30:44
748151,2012.PRES.TRUMP,Donald Trump to be elected President in 2012,2,6.0,Apr/19/2011 04:14:17
748151,2012.PRES.TRUMP,Donald Trump to be elected President in 2012,2,6.0,Apr/19/2011 04:14:17
748151,2012.PRES.TRUMP,Donald Trump to be elected President in 2012,1,7.2,Apr/19/2011 04:55:33
748151,2012.PRES.TRUMP,Donald Trump to be elected President in 2012,2,7.4,Apr/19/2011 04:59:19
748151,2012.PRES.TRUMP,Donald Trump to be elected President in 2012,10,7.4,Apr/19/2011 04:59:19
748151,2012.PRES.TRUMP,Donald Trump to be elected President in 2012,9,7.3,Apr/19/2011 05:14:09
748151,2012.PRES.TRUMP,Donald Trump to be elected President in 2012,1,6.0,Apr/19/2011 17:00:40
748151,2012.PRES.TRUMP,Donald Trump to be elected President in 2012,1,6.0,Apr/19/2011 19:08:13
748151,2012.PRES.TRUMP,Donald Trump to be elected President in 2012,9,6.0,Apr/19/2011 23:18:58
748151,2012.PRES.TRUMP,Donald Trump to be elected President in 2012,1,5.5,Apr/20/2011 01:19:55
748151,2012.PRES.TRUMP,Donald Trump to be elected President in 2012,10,5.4,Apr/20/2011 01:20:05
748151,2012.PRES.TRUMP,Donald Trump to be elected President in 2012,99,5.3,Apr/20/2011 01:20:14
748151,2012.PRES.TRUMP,Donald Trump to be elected President in 2012,5,5.2,Apr/20/2011 03:21:14
748151,2012.PRES.TRUMP,Donald Trump to be elected President in 2012,35,5.2,Apr/20/2011 07:20:13
748151,2012.PRES.TRUMP,Donald Trump to be elected President in 2012,1,5.2,Apr/20/2011 07:20:13
748151,2012.PRES.TRUMP,Donald Trump to be elected President in 2012,300,5.0,Apr/20/2011 15:14:59
748151,2012.PRES.TRUMP,Donald Trump to be elected President in 2012,10,5.9,Apr/20/2011 15:19:36
748151,2012.PRES.TRUMP,Donald Trump to be elected President in 2012,20,6.0,Apr/20/2011 15:19:57
748151,2012.PRES.TRUMP,Donald Trump to be elected President in 2012,5,5.7,Apr/21/2011 04:21:32
748151,2012.PRES.TRUMP,Donald Trump to be elected President in 2012,10,5.8,Apr/21/2011 04:21:45
748151,2012.PRES.TRUMP,Donald Trump to be elected President in 2012,5,5.8,Apr/21/2011 04:21:45
748151,2012.PRES.TRUMP,Donald Trump to be elected President in 2012,20,5.9,Apr/21/2011 04:22:12
748151,2012.PRES.TRUMP,Donald Trump to be elected President in 2012,5,5.9,Apr/21/2011 04:22:12
748151,2012.PRES.TRUMP,Donald Trump to be elected President in 2012,24,6.0,Apr/21/2011 04:22:24
748151,2012.PRES.TRUMP,Donald Trump to be elected President in 2012,5,6.0,Apr/21/2011 04:22:24
748151,2012.PRES.TRUMP,Donald Trump to be elected President in 2012,5,6.1,Apr/21/2011 04:22:46
748151,2012.PRES.TRUMP,Donald Trump to be elected President in 2012,1,5.9,Apr/21/2011 04:34:03
748151,2012.PRES.TRUMP,Donald Trump to be elected President in 2012,5,5.0,Apr/21/2011 10:46:17
748151,2012.PRES.TRUMP,Donald Trump to be elected President in 2012,5,5.1,Apr/21/2011 10:46:17
748151,2012.PRES.TRUMP,Donald Trump to be elected President in 2012,5,4.8,Apr/21/2011 10:48:51
748151,2012.PRES.TRUMP,Donald Trump to be elected President in 2012,5,4.9,Apr/21/2011 10:48:51
748151,2012.PRES.TRUMP,Donald Trump to be elected President in 2012,5,4.7,Apr/21/2011 10:55:26
748151,2012.PRES.TRUMP,Donald Trump to be elected President in 2012,5,4.5,Apr/21/2011 10:58:42
748151,2012.PRES.TRUMP,Donald Trump to be elected President in 2012,5,4.6,Apr/21/2011 10:58:42
748151,2012.PRES.TRUMP,Donald Trump to be elected President in 2012,1,5.4,Apr/22/2011 14:42:55
748151,2012.PRES.TRUMP,Donald Trump to be elected President in 2012,2,5.5,Apr/22/2011 14:42:55
748151,2012.PRES.TRUMP,Donald Trump to be elected President in 2012,1,6.0,Apr/22/2011 17:59:19
748151,2012.PRES.TRUMP,Donald Trump to be elected President in 2012,3,5.6,Apr/22/2011 17:59:19
748151,2012.PRES.TRUMP,Donald Trump to be elected President in 2012,3,5.7,Apr/22/2011 17:59:19
748151,2012.PRES.TRUMP,Donald Trump to be elected President in 2012,4,5.8,Apr/22/2011 17:59:19
748151,2012.PRES.TRUMP,Donald Trump to be elected President in 2012,4,5.9,Apr/22/2011 17:59:19
748151,2012.PRES.TRUMP,Donald Trump to be elected President in 2012,5,6.0,Apr/22/2011 17:59:19
748151,2012.PRES.TRUMP,Donald Trump to be elected President in 2012,43,6.0,Apr/22/2011 17:59:19
748151,2012.PRES.TRUMP,Donald Trump to be elected President in 2012,8,5.5,Apr/22/2011 17:59:19
748151,2012.PRES.TRUMP,Donald Trump to be elected President in 2012,2,5.9,Apr/22/2011 17:59:19
748151,2012.PRES.TRUMP,Donald Trump to be elected President in 2012,1,4.8,Apr/22/2011 22:27:25
748151,2012.PRES.TRUMP,Donald Trump to be elected President in 2012,1,5.5,Apr/23/2011 23:13:57
748151,2012.PRES.TRUMP,Donald Trump to be elected President in 2012,1,5.2,Apr/25/2011 07:46:10
748151,2012.PRES.TRUMP,Donald Trump to be elected President in 2012,20,5.2,Apr/25/2011 15:06:21
748151,2012.PRES.TRUMP,Donald Trump to be elected President in 2012,66,5.2,Apr/25/2011 15:09:17
748151,2012.PRES.TRUMP,Donald Trump to be elected President in 2012,14,5.2,Apr/25/2011 15:11:25
748151,2012.PRES.TRUMP,Donald Trump to be elected President in 2012,1,5.0,Apr/25/2011 16:44:49
748151,2012.PRES.TRUMP,Donald Trump to be elected President in 2012,300,5.0,Apr/25/2011 16:44:49
748151,2012.PRES.TRUMP,Donald Trump to be elected President in 2012,6,5.2,Apr/25/2011 16:44:49
748151,2012.PRES.TRUMP,Donald Trump to be elected President in 2012,10,4.9,Apr/26/2011 09:20:10
748151,2012.PRES.TRUMP,Donald Trump to be elected President in 2012,100,5.0,Apr/26/2011 09:20:31
748151,2012.PRES.TRUMP,Donald Trump to be elected President in 2012,100,5.4,Apr/26/2011 09:21:04
748151,2012.PRES.TRUMP,Donald Trump to be elected President in 2012,4,5.5,Apr/26/2011 09:21:25
748151,2012.PRES.TRUMP,Donald Trump to be elected President in 2012,10,5.8,Apr/26/2011 09:27:36
748151,2012.PRES.TRUMP,Donald Trump to be elected President in 2012,20,5.8,Apr/26/2011 14:53:30
748151,2012.PRES.TRUMP,Donald Trump to be elected President in 2012,10,5.5,Apr/26/2011 14:53:30
748151,2012.PRES.TRUMP,Donald Trump to be elected President in 2012,1,4.6,Apr/26/2011 15:06:40
748151,2012.PRES.TRUMP,Donald Trump to be elected President in 2012,1,5.2,Apr/26/2011 16:30:28
748151,2012.PRES.TRUMP,Donald Trump to be elected President in 2012,10,5.5,Apr/26/2011 17:08:31
748151,2012.PRES.TRUMP,Donald Trump to be elected President in 2012,1,5.3,Apr/26/2011 17:08:31
748151,2012.PRES.TRUMP,Donald Trump to be elected President in 2012,2,5.4,Apr/26/2011 17:08:31
748151,2012.PRES.TRUMP,Donald Trump to be elected President in 2012,2,5.5,Apr/26/2011 17:08:31
748151,2012.PRES.TRUMP,Donald Trump to be elected President in 2012,2,5.6,Apr/26/2011 17:12:19
748151,2012.PRES.TRUMP,Donald Trump to be elected President in 2012,3,5.7,Apr/26/2011 17:14:29
748151,2012.PRES.TRUMP,Donald Trump to be elected President in 2012,5,5.7,Apr/26/2011 18:11:48
748151,2012.PRES.TRUMP,Donald Trump to be elected President in 2012,3,5.8,Apr/26/2011 18:11:58
748151,2012.PRES.TRUMP,Donald Trump to be elected President in 2012,5,5.8,Apr/26/2011 18:11:58
748151,2012.PRES.TRUMP,Donald Trump to be elected President in 2012,2,5.5,Apr/26/2011 18:43:24
748151,2012.PRES.TRUMP,Donald Trump to be elected President in 2012,1,5.7,Apr/26/2011 21:11:04
748151,2012.PRES.TRUMP,Donald Trump to be elected President in 2012,5,5.8,Apr/27/2011 00:30:36
748151,2012.PRES.TRUMP,Donald Trump to be elected President in 2012,7,5.9,Apr/27/2011 03:54:12
748151,2012.PRES.TRUMP,Donald Trump to be elected President in 2012,3,5.9,Apr/27/2011 03:54:12
748151,2012.PRES.TRUMP,Donald Trump to be elected President in 2012,1,5.9,Apr/27/2011 03:54:12
748151,2012.PRES.TRUMP,Donald Trump to be elected President in 2012,5,6.0,Apr/27/2011 04:09:07
748151,2012.PRES.TRUMP,Donald Trump to be elected President in 2012,3,6.0,Apr/27/2011 04:09:07
748151,2012.PRES.TRUMP,Donald Trump to be elected President in 2012,7,6.0,Apr/27/2011 04:09:07
748151,2012.PRES.TRUMP,Donald Trump to be elected President in 2012,33,6.0,Apr/27/2011 04:09:07
748151,2012.PRES.TRUMP,Donald Trump to be elected President in 2012,4,5.9,Apr/27/2011 04:09:07
748151,2012.PRES.TRUMP,Donald Trump to be elected President in 2012,1,5.9,Apr/27/2011 13:31:14
748151,2012.PRES.TRUMP,Donald Trump to be elected President in 2012,5,5.6,Apr/27/2011 16:10:52
748151,2012.PRES.TRUMP,Donald Trump to be elected President in 2012,95,5.6,Apr/27/2011 20:04:57
748151,2012.PRES.TRUMP,Donald Trump to be elected President in 2012,700,5.3,Apr/27/2011 20:04:57
748151,2012.PRES.TRUMP,Donald Trump to be elected President in 2012,135,5.3,Apr/28/2011 00:01:43
748151,2012.PRES.TRUMP,Donald Trump to be elected President in 2012,57,5.3,Apr/28/2011 00:01:43
748151,2012.PRES.TRUMP,Donald Trump to be elected President in 2012,2,5.3,Apr/28/2011 02:18:58
748151,2012.PRES.TRUMP,Donald Trump to be elected President in 2012,10,5.3,Apr/28/2011 03:10:14
748151,2012.PRES.TRUMP,Donald Trump to be elected President in 2012,11,5.4,Apr/28/2011 13:40:06
748151,2012.PRES.TRUMP,Donald Trump to be elected President in 2012,1,5.4,Apr/28/2011 13:40:06
748151,2012.PRES.TRUMP,Donald Trump to be elected President in 2012,22,5.4,Apr/28/2011 13:40:06
748151,2012.PRES.TRUMP,Donald Trump to be elected President in 2012,3,6.0,Apr/28/2011 13:49:41
748151,2012.PRES.TRUMP,Donald Trump to be elected President in 2012,89,5.6,Apr/28/2011 13:49:41
748151,2012.PRES.TRUMP,Donald Trump to be elected President in 2012,7,5.5,Apr/28/2011 13:49:41
748151,2012.PRES.TRUMP,Donald Trump to be elected President in 2012,1,5.4,Apr/28/2011 13:49:41
748151,2012.PRES.TRUMP,Donald Trump to be elected President in 2012,2,6.0,Apr/28/2011 13:50:25
748151,2012.PRES.TRUMP,Donald Trump to be elected President in 2012,50,6.0,Apr/28/2011 13:50:25
748151,2012.PRES.TRUMP,Donald Trump to be elected President in 2012,27,5.9,Apr/28/2011 13:50:25
748151,2012.PRES.TRUMP,Donald Trump to be elected President in 2012,16,6.0,Apr/28/2011 13:50:48
748151,2012.PRES.TRUMP,Donald Trump to be elected President in 2012,5,6.0,Apr/28/2011 13:51:52
748151,2012.PRES.TRUMP,Donald Trump to be elected President in 2012,30,5.4,Apr/28/2011 16:27:45
748151,2012.PRES.TRUMP,Donald Trump to be elected President in 2012,6,5.4,Apr/28/2011 16:45:03
748151,2012.PRES.TRUMP,Donald Trump to be elected President in 2012,4,5.4,Apr/28/2011 16:45:03
748151,2012.PRES.TRUMP,Donald Trump to be elected President in 2012,85,5.8,Apr/28/2011 17:45:35
748151,2012.PRES.TRUMP,Donald Trump to be elected President in 2012,30,5.9,Apr/28/2011 17:45:57
748151,2012.PRES.TRUMP,Donald Trump to be elected President in 2012,17,5.7,Apr/28/2011 21:20:18
748151,2012.PRES.TRUMP,Donald Trump to be elected President in 2012,24,5.8,Apr/28/2011 22:05:54
748151,2012.PRES.TRUMP,Donald Trump to be elected President in 2012,28,5.7,Apr/28/2011 22:05:54
748151,2012.PRES.TRUMP,Donald Trump to be elected President in 2012,80,5.9,Apr/28/2011 22:06:13
748151,2012.PRES.TRUMP,Donald Trump to be elected President in 2012,20,5.9,Apr/28/2011 22:06:13
748151,2012.PRES.TRUMP,Donald Trump to be elected President in 2012,2,5.9,Apr/28/2011 22:06:21
748151,2012.PRES.TRUMP,Donald Trump to be elected President in 2012,5,6.1,Apr/28/2011 22:13:03
748151,2012.PRES.TRUMP,Donald Trump to be elected President in 2012,3,6.1,Apr/28/2011 22:13:03
748151,2012.PRES.TRUMP,Donald Trump to be elected President in 2012,29,6.0,Apr/28/2011 22:13:03
748151,2012.PRES.TRUMP,Donald Trump to be elected President in 2012,19,6.1,Apr/28/2011 22:13:09
748151,2012.PRES.TRUMP,Donald Trump to be elected President in 2012,24,6.1,Apr/28/2011 22:14:12
748151,2012.PRES.TRUMP,Donald Trump to be elected President in 2012,20,6.1,Apr/28/2011 22:15:14
748151,2012.PRES.TRUMP,Donald Trump to be elected President in 2012,3,6.2,Apr/28/2011 22:50:02
748151,2012.PRES.TRUMP,Donald Trump to be elected President in 2012,9,6.1,Apr/28/2011 22:50:02
748151,2012.PRES.TRUMP,Donald Trump to be elected President in 2012,19,6.2,Apr/28/2011 22:50:08
748151,2012.PRES.TRUMP,Donald Trump to be elected President in 2012,18,5.7,Apr/28/2011 23:19:23
748151,2012.PRES.TRUMP,Donald Trump to be elected President in 2012,17,5.7,Apr/28/2011 23:19:53
748151,2012.PRES.TRUMP,Donald Trump to be elected President in 2012,17,5.7,Apr/28/2011 23:20:48
748151,2012.PRES.TRUMP,Donald Trump to be elected President in 2012,16,5.7,Apr/28/2011 23:21:41
748151,2012.PRES.TRUMP,Donald Trump to be elected President in 2012,23,5.7,Apr/28/2011 23:22:56
748151,2012.PRES.TRUMP,Donald Trump to be elected President in 2012,13,5.7,Apr/28/2011 23:23:17
748151,2012.PRES.TRUMP,Donald Trump to be elected President in 2012,96,5.7,Apr/29/2011 01:52:19
748151,2012.PRES.TRUMP,Donald Trump to be elected President in 2012,1,5.2,Apr/29/2011 03:27:44
748151,2012.PRES.TRUMP,Donald Trump to be elected President in 2012,45,5.6,Apr/29/2011 04:42:51
748151,2012.PRES.TRUMP,Donald Trump to be elected President in 2012,45,5.7,Apr/29/2011 04:42:59
748151,2012.PRES.TRUMP,Donald Trump to be elected President in 2012,1,5.8,Apr/29/2011 04:43:15
748151,2012.PRES.TRUMP,Donald Trump to be elected President in 2012,44,5.8,Apr/29/2011 04:43:15
748151,2012.PRES.TRUMP,Donald Trump to be elected President in 2012,89,5.9,Apr/29/2011 04:43:38
748151,2012.PRES.TRUMP,Donald Trump to be elected President in 2012,90,6.0,Apr/29/2011 04:43:58
748151,2012.PRES.TRUMP,Donald Trump to be elected President in 2012,380,6.0,Apr/29/2011 04:43:58
748151,2012.PRES.TRUMP,Donald Trump to be elected President in 2012,50,5.2,Apr/29/2011 15:19:53
748151,2012.PRES.TRUMP,Donald Trump to be elected President in 2012,50,5.3,Apr/29/2011 15:19:53
748151,2012.PRES.TRUMP,Donald Trump to be elected President in 2012,100,5.2,Apr/29/2011 15:20:53
748151,2012.PRES.TRUMP,Donald Trump to be elected President in 2012,500,5.2,Apr/29/2011 15:22:25
748151,2012.PRES.TRUMP,Donald Trump to be elected President in 2012,1,5.4,Apr/29/2011 15:51:21
748151,2012.PRES.TRUMP,Donald Trump to be elected President in 2012,2,5.5,Apr/29/2011 15:51:21
748151,2012.PRES.TRUMP,Donald Trump to be elected President in 2012,6,5.4,Apr/29/2011 15:51:21
748151,2012.PRES.TRUMP,Donald Trump to be elected President in 2012,6,5.5,Apr/29/2011 15:51:21
748151,2012.PRES.TRUMP,Donald Trump to be elected President in 2012,10,5.2,Apr/29/2011 20:39:57
748151,2012.PRES.TRUMP,Donald Trump to be elected President in 2012,1,5.2,Apr/30/2011 01:46:42
748151,2012.PRES.TRUMP,Donald Trump to be elected President in 2012,120,5.2,Apr/30/2011 23:13:26
748151,2012.PRES.TRUMP,Donald Trump to be elected President in 2012,17,5.2,May/01/2011 06:37:34
748151,2012.PRES.TRUMP,Donald Trump to be elected President in 2012,10,5.2,May/01/2011 15:23:55
748151,2012.PRES.TRUMP,Donald Trump to be elected President in 2012,100,5.2,May/01/2011 20:53:52
748151,2012.PRES.TRUMP,Donald Trump to be elected President in 2012,100,5.2,May/01/2011 20:58:34
748151,2012.PRES.TRUMP,Donald Trump to be elected President in 2012,1,5.2,May/01/2011 21:25:24
748151,2012.PRES.TRUMP,Donald Trump to be elected President in 2012,9,5.3,May/02/2011 02:27:19
748151,2012.PRES.TRUMP,Donald Trump to be elected President in 2012,8,5.3,May/02/2011 02:27:19
748151,2012.PRES.TRUMP,Donald Trump to be elected President in 2012,2,5.2,May/02/2011 03:09:26
748151,2012.PRES.TRUMP,Donald Trump to be elected President in 2012,3,5.2,May/02/2011 03:54:29
748151,2012.PRES.TRUMP,Donald Trump to be elected President in 2012,3,5.2,May/02/2011 03:54:47
748151,2012.PRES.TRUMP,Donald Trump to be elected President in 2012,4,5.2,May/02/2011 03:54:48
748151,2012.PRES.TRUMP,Donald Trump to be elected President in 2012,3,5.2,May/02/2011 03:54:49
748151,2012.PRES.TRUMP,Donald Trump to be elected President in 2012,2,5.2,May/02/2011 04:09:46
748151,2012.PRES.TRUMP,Donald Trump to be elected President in 2012,6,5.2,May/02/2011 04:09:48
748151,2012.PRES.TRUMP,Donald Trump to be elected President in 2012,4,5.2,May/02/2011 04:09:50
748151,2012.PRES.TRUMP,Donald Trump to be elected President in 2012,1,5.2,May/02/2011 04:09:52
748151,2012.PRES.TRUMP,Donald Trump to be elected President in 2012,4,5.2,May/02/2011 04:09:54
748151,2012.PRES.TRUMP,Donald Trump to be elected President in 2012,10,5.2,May/02/2011 04:09:56
748151,2012.PRES.TRUMP,Donald Trump to be elected President in 2012,5,5.2,May/02/2011 04:09:58
748151,2012.PRES.TRUMP,Donald Trump to be elected President in 2012,10,5.2,May/02/2011 04:10:00
748151,2012.PRES.TRUMP,Donald Trump to be elected President in 2012,10,5.2,May/02/2011 04:10:02
748151,2012.PRES.TRUMP,Donald Trump to be elected President in 2012,6,5.2,May/02/2011 04:10:04
748151,2012.PRES.TRUMP,Donald Trump to be elected President in 2012,10,5.2,May/02/2011 04:10:06
748151,2012.PRES.TRUMP,Donald Trump to be elected President in 2012,5,5.2,May/02/2011 04:12:03
748151,2012.PRES.TRUMP,Donald Trump to be elected President in 2012,40,5.2,May/02/2011 05:02:31
748151,2012.PRES.TRUMP,Donald Trump to be elected President in 2012,44,5.2,May/02/2011 05:15:10
748151,2012.PRES.TRUMP,Donald Trump to be elected President in 2012,10,5.2,May/02/2011 09:22:38
748151,2012.PRES.TRUMP,Donald Trump to be elected President in 2012,5,5.2,May/02/2011 19:52:07
748151,2012.PRES.TRUMP,Donald Trump to be elected President in 2012,100,5.2,May/03/2011 08:01:50
748151,2012.PRES.TRUMP,Donald Trump to be elected President in 2012,10,5.3,May/03/2011 14:32:37
748151,2012.PRES.TRUMP,Donald Trump to be elected President in 2012,3,5.6,May/03/2011 14:33:19
748151,2012.PRES.TRUMP,Donald Trump to be elected President in 2012,4,5.7,May/03/2011 14:33:19
748151,2012.PRES.TRUMP,Donald Trump to be elected President in 2012,5,5.8,May/03/2011 14:33:19
748151,2012.PRES.TRUMP,Donald Trump to be elected President in 2012,6,5.9,May/03/2011 14:33:19
748151,2012.PRES.TRUMP,Donald Trump to be elected President in 2012,2,5.7,May/03/2011 14:33:19
748151,2012.PRES.TRUMP,Donald Trump to be elected President in 2012,2,5.9,May/03/2011 14:33:19
748151,2012.PRES.TRUMP,Donald Trump to be elected President in 2012,2,5.8,May/03/2011 14:33:19
748151,2012.PRES.TRUMP,Donald Trump to be elected President in 2012,20,5.8,May/03/2011 14:33:19
748151,2012.PRES.TRUMP,Donald Trump to be elected President in 2012,20,5.9,May/03/2011 14:33:19
748151,2012.PRES.TRUMP,Donald Trump to be elected President in 2012,10,5.7,May/03/2011 14:33:19
748151,2012.PRES.TRUMP,Donald Trump to be elected President in 2012,5,5.3,May/03/2011 20:08:59
748151,2012.PRES.TRUMP,Donald Trump to be elected President in 2012,5,5.3,May/04/2011 15:30:03
748151,2012.PRES.TRUMP,Donald Trump to be elected President in 2012,30,5.3,May/04/2011 16:49:19
748151,2012.PRES.TRUMP,Donald Trump to be elected President in 2012,31,5.3,May/05/2011 14:53:48
748151,2012.PRES.TRUMP,Donald Trump to be elected President in 2012,24,5.3,May/05/2011 15:22:40
748151,2012.PRES.TRUMP,Donald Trump to be elected President in 2012,90,5.3,May/05/2011 20:19:45
748151,2012.PRES.TRUMP,Donald Trump to be elected President in 2012,11,5.3,May/05/2011 20:30:02
748151,2012.PRES.TRUMP,Donald Trump to be elected President in 2012,22,5.2,May/06/2011 07:49:45
748151,2012.PRES.TRUMP,Donald Trump to be elected President in 2012,22,5.2,May/06/2011 07:50:34
748151,2012.PRES.TRUMP,Donald Trump to be elected President in 2012,50,5.2,May/06/2011 14:13:16
748151,2012.PRES.TRUMP,Donald Trump to be elected President in 2012,30,5.2,May/06/2011 14:38:38
748151,2012.PRES.TRUMP,Donald Trump to be elected President in 2012,10,5.2,May/06/2011 15:29:43
748151,2012.PRES.TRUMP,Donald Trump to be elected President in 2012,10,5.2,May/06/2011 17:10:47
748151,2012.PRES.TRUMP,Donald Trump to be elected President in 2012,10,5.2,May/06/2011 17:49:30
748151,2012.PRES.TRUMP,Donald Trump to be elected President in 2012,10,5.2,May/06/2011 18:29:06
748151,2012.PRES.TRUMP,Donald Trump to be elected President in 2012,10,5.3,May/06/2011 18:47:23
748151,2012.PRES.TRUMP,Donald Trump to be elected President in 2012,10,5.3,May/06/2011 18:48:57
748151,2012.PRES.TRUMP,Donald Trump to be elected President in 2012,10,5.3,May/06/2011 18:50:14
748151,2012.PRES.TRUMP,Donald Trump to be elected President in 2012,14,5.3,May/06/2011 20:53:31
748151,2012.PRES.TRUMP,Donald Trump to be elected President in 2012,50,5.2,May/06/2011 20:56:58
748151,2012.PRES.TRUMP,Donald Trump to be elected President in 2012,10,5.2,May/06/2011 22:15:38
748151,2012.PRES.TRUMP,Donald Trump to be elected President in 2012,22,5.2,May/06/2011 22:19:30
748151,2012.PRES.TRUMP,Donald Trump to be elected President in 2012,40,5.2,May/06/2011 23:09:13
748151,2012.PRES.TRUMP,Donald Trump to be elected President in 2012,10,5.2,May/07/2011 01:38:52
748151,2012.PRES.TRUMP,Donald Trump to be elected President in 2012,30,5.2,May/07/2011 01:54:26
748151,2012.PRES.TRUMP,Donald Trump to be elected President in 2012,7,5.2,May/07/2011 07:12:27
748151,2012.PRES.TRUMP,Donald Trump to be elected President in 2012,3,5.2,May/07/2011 07:14:37
748151,2012.PRES.TRUMP,Donald Trump to be elected President in 2012,50,5.2,May/07/2011 07:25:20
748151,2012.PRES.TRUMP,Donald Trump to be elected President in 2012,3,5.2,May/07/2011 11:17:13
748151,2012.PRES.TRUMP,Donald Trump to be elected President in 2012,3,5.2,May/07/2011 11:29:39
748151,2012.PRES.TRUMP,Donald Trump to be elected President in 2012,10,5.2,May/07/2011 16:02:38
748151,2012.PRES.TRUMP,Donald Trump to be elected President in 2012,10,5.2,May/07/2011 19:34:32
748151,2012.PRES.TRUMP,Donald Trump to be elected President in 2012,10,5.3,May/07/2011 20:49:01
748151,2012.PRES.TRUMP,Donald Trump to be elected President in 2012,7,5.3,May/07/2011 20:49:01
748151,2012.PRES.TRUMP,Donald Trump to be elected President in 2012,1,5.2,May/08/2011 00:51:21
748151,2012.PRES.TRUMP,Donald Trump to be elected President in 2012,10,5.2,May/08/2011 01:28:44
748151,2012.PRES.TRUMP,Donald Trump to be elected President in 2012,20,5.2,May/08/2011 01:37:03
748151,2012.PRES.TRUMP,Donald Trump to be elected President in 2012,10,5.2,May/08/2011 01:47:32
748151,2012.PRES.TRUMP,Donald Trump to be elected President in 2012,10,5.2,May/08/2011 03:28:59
748151,2012.PRES.TRUMP,Donald Trump to be elected President in 2012,10,5.2,May/08/2011 15:13:43
748151,2012.PRES.TRUMP,Donald Trump to be elected President in 2012,20,5.2,May/09/2011 00:34:49
748151,2012.PRES.TRUMP,Donald Trump to be elected President in 2012,30,5.2,May/09/2011 15:17:59
748151,2012.PRES.TRUMP,Donald Trump to be elected President in 2012,20,5.2,May/09/2011 15:28:50
748151,2012.PRES.TRUMP,Donald Trump to be elected President in 2012,25,5.2,May/09/2011 21:52:22
748151,2012.PRES.TRUMP,Donald Trump to be elected President in 2012,10,5.2,May/09/2011 22:55:43
748151,2012.PRES.TRUMP,Donald Trump to be elected President in 2012,10,5.2,May/09/2011 22:57:45
748151,2012.PRES.TRUMP,Donald Trump to be elected President in 2012,18,5.2,May/09/2011 23:23:31
748151,2012.PRES.TRUMP,Donald Trump to be elected President in 2012,20,5.2,May/10/2011 00:04:14
748151,2012.PRES.TRUMP,Donald Trump to be elected President in 2012,1,5.2,May/10/2011 00:17:44
748151,2012.PRES.TRUMP,Donald Trump to be elected President in 2012,10,5.2,May/10/2011 00:30:43
748151,2012.PRES.TRUMP,Donald Trump to be elected President in 2012,5,5.2,May/10/2011 02:55:00
748151,2012.PRES.TRUMP,Donald Trump to be elected President in 2012,40,5.2,May/10/2011 05:55:29
748151,2012.PRES.TRUMP,Donald Trump to be elected President in 2012,20,5.2,May/10/2011 14:59:14
748151,2012.PRES.TRUMP,Donald Trump to be elected President in 2012,5,5.2,May/10/2011 15:44:53
748151,2012.PRES.TRUMP,Donald Trump to be elected President in 2012,10,5.2,May/10/2011 16:45:49
748151,2012.PRES.TRUMP,Donald Trump to be elected President in 2012,10,5.2,May/10/2011 17:26:59
748151,2012.PRES.TRUMP,Donald Trump to be elected President in 2012,10,5.2,May/10/2011 17:49:16
748151,2012.PRES.TRUMP,Donald Trump to be elected President in 2012,10,5.2,May/10/2011 20:08:48
748151,2012.PRES.TRUMP,Donald Trump to be elected President in 2012,10,5.2,May/10/2011 20:13:35
748151,2012.PRES.TRUMP,Donald Trump to be elected President in 2012,25,5.2,May/10/2011 20:17:16
748151,2012.PRES.TRUMP,Donald Trump to be elected President in 2012,10,5.2,May/10/2011 21:02:33
748151,2012.PRES.TRUMP,Donald Trump to be elected President in 2012,5,5.2,May/10/2011 21:41:00
748151,2012.PRES.TRUMP,Donald Trump to be elected President in 2012,10,5.2,May/10/2011 21:44:03
748151,2012.PRES.TRUMP,Donald Trump to be elected President in 2012,10,5.2,May/10/2011 21:49:52
748151,2012.PRES.TRUMP,Donald Trump to be elected President in 2012,3,5.3,May/10/2011 22:07:46
748151,2012.PRES.TRUMP,Donald Trump to be elected President in 2012,3,5.3,May/10/2011 22:07:46
748151,2012.PRES.TRUMP,Donald Trump to be elected President in 2012,10,5.2,May/10/2011 23:10:58
748151,2012.PRES.TRUMP,Donald Trump to be elected President in 2012,39,5.2,May/11/2011 01:47:16
748151,2012.PRES.TRUMP,Donald Trump to be elected President in 2012,6,5.2,May/11/2011 02:29:58
748151,2012.PRES.TRUMP,Donald Trump to be elected President in 2012,4,5.2,May/11/2011 02:31:11
748151,2012.PRES.TRUMP,Donald Trump to be elected President in 2012,100,5.2,May/11/2011 02:32:51
748151,2012.PRES.TRUMP,Donald Trump to be elected President in 2012,17,5.2,May/11/2011 02:41:25
748151,2012.PRES.TRUMP,Donald Trump to be elected President in 2012,3,5.2,May/11/2011 02:44:16
748151,2012.PRES.TRUMP,Donald Trump to be elected President in 2012,10,5.2,May/11/2011 03:19:03
748151,2012.PRES.TRUMP,Donald Trump to be elected President in 2012,596,5.2,May/11/2011 05:11:40
748151,2012.PRES.TRUMP,Donald Trump to be elected President in 2012,50,5.2,May/11/2011 05:25:06
748151,2012.PRES.TRUMP,Donald Trump to be elected President in 2012,18,5.2,May/11/2011 09:36:45
748151,2012.PRES.TRUMP,Donald Trump to be elected President in 2012,10,5.2,May/11/2011 15:59:24
748151,2012.PRES.TRUMP,Donald Trump to be elected President in 2012,10,5.2,May/11/2011 17:23:28
748151,2012.PRES.TRUMP,Donald Trump to be elected President in 2012,10,5.2,May/11/2011 21:17:19
748151,2012.PRES.TRUMP,Donald Trump to be elected President in 2012,10,5.2,May/11/2011 21:48:08
748151,2012.PRES.TRUMP,Donald Trump to be elected President in 2012,10,5.2,May/11/2011 22:33:14
748151,2012.PRES.TRUMP,Donald Trump to be elected President in 2012,10,5.2,May/11/2011 22:35:06
748151,2012.PRES.TRUMP,Donald Trump to be elected President in 2012,10,5.2,May/11/2011 22:36:41
748151,2012.PRES.TRUMP,Donald Trump to be elected President in 2012,10,5.2,May/11/2011 22:38:16
748151,2012.PRES.TRUMP,Donald Trump to be elected President in 2012,10,5.2,May/12/2011 03:17:55
748151,2012.PRES.TRUMP,Donald Trump to be elected President in 2012,41,5.2,May/12/2011 03:47:47
748151,2012.PRES.TRUMP,Donald Trump to be elected President in 2012,2,5.2,May/12/2011 03:48:54
748151,2012.PRES.TRUMP,Donald Trump to be elected President in 2012,4,5.2,May/12/2011 03:50:03
748151,2012.PRES.TRUMP,Donald Trump to be elected President in 2012,3,5.2,May/12/2011 03:51:02
748151,2012.PRES.TRUMP,Donald Trump to be elected President in 2012,15,5.2,May/12/2011 03:54:14
748151,2012.PRES.TRUMP,Donald Trump to be elected President in 2012,1,5.3,May/12/2011 06:36:24
748151,2012.PRES.TRUMP,Donald Trump to be elected President in 2012,20,5.2,May/12/2011 13:01:24
748151,2012.PRES.TRUMP,Donald Trump to be elected President in 2012,20,5.2,May/12/2011 13:49:16
748151,2012.PRES.TRUMP,Donald Trump to be elected President in 2012,10,5.2,May/12/2011 14:16:08
748151,2012.PRES.TRUMP,Donald Trump to be elected President in 2012,10,5.2,May/12/2011 14:20:35
748151,2012.PRES.TRUMP,Donald Trump to be elected President in 2012,10,5.2,May/12/2011 14:28:04
748151,2012.PRES.TRUMP,Donald Trump to be elected President in 2012,5,5.2,May/12/2011 19:30:56
748151,2012.PRES.TRUMP,Donald Trump to be elected President in 2012,20,5.2,May/12/2011 20:49:22
748151,2012.PRES.TRUMP,Donald Trump to be elected President in 2012,10,5.2,May/12/2011 22:28:37
748151,2012.PRES.TRUMP,Donald Trump to be elected President in 2012,7,5.2,May/12/2011 23:19:32
748151,2012.PRES.TRUMP,Donald Trump to be elected President in 2012,500,5.2,May/12/2011 23:25:24
748151,2012.PRES.TRUMP,Donald Trump to be elected President in 2012,20,5.2,May/12/2011 23:39:52
748151,2012.PRES.TRUMP,Donald Trump to be elected President in 2012,2,5.2,May/13/2011 03:13:23
748151,2012.PRES.TRUMP,Donald Trump to be elected President in 2012,5,5.3,May/13/2011 05:10:17
748151,2012.PRES.TRUMP,Donald Trump to be elected President in 2012,30,5.2,May/13/2011 05:13:13
748151,2012.PRES.TRUMP,Donald Trump to be elected President in 2012,5,5.2,May/13/2011 05:33:02
748151,2012.PRES.TRUMP,Donald Trump to be elected President in 2012,10,5.2,May/13/2011 14:06:28
748151,2012.PRES.TRUMP,Donald Trump to be elected President in 2012,10,5.2,May/13/2011 15:43:45
748151,2012.PRES.TRUMP,Donald Trump to be elected President in 2012,25,5.2,May/13/2011 15:44:27
748151,2012.PRES.TRUMP,Donald Trump to be elected President in 2012,200,5.2,May/13/2011 17:28:54
748151,2012.PRES.TRUMP,Donald Trump to be elected President in 2012,10,5.2,May/13/2011 18:23:43
748151,2012.PRES.TRUMP,Donald Trump to be elected President in 2012,15,5.3,May/13/2011 19:09:02
748151,2012.PRES.TRUMP,Donald Trump to be elected President in 2012,1,5.3,May/13/2011 19:09:02
748151,2012.PRES.TRUMP,Donald Trump to be elected President in 2012,4,5.3,May/13/2011 19:09:02
748151,2012.PRES.TRUMP,Donald Trump to be elected President in 2012,10,5.2,May/13/2011 21:36:45
748151,2012.PRES.TRUMP,Donald Trump to be elected President in 2012,2,5.3,May/13/2011 22:18:59
748151,2012.PRES.TRUMP,Donald Trump to be elected President in 2012,10,5.2,May/13/2011 22:27:46
748151,2012.PRES.TRUMP,Donald Trump to be elected President in 2012,10,5.2,May/14/2011 03:41:34
748151,2012.PRES.TRUMP,Donald Trump to be elected President in 2012,1,5.2,May/14/2011 08:13:52
748151,2012.PRES.TRUMP,Donald Trump to be elected President in 2012,10,5.2,May/14/2011 15:43:15
748151,2012.PRES.TRUMP,Donald Trump to be elected President in 2012,10,5.2,May/14/2011 15:45:30
748151,2012.PRES.TRUMP,Donald Trump to be elected President in 2012,10,5.2,May/15/2011 01:05:26
748151,2012.PRES.TRUMP,Donald Trump to be elected President in 2012,10,5.2,May/15/2011 03:42:34
748151,2012.PRES.TRUMP,Donald Trump to be elected President in 2012,41,5.2,May/15/2011 06:30:00
748151,2012.PRES.TRUMP,Donald Trump to be elected President in 2012,3,5.2,May/15/2011 06:30:16
748151,2012.PRES.TRUMP,Donald Trump to be elected President in 2012,6,5.2,May/15/2011 06:31:16
748151,2012.PRES.TRUMP,Donald Trump to be elected President in 2012,40,5.2,May/15/2011 06:34:22
748151,2012.PRES.TRUMP,Donald Trump to be elected President in 2012,16,5.2,May/15/2011 07:02:36
748151,2012.PRES.TRUMP,Donald Trump to be elected President in 2012,10,5.2,May/15/2011 15:26:06
748151,2012.PRES.TRUMP,Donald Trump to be elected President in 2012,10,5.2,May/15/2011 16:22:40
748151,2012.PRES.TRUMP,Donald Trump to be elected President in 2012,10,5.2,May/15/2011 17:41:32
748151,2012.PRES.TRUMP,Donald Trump to be elected President in 2012,25,5.2,May/15/2011 20:53:32
748151,2012.PRES.TRUMP,Donald Trump to be elected President in 2012,2,5.3,May/15/2011 22:58:20
748151,2012.PRES.TRUMP,Donald Trump to be elected President in 2012,2,5.3,May/16/2011 00:13:33
748151,2012.PRES.TRUMP,Donald Trump to be elected President in 2012,10,5.3,May/16/2011 00:13:33
748151,2012.PRES.TRUMP,Donald Trump to be elected President in 2012,10,5.3,May/16/2011 00:13:33
748151,2012.PRES.TRUMP,Donald Trump to be elected President in 2012,200,5.3,May/16/2011 00:13:33
748151,2012.PRES.TRUMP,Donald Trump to be elected President in 2012,10,5.2,May/16/2011 01:51:47
748151,2012.PRES.TRUMP,Donald Trump to be elected President in 2012,10,5.2,May/16/2011 01:53:46
748151,2012.PRES.TRUMP,Donald Trump to be elected President in 2012,10,5.2,May/16/2011 04:15:03
748151,2012.PRES.TRUMP,Donald Trump to be elected President in 2012,100,5.2,May/16/2011 04:28:15
748151,2012.PRES.TRUMP,Donald Trump to be elected President in 2012,1,4.6,May/16/2011 09:31:19
748151,2012.PRES.TRUMP,Donald Trump to be elected President in 2012,1,3.0,May/16/2011 10:17:08
748151,2012.PRES.TRUMP,Donald Trump to be elected President in 2012,2,3.0,May/16/2011 10:17:08
748151,2012.PRES.TRUMP,Donald Trump to be elected President in 2012,5,4.1,May/16/2011 10:17:08
748151,2012.PRES.TRUMP,Donald Trump to be elected President in 2012,3,4.3,May/16/2011 10:17:08
748151,2012.PRES.TRUMP,Donald Trump to be elected President in 2012,5,4.1,May/16/2011 10:17:08
748151,2012.PRES.TRUMP,Donald Trump to be elected President in 2012,10,2.9,May/16/2011 14:43:41
748151,2012.PRES.TRUMP,Donald Trump to be elected President in 2012,8,3.0,May/16/2011 16:45:37
748151,2012.PRES.TRUMP,Donald Trump to be elected President in 2012,5,3.0,May/16/2011 16:45:37
748151,2012.PRES.TRUMP,Donald Trump to be elected President in 2012,87,2.9,May/16/2011 16:46:21
748151,2012.PRES.TRUMP,Donald Trump to be elected President in 2012,20,2.9,May/16/2011 16:49:34
748151,2012.PRES.TRUMP,Donald Trump to be elected President in 2012,10,2.9,May/16/2011 16:53:01
748151,2012.PRES.TRUMP,Donald Trump to be elected President in 2012,1,2.9,May/16/2011 16:55:00
748151,2012.PRES.TRUMP,Donald Trump to be elected President in 2012,58,2.9,May/16/2011 16:58:03
748151,2012.PRES.TRUMP,Donald Trump to be elected President in 2012,32,2.9,May/16/2011 17:00:59
748151,2012.PRES.TRUMP,Donald Trump to be elected President in 2012,8,2.9,May/16/2011 17:05:21
748151,2012.PRES.TRUMP,Donald Trump to be elected President in 2012,50,2.9,May/16/2011 17:07:24
748151,2012.PRES.TRUMP,Donald Trump to be elected President in 2012,50,2.9,May/16/2011 17:07:34
748151,2012.PRES.TRUMP,Donald Trump to be elected President in 2012,50,2.9,May/16/2011 17:07:53
748151,2012.PRES.TRUMP,Donald Trump to be elected President in 2012,3,2.9,May/16/2011 17:07:54
748151,2012.PRES.TRUMP,Donald Trump to be elected President in 2012,50,2.9,May/16/2011 17:08:09
748151,2012.PRES.TRUMP,Donald Trump to be elected President in 2012,50,2.9,May/16/2011 17:08:35
748151,2012.PRES.TRUMP,Donald Trump to be elected President in 2012,50,2.9,May/16/2011 17:09:35
748151,2012.PRES.TRUMP,Donald Trump to be elected President in 2012,1,2.9,May/16/2011 17:09:53
748151,2012.PRES.TRUMP,Donald Trump to be elected President in 2012,1,2.9,May/16/2011 17:10:00
748151,2012.PRES.TRUMP,Donald Trump to be elected President in 2012,1,2.9,May/16/2011 17:10:08
748151,2012.PRES.TRUMP,Donald Trump to be elected President in 2012,1,2.9,May/16/2011 17:10:13
748151,2012.PRES.TRUMP,Donald Trump to be elected President in 2012,1,2.9,May/16/2011 17:10:20
748151,2012.PRES.TRUMP,Donald Trump to be elected President in 2012,1,2.9,May/16/2011 17:10:27
748151,2012.PRES.TRUMP,Donald Trump to be elected President in 2012,1,2.9,May/16/2011 17:10:32
748151,2012.PRES.TRUMP,Donald Trump to be elected President in 2012,1,2.9,May/16/2011 17:10:37
748151,2012.PRES.TRUMP,Donald Trump to be elected President in 2012,50,2.9,May/16/2011 17:10:42
748151,2012.PRES.TRUMP,Donald Trump to be elected President in 2012,1,2.9,May/16/2011 17:13:08
748151,2012.PRES.TRUMP,Donald Trump to be elected President in 2012,5,2.9,May/16/2011 17:14:36
748151,2012.PRES.TRUMP,Donald Trump to be elected President in 2012,3,2.9,May/16/2011 17:14:45
748151,2012.PRES.TRUMP,Donald Trump to be elected President in 2012,3,2.1,May/16/2011 17:17:50
748151,2012.PRES.TRUMP,Donald Trump to be elected President in 2012,28,2.1,May/16/2011 17:17:50
748151,2012.PRES.TRUMP,Donald Trump to be elected President in 2012,1,1.7,May/16/2011 17:23:23
748151,2012.PRES.TRUMP,Donald Trump to be elected President in 2012,9,1.7,May/16/2011 17:23:24
748151,2012.PRES.TRUMP,Donald Trump to be elected President in 2012,1,1.6,May/16/2011 17:23:27
748151,2012.PRES.TRUMP,Donald Trump to be elected President in 2012,64,1.6,May/16/2011 17:24:38
748151,2012.PRES.TRUMP,Donald Trump to be elected President in 2012,80,1.5,May/16/2011 17:31:37
748151,2012.PRES.TRUMP,Donald Trump to be elected President in 2012,3,1.5,May/16/2011 17:37:45
748151,2012.PRES.TRUMP,Donald Trump to be elected President in 2012,2,1.5,May/16/2011 17:44:09
748151,2012.PRES.TRUMP,Donald Trump to be elected President in 2012,2,1.5,May/16/2011 17:45:25
748151,2012.PRES.TRUMP,Donald Trump to be elected President in 2012,1,1.5,May/16/2011 17:45:41
748151,2012.PRES.TRUMP,Donald Trump to be elected President in 2012,1,1.5,May/16/2011 18:03:28
748151,2012.PRES.TRUMP,Donald Trump to be elected President in 2012,11,1.5,May/16/2011 18:26:46
748151,2012.PRES.TRUMP,Donald Trump to be elected President in 2012,10,1.1,May/16/2011 18:45:10
748151,2012.PRES.TRUMP,Donald Trump to be elected President in 2012,10,1.3,May/16/2011 20:07:34
748151,2012.PRES.TRUMP,Donald Trump to be elected President in 2012,4,1.2,May/16/2011 20:41:28
748151,2012.PRES.TRUMP,Donald Trump to be elected President in 2012,10,1.2,May/16/2011 21:42:27
748151,2012.PRES.TRUMP,Donald Trump to be elected President in 2012,29,1.2,May/16/2011 22:34:17
748151,2012.PRES.TRUMP,Donald Trump to be elected President in 2012,5,1.2,May/16/2011 22:35:40
748151,2012.PRES.TRUMP,Donald Trump to be elected President in 2012,2,1.2,May/16/2011 22:37:02
748151,2012.PRES.TRUMP,Donald Trump to be elected President in 2012,1,1.2,May/16/2011 22:38:28
748151,2012.PRES.TRUMP,Donald Trump to be elected President in 2012,11,1.2,May/16/2011 22:52:49
748151,2012.PRES.TRUMP,Donald Trump to be elected President in 2012,1,1.2,May/16/2011 22:54:10
748151,2012.PRES.TRUMP,Donald Trump to be elected President in 2012,1,1.2,May/16/2011 22:55:47
748151,2012.PRES.TRUMP,Donald Trump to be elected President in 2012,10,1.0,May/16/2011 22:58:37
748151,2012.PRES.TRUMP,Donald Trump to be elected President in 2012,24,1.0,May/16/2011 22:58:37
748151,2012.PRES.TRUMP,Donald Trump to be elected President in 2012,36,1.2,May/16/2011 22:58:37
748151,2012.PRES.TRUMP,Donald Trump to be elected President in 2012,90,1.1,May/16/2011 22:58:37
748151,2012.PRES.TRUMP,Donald Trump to be elected President in 2012,179,1.0,May/16/2011 23:09:18
748151,2012.PRES.TRUMP,Donald Trump to be elected President in 2012,10,1.1,May/17/2011 00:12:16
748151,2012.PRES.TRUMP,Donald Trump to be elected President in 2012,10,1.1,May/18/2011 20:32:45
748151,2012.PRES.TRUMP,Donald Trump to be elected President in 2012,10,1.1,May/19/2011 02:27:20
748151,2012.PRES.TRUMP,Donald Trump to be elected President in 2012,10,1.2,May/19/2011 16:21:27
748151,2012.PRES.TRUMP,Donald Trump to be elected President in 2012,37,1.0,May/19/2011 22:56:39
748151,2012.PRES.TRUMP,Donald Trump to be elected President in 2012,2,1.0,May/20/2011 04:30:34
748151,2012.PRES.TRUMP,Donald Trump to be elected President in 2012,5,1.0,May/20/2011 08:57:38
748151,2012.PRES.TRUMP,Donald Trump to be elected President in 2012,14,1.0,May/20/2011 08:57:38
748151,2012.PRES.TRUMP,Donald Trump to be elected President in 2012,10,0.8,May/20/2011 14:11:40
748151,2012.PRES.TRUMP,Donald Trump to be elected President in 2012,5,0.8,May/20/2011 15:37:01
748151,2012.PRES.TRUMP,Donald Trump to be elected President in 2012,8,0.4,May/20/2011 21:08:55
748151,2012.PRES.TRUMP,Donald Trump to be elected President in 2012,2,0.4,May/20/2011 21:08:55
748151,2012.PRES.TRUMP,Donald Trump to be elected President in 2012,38,0.3,May/20/2011 21:12:19
748151,2012.PRES.TRUMP,Donald Trump to be elected President in 2012,2,0.3,May/20/2011 21:16:15
748151,2012.PRES.TRUMP,Donald Trump to be elected President in 2012,7,0.3,May/20/2011 21:16:15
748151,2012.PRES.TRUMP,Donald Trump to be elected President in 2012,3,0.3,May/20/2011 21:16:15
748151,2012.PRES.TRUMP,Donald Trump to be elected President in 2012,3,0.3,May/20/2011 21:16:15
748151,2012.PRES.TRUMP,Donald Trump to be elected President in 2012,15,0.3,May/21/2011 05:11:16
748151,2012.PRES.TRUMP,Donald Trump to be elected President in 2012,11,0.3,May/21/2011 05:12:50
748151,2012.PRES.TRUMP,Donald Trump to be elected President in 2012,4,0.2,May/21/2011 05:14:15
748151,2012.PRES.TRUMP,Donald Trump to be elected President in 2012,10,0.4,May/22/2011 02:48:43
748151,2012.PRES.TRUMP,Donald Trump to be elected President in 2012,5,0.5,May/22/2011 03:45:37
748151,2012.PRES.TRUMP,Donald Trump to be elected President in 2012,5,0.5,May/22/2011 03:45:37
748151,2012.PRES.TRUMP,Donald Trump to be elected President in 2012,20,0.2,May/22/2011 08:29:21
748151,2012.PRES.TRUMP,Donald Trump to be elected President in 2012,1,0.3,May/22/2011 23:45:18
748151,2012.PRES.TRUMP,Donald Trump to be elected President in 2012,9,0.3,May/23/2011 13:35:36
748151,2012.PRES.TRUMP,Donald Trump to be elected President in 2012,5,0.3,May/23/2011 13:35:36
748151,2012.PRES.TRUMP,Donald Trump to be elected President in 2012,1,0.3,May/23/2011 13:35:36
748151,2012.PRES.TRUMP,Donald Trump to be elected President in 2012,10,0.4,May/23/2011 17:37:26
748151,2012.PRES.TRUMP,Donald Trump to be elected President in 2012,5,0.4,May/23/2011 17:37:26
748151,2012.PRES.TRUMP,Donald Trump to be elected President in 2012,5,0.4,May/23/2011 17:37:26
748151,2012.PRES.TRUMP,Donald Trump to be elected President in 2012,5,0.5,May/23/2011 17:37:54
748151,2012.PRES.TRUMP,Donald Trump to be elected President in 2012,5,0.5,May/23/2011 17:37:54
748151,2012.PRES.TRUMP,Donald Trump to be elected President in 2012,5,0.5,May/23/2011 17:37:54
748151,2012.PRES.TRUMP,Donald Trump to be elected President in 2012,5,0.6,May/23/2011 17:38:25
748151,2012.PRES.TRUMP,Donald Trump to be elected President in 2012,5,0.6,May/23/2011 17:38:25
748151,2012.PRES.TRUMP,Donald Trump to be elected President in 2012,5,0.7,May/23/2011 17:38:38
748151,2012.PRES.TRUMP,Donald Trump to be elected President in 2012,5,0.7,May/23/2011 17:38:38
748151,2012.PRES.TRUMP,Donald Trump to be elected President in 2012,5,0.8,May/23/2011 17:38:56
748151,2012.PRES.TRUMP,Donald Trump to be elected President in 2012,10,0.8,May/23/2011 17:38:56
748151,2012.PRES.TRUMP,Donald Trump to be elected President in 2012,10,0.9,May/23/2011 17:39:06
748151,2012.PRES.TRUMP,Donald Trump to be elected President in 2012,10,1.0,May/23/2011 17:39:22
748151,2012.PRES.TRUMP,Donald Trump to be elected President in 2012,1,1.1,May/23/2011 17:41:05
748151,2012.PRES.TRUMP,Donald Trump to be elected President in 2012,2,1.2,May/23/2011 17:41:20
748151,2012.PRES.TRUMP,Donald Trump to be elected President in 2012,5,1.3,May/23/2011 17:41:35
748151,2012.PRES.TRUMP,Donald Trump to be elected President in 2012,1,0.5,May/25/2011 18:32:46
748151,2012.PRES.TRUMP,Donald Trump to be elected President in 2012,1,0.5,May/25/2011 18:32:46
748151,2012.PRES.TRUMP,Donald Trump to be elected President in 2012,10,0.5,May/25/2011 18:32:46
748151,2012.PRES.TRUMP,Donald Trump to be elected President in 2012,15,0.3,May/25/2011 22:51:27
748151,2012.PRES.TRUMP,Donald Trump to be elected President in 2012,20,0.4,May/25/2011 22:51:27
748151,2012.PRES.TRUMP,Donald Trump to be elected President in 2012,55,0.4,May/25/2011 23:00:56
748151,2012.PRES.TRUMP,Donald Trump to be elected President in 2012,10,0.4,May/25/2011 23:40:55
748151,2012.PRES.TRUMP,Donald Trump to be elected President in 2012,10,0.5,May/26/2011 01:18:26
748151,2012.PRES.TRUMP,Donald Trump to be elected President in 2012,10,0.5,May/26/2011 01:18:26
748151,2012.PRES.TRUMP,Donald Trump to be elected President in 2012,2,0.6,May/26/2011 01:18:54
748151,2012.PRES.TRUMP,Donald Trump to be elected President in 2012,2,0.6,May/26/2011 01:18:54
748151,2012.PRES.TRUMP,Donald Trump to be elected President in 2012,10,0.6,May/26/2011 01:18:54
748151,2012.PRES.TRUMP,Donald Trump to be elected President in 2012,3,0.7,May/26/2011 01:22:54
748151,2012.PRES.TRUMP,Donald Trump to be elected President in 2012,3,0.7,May/26/2011 01:22:54
748151,2012.PRES.TRUMP,Donald Trump to be elected President in 2012,10,0.7,May/26/2011 01:22:54
748151,2012.PRES.TRUMP,Donald Trump to be elected President in 2012,10,0.7,May/26/2011 21:11:48
748151,2012.PRES.TRUMP,Donald Trump to be elected President in 2012,4,0.8,May/26/2011 21:12:55
748151,2012.PRES.TRUMP,Donald Trump to be elected President in 2012,10,0.8,May/26/2011 21:12:55
748151,2012.PRES.TRUMP,Donald Trump to be elected President in 2012,3,0.9,May/26/2011 21:13:48
748151,2012.PRES.TRUMP,Donald Trump to be elected President in 2012,1,0.9,May/26/2011 21:13:48
748151,2012.PRES.TRUMP,Donald Trump to be elected President in 2012,10,0.5,May/27/2011 16:44:59
748151,2012.PRES.TRUMP,Donald Trump to be elected President in 2012,10,0.5,May/27/2011 16:46:47
748151,2012.PRES.TRUMP,Donald Trump to be elected President in 2012,1,0.9,May/27/2011 16:50:22
748151,2012.PRES.TRUMP,Donald Trump to be elected President in 2012,20,0.5,May/27/2011 17:55:13
748151,2012.PRES.TRUMP,Donald Trump to be elected President in 2012,6,0.9,May/28/2011 00:05:48
748151,2012.PRES.TRUMP,Donald Trump to be elected President in 2012,5,0.6,May/29/2011 19:02:04
748151,2012.PRES.TRUMP,Donald Trump to be elected President in 2012,5,0.7,May/29/2011 20:36:01
748151,2012.PRES.TRUMP,Donald Trump to be elected President in 2012,5,0.8,May/29/2011 20:36:18
748151,2012.PRES.TRUMP,Donald Trump to be elected President in 2012,2,0.9,May/29/2011 20:36:31
748151,2012.PRES.TRUMP,Donald Trump to be elected President in 2012,20,0.5,May/30/2011 09:49:11
748151,2012.PRES.TRUMP,Donald Trump to be elected President in 2012,20,0.5,May/30/2011 09:49:11
748151,2012.PRES.TRUMP,Donald Trump to be elected President in 2012,20,0.5,May/30/2011 09:49:11
748151,2012.PRES.TRUMP,Donald Trump to be elected President in 2012,50,0.5,May/30/2011 10:08:15
748151,2012.PRES.TRUMP,Donald Trump to be elected President in 2012,2375,0.5,May/30/2011 12:28:47
748151,2012.PRES.TRUMP,Donald Trump to be elected President in 2012,5,0.7,May/30/2011 23:12:56
748151,2012.PRES.TRUMP,Donald Trump to be elected President in 2012,10,0.6,Jun/01/2011 04:20:16
748151,2012.PRES.TRUMP,Donald Trump to be elected President in 2012,10,0.6,Jun/01/2011 04:20:16
748151,2012.PRES.TRUMP,Donald Trump to be elected President in 2012,5,0.6,Jun/01/2011 04:20:16
748151,2012.PRES.TRUMP,Donald Trump to be elected President in 2012,10,0.6,Jun/01/2011 13:01:29
748151,2012.PRES.TRUMP,Donald Trump to be elected President in 2012,10,0.6,Jun/02/2011 02:45:53
748151,2012.PRES.TRUMP,Donald Trump to be elected President in 2012,5,0.6,Jun/02/2011 02:45:53
748151,2012.PRES.TRUMP,Donald Trump to be elected President in 2012,10,0.6,Jun/02/2011 13:06:52
748151,2012.PRES.TRUMP,Donald Trump to be elected President in 2012,10,0.6,Jun/02/2011 14:59:38
748151,2012.PRES.TRUMP,Donald Trump to be elected President in 2012,40,0.6,Jun/03/2011 02:14:39
748151,2012.PRES.TRUMP,Donald Trump to be elected President in 2012,1,0.6,Jun/04/2011 00:31:42
748151,2012.PRES.TRUMP,Donald Trump to be elected President in 2012,59,0.6,Jun/04/2011 00:31:42
748151,2012.PRES.TRUMP,Donald Trump to be elected President in 2012,4,0.5,Jun/04/2011 06:42:19
748151,2012.PRES.TRUMP,Donald Trump to be elected President in 2012,10,0.6,Jun/04/2011 08:46:40
748151,2012.PRES.TRUMP,Donald Trump to be elected President in 2012,20,0.6,Jun/04/2011 10:46:34
748151,2012.PRES.TRUMP,Donald Trump to be elected President in 2012,10,0.6,Jun/04/2011 22:48:35
748151,2012.PRES.TRUMP,Donald Trump to be elected President in 2012,7,0.6,Jun/05/2011 12:06:08
748151,2012.PRES.TRUMP,Donald Trump to be elected President in 2012,93,0.6,Jun/05/2011 12:06:08
748151,2012.PRES.TRUMP,Donald Trump to be elected President in 2012,7,0.6,Jun/06/2011 10:37:06
748151,2012.PRES.TRUMP,Donald Trump to be elected President in 2012,50,0.6,Jun/06/2011 23:36:50
748151,2012.PRES.TRUMP,Donald Trump to be elected President in 2012,1,0.5,Jun/07/2011 16:18:02
748151,2012.PRES.TRUMP,Donald Trump to be elected President in 2012,1,0.5,Jun/07/2011 16:18:08
748151,2012.PRES.TRUMP,Donald Trump to be elected President in 2012,1,0.5,Jun/07/2011 16:18:13
748151,2012.PRES.TRUMP,Donald Trump to be elected President in 2012,1,0.5,Jun/07/2011 16:18:18
748151,2012.PRES.TRUMP,Donald Trump to be elected President in 2012,1,0.5,Jun/07/2011 16:18:24
748151,2012.PRES.TRUMP,Donald Trump to be elected President in 2012,6,0.6,Jun/07/2011 16:34:21
748151,2012.PRES.TRUMP,Donald Trump to be elected President in 2012,4,0.6,Jun/07/2011 17:26:15
748151,2012.PRES.TRUMP,Donald Trump to be elected President in 2012,2,0.7,Jun/08/2011 12:28:27
748151,2012.PRES.TRUMP,Donald Trump to be elected President in 2012,5,0.6,Jun/08/2011 22:09:10
748151,2012.PRES.TRUMP,Donald Trump to be elected President in 2012,3,0.6,Jun/10/2011 10:35:13
748151,2012.PRES.TRUMP,Donald Trump to be elected President in 2012,7,0.6,Jun/11/2011 15:58:45
748151,2012.PRES.TRUMP,Donald Trump to be elected President in 2012,5,0.6,Jun/11/2011 15:58:45
748151,2012.PRES.TRUMP,Donald Trump to be elected President in 2012,1,0.6,Jun/11/2011 15:58:45
748151,2012.PRES.TRUMP,Donald Trump to be elected President in 2012,4,0.6,Jun/12/2011 01:07:36
748151,2012.PRES.TRUMP,Donald Trump to be elected President in 2012,10,0.6,Jun/12/2011 01:07:36
748151,2012.PRES.TRUMP,Donald Trump to be elected President in 2012,6,0.6,Jun/12/2011 01:07:36
748151,2012.PRES.TRUMP,Donald Trump to be elected President in 2012,1,0.5,Jun/12/2011 22:18:26
748151,2012.PRES.TRUMP,Donald Trump to be elected President in 2012,4,0.6,Jun/12/2011 23:14:07
748151,2012.PRES.TRUMP,Donald Trump to be elected President in 2012,10,0.6,Jun/12/2011 23:14:07
748151,2012.PRES.TRUMP,Donald Trump to be elected President in 2012,10,0.6,Jun/12/2011 23:14:07
748151,2012.PRES.TRUMP,Donald Trump to be elected President in 2012,10,0.6,Jun/13/2011 22:20:48
748151,2012.PRES.TRUMP,Donald Trump to be elected President in 2012,10,0.6,Jun/13/2011 22:20:48
748151,2012.PRES.TRUMP,Donald Trump to be elected President in 2012,1,0.5,Jun/14/2011 00:09:06
748151,2012.PRES.TRUMP,Donald Trump to be elected President in 2012,1,0.5,Jun/14/2011 00:09:12
748151,2012.PRES.TRUMP,Donald Trump to be elected President in 2012,1,0.5,Jun/14/2011 00:09:19
748151,2012.PRES.TRUMP,Donald Trump to be elected President in 2012,1,0.5,Jun/14/2011 00:09:23
748151,2012.PRES.TRUMP,Donald Trump to be elected President in 2012,1,0.5,Jun/14/2011 00:09:39
748151,2012.PRES.TRUMP,Donald Trump to be elected President in 2012,5,0.6,Jun/14/2011 12:33:26
748151,2012.PRES.TRUMP,Donald Trump to be elected President in 2012,10,0.6,Jun/14/2011 12:33:26
748151,2012.PRES.TRUMP,Donald Trump to be elected President in 2012,5,0.6,Jun/14/2011 12:33:26
748151,2012.PRES.TRUMP,Donald Trump to be elected President in 2012,5,0.6,Jun/14/2011 20:02:55
748151,2012.PRES.TRUMP,Donald Trump to be elected President in 2012,10,0.6,Jun/14/2011 20:02:55
748151,2012.PRES.TRUMP,Donald Trump to be elected President in 2012,5,0.6,Jun/14/2011 20:02:55
748151,2012.PRES.TRUMP,Donald Trump to be elected President in 2012,5,0.6,Jun/14/2011 22:42:37
748151,2012.PRES.TRUMP,Donald Trump to be elected President in 2012,1,0.6,Jun/14/2011 22:42:37
748151,2012.PRES.TRUMP,Donald Trump to be elected President in 2012,10,0.6,Jun/14/2011 22:42:37
748151,2012.PRES.TRUMP,Donald Trump to be elected President in 2012,10,1.0,Jun/15/2011 14:25:42
748151,2012.PRES.TRUMP,Donald Trump to be elected President in 2012,10,0.9,Jun/15/2011 14:25:42
748151,2012.PRES.TRUMP,Donald Trump to be elected President in 2012,10,0.8,Jun/15/2011 14:25:42
748151,2012.PRES.TRUMP,Donald Trump to be elected President in 2012,3,0.7,Jun/15/2011 14:25:42
748151,2012.PRES.TRUMP,Donald Trump to be elected President in 2012,10,0.7,Jun/15/2011 14:25:42
748151,2012.PRES.TRUMP,Donald Trump to be elected President in 2012,95,1.0,Jun/15/2011 14:25:42
748151,2012.PRES.TRUMP,Donald Trump to be elected President in 2012,2,0.7,Jun/15/2011 14:25:42
748151,2012.PRES.TRUMP,Donald Trump to be elected President in 2012,3,0.8,Jun/15/2011 14:25:42
748151,2012.PRES.TRUMP,Donald Trump to be elected President in 2012,4,0.9,Jun/15/2011 14:25:42
748151,2012.PRES.TRUMP,Donald Trump to be elected President in 2012,10,0.7,Jun/15/2011 14:25:42
748151,2012.PRES.TRUMP,Donald Trump to be elected President in 2012,10,0.7,Jun/15/2011 14:25:42
748151,2012.PRES.TRUMP,Donald Trump to be elected President in 2012,5,1.0,Jun/15/2011 14:31:43
748151,2012.PRES.TRUMP,Donald Trump to be elected President in 2012,10,0.6,Jun/16/2011 21:42:44
748151,2012.PRES.TRUMP,Donald Trump to be elected President in 2012,20,0.6,Jun/16/2011 21:42:44
748151,2012.PRES.TRUMP,Donald Trump to be elected President in 2012,5,0.5,Jun/17/2011 05:26:54
748151,2012.PRES.TRUMP,Donald Trump to be elected President in 2012,10,0.6,Jun/17/2011 16:07:35
748151,2012.PRES.TRUMP,Donald Trump to be elected President in 2012,10,0.7,Jun/18/2011 01:14:39
748151,2012.PRES.TRUMP,Donald Trump to be elected President in 2012,10,0.7,Jun/18/2011 01:14:39
748151,2012.PRES.TRUMP,Donald Trump to be elected President in 2012,1,0.8,Jun/18/2011 04:38:11
748151,2012.PRES.TRUMP,Donald Trump to be elected President in 2012,10,0.6,Jun/21/2011 02:40:23
748151,2012.PRES.TRUMP,Donald Trump to be elected President in 2012,5,0.6,Jun/23/2011 15:30:57
748151,2012.PRES.TRUMP,Donald Trump to be elected President in 2012,4,0.6,Jun/23/2011 15:30:57
748151,2012.PRES.TRUMP,Donald Trump to be elected President in 2012,1,0.6,Jun/23/2011 15:30:57
748151,2012.PRES.TRUMP,Donald Trump to be elected President in 2012,9,0.6,Jun/23/2011 20:48:29
748151,2012.PRES.TRUMP,Donald Trump to be elected President in 2012,1,0.6,Jun/23/2011 20:48:29
748151,2012.PRES.TRUMP,Donald Trump to be elected President in 2012,4,0.6,Jun/23/2011 23:03:22
748151,2012.PRES.TRUMP,Donald Trump to be elected President in 2012,6,0.6,Jun/23/2011 23:03:22
748151,2012.PRES.TRUMP,Donald Trump to be elected President in 2012,4,0.6,Jun/24/2011 16:19:04
748151,2012.PRES.TRUMP,Donald Trump to be elected President in 2012,16,0.6,Jun/24/2011 16:19:04
748151,2012.PRES.TRUMP,Donald Trump to be elected President in 2012,4,0.6,Jun/25/2011 11:48:00
748151,2012.PRES.TRUMP,Donald Trump to be elected President in 2012,6,0.6,Jun/25/2011 11:48:00
748151,2012.PRES.TRUMP,Donald Trump to be elected President in 2012,1,0.5,Jun/25/2011 12:11:28
748151,2012.PRES.TRUMP,Donald Trump to be elected President in 2012,4,0.6,Jun/25/2011 13:33:39
748151,2012.PRES.TRUMP,Donald Trump to be elected President in 2012,16,0.6,Jun/25/2011 13:33:39
748151,2012.PRES.TRUMP,Donald Trump to be elected President in 2012,4,0.6,Jun/25/2011 15:33:48
748151,2012.PRES.TRUMP,Donald Trump to be elected President in 2012,6,0.6,Jun/25/2011 15:33:48
748151,2012.PRES.TRUMP,Donald Trump to be elected President in 2012,3,0.6,Jun/25/2011 16:08:19
748151,2012.PRES.TRUMP,Donald Trump to be elected President in 2012,6,0.6,Jun/25/2011 16:08:19
748151,2012.PRES.TRUMP,Donald Trump to be elected President in 2012,4,0.6,Jun/25/2011 16:12:34
748151,2012.PRES.TRUMP,Donald Trump to be elected President in 2012,6,0.6,Jun/25/2011 16:12:34
748151,2012.PRES.TRUMP,Donald Trump to be elected President in 2012,4,0.6,Jun/25/2011 23:16:06
748151,2012.PRES.TRUMP,Donald Trump to be elected President in 2012,6,0.6,Jun/25/2011 23:16:06
748151,2012.PRES.TRUMP,Donald Trump to be elected President in 2012,4,0.6,Jun/26/2011 14:48:51
748151,2012.PRES.TRUMP,Donald Trump to be elected President in 2012,6,0.6,Jun/26/2011 14:48:51
748151,2012.PRES.TRUMP,Donald Trump to be elected President in 2012,4,0.6,Jun/26/2011 16:36:58
748151,2012.PRES.TRUMP,Donald Trump to be elected President in 2012,6,0.6,Jun/26/2011 16:36:58
748151,2012.PRES.TRUMP,Donald Trump to be elected President in 2012,4,0.6,Jun/27/2011 22:20:58
748151,2012.PRES.TRUMP,Donald Trump to be elected President in 2012,16,0.6,Jun/27/2011 22:20:58
748151,2012.PRES.TRUMP,Donald Trump to be elected President in 2012,4,0.6,Jun/29/2011 13:46:27
748151,2012.PRES.TRUMP,Donald Trump to be elected President in 2012,5,0.6,Jun/29/2011 13:46:27
748151,2012.PRES.TRUMP,Donald Trump to be elected President in 2012,10,0.6,Jun/30/2011 02:57:23
748151,2012.PRES.TRUMP,Donald Trump to be elected President in 2012,10,0.6,Jun/30/2011 02:57:23
748151,2012.PRES.TRUMP,Donald Trump to be elected President in 2012,20,0.6,Jun/30/2011 18:30:18
748151,2012.PRES.TRUMP,Donald Trump to be elected President in 2012,1,0.5,Jul/01/2011 17:17:47
748151,2012.PRES.TRUMP,Donald Trump to be elected President in 2012,3,0.5,Jul/01/2011 17:18:24
748151,2012.PRES.TRUMP,Donald Trump to be elected President in 2012,1,0.5,Jul/01/2011 17:18:38
748151,2012.PRES.TRUMP,Donald Trump to be elected President in 2012,2,0.5,Jul/01/2011 17:18:50
748151,2012.PRES.TRUMP,Donald Trump to be elected President in 2012,1,0.5,Jul/01/2011 17:19:00
748151,2012.PRES.TRUMP,Donald Trump to be elected President in 2012,5,0.6,Jul/01/2011 17:34:32
748151,2012.PRES.TRUMP,Donald Trump to be elected President in 2012,20,0.6,Jul/01/2011 17:34:32
748151,2012.PRES.TRUMP,Donald Trump to be elected President in 2012,10,0.6,Jul/01/2011 17:34:32
748151,2012.PRES.TRUMP,Donald Trump to be elected President in 2012,10,0.6,Jul/01/2011 17:34:32
748151,2012.PRES.TRUMP,Donald Trump to be elected President in 2012,10,0.6,Jul/01/2011 17:34:32
748151,2012.PRES.TRUMP,Donald Trump to be elected President in 2012,8,0.6,Jul/01/2011 17:34:32
748151,2012.PRES.TRUMP,Donald Trump to be elected President in 2012,2,0.6,Jul/02/2011 01:45:58
748151,2012.PRES.TRUMP,Donald Trump to be elected President in 2012,10,0.6,Jul/02/2011 01:45:58
748151,2012.PRES.TRUMP,Donald Trump to be elected President in 2012,8,0.6,Jul/02/2011 01:45:58
748151,2012.PRES.TRUMP,Donald Trump to be elected President in 2012,2,0.5,Jul/02/2011 15:52:51
748151,2012.PRES.TRUMP,Donald Trump to be elected President in 2012,5,0.5,Jul/02/2011 15:53:32
748151,2012.PRES.TRUMP,Donald Trump to be elected President in 2012,1,0.5,Jul/02/2011 20:01:27
748151,2012.PRES.TRUMP,Donald Trump to be elected President in 2012,10,0.5,Jul/02/2011 20:01:50
748151,2012.PRES.TRUMP,Donald Trump to be elected President in 2012,1,0.5,Jul/02/2011 20:01:57
748151,2012.PRES.TRUMP,Donald Trump to be elected President in 2012,2,0.5,Jul/02/2011 20:02:08
748151,2012.PRES.TRUMP,Donald Trump to be elected President in 2012,10,0.5,Jul/02/2011 20:02:26
748151,2012.PRES.TRUMP,Donald Trump to be elected President in 2012,1,0.5,Jul/02/2011 20:02:33
748151,2012.PRES.TRUMP,Donald Trump to be elected President in 2012,10,0.5,Jul/02/2011 20:02:49
748151,2012.PRES.TRUMP,Donald Trump to be elected President in 2012,2,0.6,Jul/02/2011 23:05:55
748151,2012.PRES.TRUMP,Donald Trump to be elected President in 2012,5,0.6,Jul/02/2011 23:05:55
748151,2012.PRES.TRUMP,Donald Trump to be elected President in 2012,10,0.6,Jul/02/2011 23:05:55
748151,2012.PRES.TRUMP,Donald Trump to be elected President in 2012,10,0.6,Jul/02/2011 23:05:55
748151,2012.PRES.TRUMP,Donald Trump to be elected President in 2012,5,0.6,Jul/02/2011 23:05:55
748151,2012.PRES.TRUMP,Donald Trump to be elected President in 2012,8,0.6,Jul/02/2011 23:05:55
748151,2012.PRES.TRUMP,Donald Trump to be elected President in 2012,1,0.5,Jul/03/2011 00:10:25
748151,2012.PRES.TRUMP,Donald Trump to be elected President in 2012,2,0.6,Jul/03/2011 00:45:10
748151,2012.PRES.TRUMP,Donald Trump to be elected President in 2012,8,0.6,Jul/03/2011 00:45:10
748151,2012.PRES.TRUMP,Donald Trump to be elected President in 2012,2,0.6,Jul/03/2011 14:23:47
748151,2012.PRES.TRUMP,Donald Trump to be elected President in 2012,8,0.6,Jul/03/2011 14:23:47
748151,2012.PRES.TRUMP,Donald Trump to be elected President in 2012,2,0.6,Jul/03/2011 23:05:05
748151,2012.PRES.TRUMP,Donald Trump to be elected President in 2012,20,0.6,Jul/03/2011 23:05:05
748151,2012.PRES.TRUMP,Donald Trump to be elected President in 2012,20,0.6,Jul/03/2011 23:05:05
748151,2012.PRES.TRUMP,Donald Trump to be elected President in 2012,5,0.6,Jul/03/2011 23:05:05
748151,2012.PRES.TRUMP,Donald Trump to be elected President in 2012,30,0.5,Jul/05/2011 14:30:29
748151,2012.PRES.TRUMP,Donald Trump to be elected President in 2012,5,0.6,Jul/06/2011 00:56:04
748151,2012.PRES.TRUMP,Donald Trump to be elected President in 2012,5,0.6,Jul/06/2011 00:56:04
748151,2012.PRES.TRUMP,Donald Trump to be elected President in 2012,5,0.6,Jul/06/2011 12:45:56
748151,2012.PRES.TRUMP,Donald Trump to be elected President in 2012,5,0.6,Jul/06/2011 12:45:56
748151,2012.PRES.TRUMP,Donald Trump to be elected President in 2012,5,0.6,Jul/06/2011 16:19:07
748151,2012.PRES.TRUMP,Donald Trump to be elected President in 2012,5,0.6,Jul/06/2011 16:19:07
748151,2012.PRES.TRUMP,Donald Trump to be elected President in 2012,17,0.5,Jul/06/2011 19:04:56
748151,2012.PRES.TRUMP,Donald Trump to be elected President in 2012,5,0.6,Jul/07/2011 02:09:52
748151,2012.PRES.TRUMP,Donald Trump to be elected President in 2012,12,0.6,Jul/07/2011 02:09:52
748151,2012.PRES.TRUMP,Donald Trump to be elected President in 2012,16,0.6,Jul/07/2011 02:09:52
748151,2012.PRES.TRUMP,Donald Trump to be elected President in 2012,4,0.6,Jul/07/2011 16:17:42
748151,2012.PRES.TRUMP,Donald Trump to be elected President in 2012,6,0.6,Jul/07/2011 16:17:42
748151,2012.PRES.TRUMP,Donald Trump to be elected President in 2012,4,0.6,Jul/08/2011 00:34:21
748151,2012.PRES.TRUMP,Donald Trump to be elected President in 2012,6,0.6,Jul/08/2011 00:34:21
748151,2012.PRES.TRUMP,Donald Trump to be elected President in 2012,4,0.6,Jul/08/2011 03:52:55
748151,2012.PRES.TRUMP,Donald Trump to be elected President in 2012,6,0.6,Jul/08/2011 03:52:55
748151,2012.PRES.TRUMP,Donald Trump to be elected President in 2012,4,0.6,Jul/08/2011 14:34:45
748151,2012.PRES.TRUMP,Donald Trump to be elected President in 2012,6,0.6,Jul/08/2011 14:34:45
748151,2012.PRES.TRUMP,Donald Trump to be elected President in 2012,4,0.6,Jul/08/2011 15:12:15
748151,2012.PRES.TRUMP,Donald Trump to be elected President in 2012,6,0.6,Jul/08/2011 15:12:15
748151,2012.PRES.TRUMP,Donald Trump to be elected President in 2012,4,0.6,Jul/08/2011 16:29:11
748151,2012.PRES.TRUMP,Donald Trump to be elected President in 2012,6,0.6,Jul/08/2011 16:29:11
748151,2012.PRES.TRUMP,Donald Trump to be elected President in 2012,4,0.6,Jul/08/2011 16:41:05
748151,2012.PRES.TRUMP,Donald Trump to be elected President in 2012,6,0.6,Jul/08/2011 16:41:05
748151,2012.PRES.TRUMP,Donald Trump to be elected President in 2012,4,0.6,Jul/08/2011 22:29:38
748151,2012.PRES.TRUMP,Donald Trump to be elected President in 2012,6,0.6,Jul/08/2011 22:29:38
748151,2012.PRES.TRUMP,Donald Trump to be elected President in 2012,4,0.6,Jul/09/2011 03:15:58
748151,2012.PRES.TRUMP,Donald Trump to be elected President in 2012,6,0.6,Jul/09/2011 03:15:58
748151,2012.PRES.TRUMP,Donald Trump to be elected President in 2012,4,0.6,Jul/09/2011 12:25:28
748151,2012.PRES.TRUMP,Donald Trump to be elected President in 2012,6,0.6,Jul/09/2011 12:25:28
748151,2012.PRES.TRUMP,Donald Trump to be elected President in 2012,4,0.6,Jul/09/2011 17:47:05
748151,2012.PRES.TRUMP,Donald Trump to be elected President in 2012,6,0.6,Jul/09/2011 17:47:05
748151,2012.PRES.TRUMP,Donald Trump to be elected President in 2012,4,0.6,Jul/10/2011 13:10:45
748151,2012.PRES.TRUMP,Donald Trump to be elected President in 2012,5,0.6,Jul/10/2011 13:10:45
748151,2012.PRES.TRUMP,Donald Trump to be elected President in 2012,1,0.6,Jul/10/2011 13:10:45
748151,2012.PRES.TRUMP,Donald Trump to be elected President in 2012,9,0.6,Jul/12/2011 15:30:37
748151,2012.PRES.TRUMP,Donald Trump to be elected President in 2012,1,0.6,Jul/12/2011 15:30:37
748151,2012.PRES.TRUMP,Donald Trump to be elected President in 2012,9,0.6,Jul/12/2011 17:14:25
748151,2012.PRES.TRUMP,Donald Trump to be elected President in 2012,1,0.6,Jul/12/2011 17:14:25
748151,2012.PRES.TRUMP,Donald Trump to be elected President in 2012,20,0.6,Jul/12/2011 17:44:57
748151,2012.PRES.TRUMP,Donald Trump to be elected President in 2012,20,0.6,Jul/12/2011 17:45:01
748151,2012.PRES.TRUMP,Donald Trump to be elected President in 2012,9,0.6,Jul/12/2011 21:03:44
748151,2012.PRES.TRUMP,Donald Trump to be elected President in 2012,1,0.6,Jul/12/2011 21:03:44
748151,2012.PRES.TRUMP,Donald Trump to be elected President in 2012,9,0.6,Jul/12/2011 23:19:17
748151,2012.PRES.TRUMP,Donald Trump to be elected President in 2012,1,0.6,Jul/12/2011 23:19:17
748151,2012.PRES.TRUMP,Donald Trump to be elected President in 2012,9,0.6,Jul/13/2011 03:07:28
748151,2012.PRES.TRUMP,Donald Trump to be elected President in 2012,1,0.6,Jul/13/2011 03:07:28
748151,2012.PRES.TRUMP,Donald Trump to be elected President in 2012,9,0.6,Jul/13/2011 15:22:01
748151,2012.PRES.TRUMP,Donald Trump to be elected President in 2012,1,0.6,Jul/13/2011 15:22:01
748151,2012.PRES.TRUMP,Donald Trump to be elected President in 2012,9,0.6,Jul/13/2011 15:55:24
748151,2012.PRES.TRUMP,Donald Trump to be elected President in 2012,1,0.6,Jul/13/2011 15:55:24
748151,2012.PRES.TRUMP,Donald Trump to be elected President in 2012,5,0.6,Jul/13/2011 15:55:40
748151,2012.PRES.TRUMP,Donald Trump to be elected President in 2012,4,0.6,Jul/13/2011 22:21:41
748151,2012.PRES.TRUMP,Donald Trump to be elected President in 2012,6,0.6,Jul/13/2011 22:21:41
748151,2012.PRES.TRUMP,Donald Trump to be elected President in 2012,1,0.7,Jul/14/2011 19:12:57
748151,2012.PRES.TRUMP,Donald Trump to be elected President in 2012,4,0.6,Jul/14/2011 19:12:57
748151,2012.PRES.TRUMP,Donald Trump to be elected President in 2012,10,0.6,Jul/14/2011 22:54:53
748151,2012.PRES.TRUMP,Donald Trump to be elected President in 2012,20,0.6,Jul/15/2011 00:17:14
748151,2012.PRES.TRUMP,Donald Trump to be elected President in 2012,10,0.6,Jul/15/2011 03:02:24
748151,2012.PRES.TRUMP,Donald Trump to be elected President in 2012,20,0.5,Jul/15/2011 22:08:30
748151,2012.PRES.TRUMP,Donald Trump to be elected President in 2012,20,0.6,Jul/16/2011 01:44:37
748151,2012.PRES.TRUMP,Donald Trump to be elected President in 2012,20,0.6,Jul/16/2011 12:48:20
748151,2012.PRES.TRUMP,Donald Trump to be elected President in 2012,10,0.6,Jul/16/2011 17:13:17
748151,2012.PRES.TRUMP,Donald Trump to be elected President in 2012,5,0.6,Jul/17/2011 18:09:27
748151,2012.PRES.TRUMP,Donald Trump to be elected President in 2012,5,0.6,Jul/17/2011 18:09:27
748151,2012.PRES.TRUMP,Donald Trump to be elected President in 2012,1,0.5,Jul/17/2011 23:08:45
748151,2012.PRES.TRUMP,Donald Trump to be elected President in 2012,5,0.6,Jul/17/2011 23:21:27
748151,2012.PRES.TRUMP,Donald Trump to be elected President in 2012,10,0.6,Jul/17/2011 23:21:27
748151,2012.PRES.TRUMP,Donald Trump to be elected President in 2012,5,0.6,Jul/17/2011 23:21:27
748151,2012.PRES.TRUMP,Donald Trump to be elected President in 2012,5,0.6,Jul/17/2011 23:42:03
748151,2012.PRES.TRUMP,Donald Trump to be elected President in 2012,4,0.6,Jul/17/2011 23:42:03
748151,2012.PRES.TRUMP,Donald Trump to be elected President in 2012,6,0.6,Jul/18/2011 02:13:12
748151,2012.PRES.TRUMP,Donald Trump to be elected President in 2012,4,0.6,Jul/18/2011 02:13:12
748151,2012.PRES.TRUMP,Donald Trump to be elected President in 2012,6,0.6,Jul/18/2011 02:13:47
748151,2012.PRES.TRUMP,Donald Trump to be elected President in 2012,4,0.6,Jul/18/2011 02:13:47
748151,2012.PRES.TRUMP,Donald Trump to be elected President in 2012,6,0.6,Jul/18/2011 02:31:00
748151,2012.PRES.TRUMP,Donald Trump to be elected President in 2012,4,0.6,Jul/18/2011 02:31:00
748151,2012.PRES.TRUMP,Donald Trump to be elected President in 2012,6,0.6,Jul/18/2011 21:10:37
748151,2012.PRES.TRUMP,Donald Trump to be elected President in 2012,4,0.6,Jul/18/2011 21:10:37
748151,2012.PRES.TRUMP,Donald Trump to be elected President in 2012,2,0.6,Jul/19/2011 22:21:51
748151,2012.PRES.TRUMP,Donald Trump to be elected President in 2012,23,0.6,Jul/19/2011 22:21:51
748151,2012.PRES.TRUMP,Donald Trump to be elected President in 2012,10,0.5,Jul/20/2011 11:27:31
748151,2012.PRES.TRUMP,Donald Trump to be elected President in 2012,10,0.5,Jul/20/2011 11:27:31
748151,2012.PRES.TRUMP,Donald Trump to be elected President in 2012,10,0.5,Jul/20/2011 16:59:20
748151,2012.PRES.TRUMP,Donald Trump to be elected President in 2012,11,0.5,Jul/20/2011 20:05:35
748151,2012.PRES.TRUMP,Donald Trump to be elected President in 2012,7,0.6,Jul/20/2011 20:13:56
748151,2012.PRES.TRUMP,Donald Trump to be elected President in 2012,3,0.6,Jul/20/2011 20:13:56
748151,2012.PRES.TRUMP,Donald Trump to be elected President in 2012,10,0.5,Jul/20/2011 21:09:23
748151,2012.PRES.TRUMP,Donald Trump to be elected President in 2012,1,0.5,Jul/20/2011 21:37:00
748151,2012.PRES.TRUMP,Donald Trump to be elected President in 2012,2,0.5,Jul/21/2011 00:58:30
748151,2012.PRES.TRUMP,Donald Trump to be elected President in 2012,3,0.5,Jul/21/2011 14:38:01
748151,2012.PRES.TRUMP,Donald Trump to be elected President in 2012,7,0.5,Jul/21/2011 15:02:12
748151,2012.PRES.TRUMP,Donald Trump to be elected President in 2012,10,0.5,Jul/21/2011 15:32:49
748151,2012.PRES.TRUMP,Donald Trump to be elected President in 2012,3,0.5,Jul/21/2011 15:35:18
748151,2012.PRES.TRUMP,Donald Trump to be elected President in 2012,2,0.5,Jul/21/2011 15:35:49
748151,2012.PRES.TRUMP,Donald Trump to be elected President in 2012,2,0.5,Jul/21/2011 15:37:15
748151,2012.PRES.TRUMP,Donald Trump to be elected President in 2012,8,0.5,Jul/21/2011 15:37:41
748151,2012.PRES.TRUMP,Donald Trump to be elected President in 2012,10,0.5,Jul/21/2011 15:39:09
748151,2012.PRES.TRUMP,Donald Trump to be elected President in 2012,8,0.5,Jul/21/2011 15:42:18
748151,2012.PRES.TRUMP,Donald Trump to be elected President in 2012,3,0.5,Jul/21/2011 20:03:49
748151,2012.PRES.TRUMP,Donald Trump to be elected President in 2012,2,0.5,Jul/21/2011 20:03:49
748151,2012.PRES.TRUMP,Donald Trump to be elected President in 2012,5,0.5,Jul/21/2011 20:09:56
748151,2012.PRES.TRUMP,Donald Trump to be elected President in 2012,10,0.5,Jul/21/2011 20:56:43
748151,2012.PRES.TRUMP,Donald Trump to be elected President in 2012,10,0.5,Jul/21/2011 21:53:29
748151,2012.PRES.TRUMP,Donald Trump to be elected President in 2012,5,0.5,Jul/21/2011 21:55:02
748151,2012.PRES.TRUMP,Donald Trump to be elected President in 2012,5,0.5,Jul/21/2011 21:56:07
748151,2012.PRES.TRUMP,Donald Trump to be elected President in 2012,5,0.5,Jul/21/2011 21:57:53
748151,2012.PRES.TRUMP,Donald Trump to be elected President in 2012,6,0.5,Jul/21/2011 21:58:52
748151,2012.PRES.TRUMP,Donald Trump to be elected President in 2012,10,0.5,Jul/21/2011 22:01:40
748151,2012.PRES.TRUMP,Donald Trump to be elected President in 2012,10,0.5,Jul/22/2011 02:28:49
748151,2012.PRES.TRUMP,Donald Trump to be elected President in 2012,2,0.6,Jul/22/2011 02:29:29
748151,2012.PRES.TRUMP,Donald Trump to be elected President in 2012,1,0.6,Jul/22/2011 12:53:32
748151,2012.PRES.TRUMP,Donald Trump to be elected President in 2012,5,0.6,Jul/22/2011 13:15:34
748151,2012.PRES.TRUMP,Donald Trump to be elected President in 2012,3,0.6,Jul/22/2011 13:15:55
748151,2012.PRES.TRUMP,Donald Trump to be elected President in 2012,2,0.6,Jul/22/2011 14:16:50
748151,2012.PRES.TRUMP,Donald Trump to be elected President in 2012,1,0.6,Jul/22/2011 14:17:28
748151,2012.PRES.TRUMP,Donald Trump to be elected President in 2012,2,0.6,Jul/22/2011 17:40:33
748151,2012.PRES.TRUMP,Donald Trump to be elected President in 2012,4,0.6,Jul/22/2011 22:05:43
748151,2012.PRES.TRUMP,Donald Trump to be elected President in 2012,6,0.6,Jul/22/2011 22:05:43
748151,2012.PRES.TRUMP,Donald Trump to be elected President in 2012,10,0.6,Jul/22/2011 22:06:10
748151,2012.PRES.TRUMP,Donald Trump to be elected President in 2012,4,0.6,Jul/22/2011 22:06:44
748151,2012.PRES.TRUMP,Donald Trump to be elected President in 2012,3,0.6,Jul/22/2011 22:07:19
748151,2012.PRES.TRUMP,Donald Trump to be elected President in 2012,1,0.6,Jul/23/2011 00:30:35
748151,2012.PRES.TRUMP,Donald Trump to be elected President in 2012,10,0.6,Jul/23/2011 00:34:43
748151,2012.PRES.TRUMP,Donald Trump to be elected President in 2012,10,0.6,Jul/23/2011 00:44:06
748151,2012.PRES.TRUMP,Donald Trump to be elected President in 2012,1,0.6,Jul/23/2011 03:40:44
748151,2012.PRES.TRUMP,Donald Trump to be elected President in 2012,1,0.6,Jul/23/2011 16:55:09
748151,2012.PRES.TRUMP,Donald Trump to be elected President in 2012,7,0.6,Jul/23/2011 18:03:12
748151,2012.PRES.TRUMP,Donald Trump to be elected President in 2012,10,0.6,Jul/23/2011 18:04:21
748151,2012.PRES.TRUMP,Donald Trump to be elected President in 2012,7,0.6,Jul/24/2011 15:25:35
748151,2012.PRES.TRUMP,Donald Trump to be elected President in 2012,3,0.6,Jul/24/2011 15:25:35
748151,2012.PRES.TRUMP,Donald Trump to be elected President in 2012,10,0.6,Jul/24/2011 15:25:41
748151,2012.PRES.TRUMP,Donald Trump to be elected President in 2012,5,0.6,Jul/24/2011 15:25:47
748151,2012.PRES.TRUMP,Donald Trump to be elected President in 2012,1,0.6,Jul/24/2011 23:32:08
748151,2012.PRES.TRUMP,Donald Trump to be elected President in 2012,1,0.6,Jul/26/2011 17:06:31
748151,2012.PRES.TRUMP,Donald Trump to be elected President in 2012,9,0.6,Jul/26/2011 17:06:55
748151,2012.PRES.TRUMP,Donald Trump to be elected President in 2012,10,0.6,Jul/26/2011 21:23:14
748151,2012.PRES.TRUMP,Donald Trump to be elected President in 2012,1,0.6,Jul/27/2011 04:12:04
748151,2012.PRES.TRUMP,Donald Trump to be elected President in 2012,10,0.6,Jul/27/2011 14:09:56
748151,2012.PRES.TRUMP,Donald Trump to be elected President in 2012,10,0.6,Jul/27/2011 14:13:20
748151,2012.PRES.TRUMP,Donald Trump to be elected President in 2012,1,0.6,Jul/27/2011 15:59:41
748151,2012.PRES.TRUMP,Donald Trump to be elected President in 2012,10,0.6,Jul/27/2011 16:06:30
748151,2012.PRES.TRUMP,Donald Trump to be elected President in 2012,9,0.6,Jul/27/2011 16:07:47
748151,2012.PRES.TRUMP,Donald Trump to be elected President in 2012,10,0.6,Jul/27/2011 16:08:57
748151,2012.PRES.TRUMP,Donald Trump to be elected President in 2012,10,0.6,Jul/27/2011 16:10:05
748151,2012.PRES.TRUMP,Donald Trump to be elected President in 2012,10,0.6,Jul/27/2011 16:16:00
748151,2012.PRES.TRUMP,Donald Trump to be elected President in 2012,1,0.6,Jul/27/2011 16:43:21
748151,2012.PRES.TRUMP,Donald Trump to be elected President in 2012,10,0.6,Jul/27/2011 17:25:19
748151,2012.PRES.TRUMP,Donald Trump to be elected President in 2012,9,0.6,Jul/27/2011 20:13:04
748151,2012.PRES.TRUMP,Donald Trump to be elected President in 2012,1,0.6,Jul/27/2011 20:13:04
748151,2012.PRES.TRUMP,Donald Trump to be elected President in 2012,10,0.6,Jul/27/2011 20:14:15
748151,2012.PRES.TRUMP,Donald Trump to be elected President in 2012,5,0.6,Jul/29/2011 00:57:48
748151,2012.PRES.TRUMP,Donald Trump to be elected President in 2012,4,0.6,Jul/29/2011 00:58:12
748151,2012.PRES.TRUMP,Donald Trump to be elected President in 2012,6,0.6,Jul/29/2011 00:58:12
748151,2012.PRES.TRUMP,Donald Trump to be elected President in 2012,10,0.6,Jul/29/2011 00:58:25
748151,2012.PRES.TRUMP,Donald Trump to be elected President in 2012,10,0.6,Jul/29/2011 00:58:33
748151,2012.PRES.TRUMP,Donald Trump to be elected President in 2012,10,0.6,Jul/29/2011 00:59:07
748151,2012.PRES.TRUMP,Donald Trump to be elected President in 2012,10,0.6,Jul/29/2011 00:59:24
748151,2012.PRES.TRUMP,Donald Trump to be elected President in 2012,4,0.6,Jul/29/2011 03:48:56
748151,2012.PRES.TRUMP,Donald Trump to be elected President in 2012,1,0.6,Jul/29/2011 03:48:56
748151,2012.PRES.TRUMP,Donald Trump to be elected President in 2012,5,0.6,Jul/29/2011 03:49:24
748151,2012.PRES.TRUMP,Donald Trump to be elected President in 2012,10,0.6,Jul/29/2011 03:49:59
748151,2012.PRES.TRUMP,Donald Trump to be elected President in 2012,5,0.6,Jul/29/2011 03:50:06
748151,2012.PRES.TRUMP,Donald Trump to be elected President in 2012,10,0.6,Jul/29/2011 03:57:12
748151,2012.PRES.TRUMP,Donald Trump to be elected President in 2012,2,0.6,Jul/29/2011 17:17:31
748151,2012.PRES.TRUMP,Donald Trump to be elected President in 2012,5,0.6,Jul/29/2011 17:57:04
748151,2012.PRES.TRUMP,Donald Trump to be elected President in 2012,3,0.6,Jul/29/2011 18:34:43
748151,2012.PRES.TRUMP,Donald Trump to be elected President in 2012,2,0.6,Jul/29/2011 18:40:17
748151,2012.PRES.TRUMP,Donald Trump to be elected President in 2012,7,0.6,Jul/29/2011 18:41:46
748151,2012.PRES.TRUMP,Donald Trump to be elected President in 2012,1,0.6,Jul/29/2011 18:41:46
748151,2012.PRES.TRUMP,Donald Trump to be elected President in 2012,3,0.6,Jul/29/2011 21:54:40
748151,2012.PRES.TRUMP,Donald Trump to be elected President in 2012,1,0.6,Jul/30/2011 00:35:39
748151,2012.PRES.TRUMP,Donald Trump to be elected President in 2012,1,0.6,Jul/30/2011 02:09:54
748151,2012.PRES.TRUMP,Donald Trump to be elected President in 2012,1,0.6,Jul/30/2011 02:12:45
748151,2012.PRES.TRUMP,Donald Trump to be elected President in 2012,3,0.6,Jul/30/2011 02:13:28
748151,2012.PRES.TRUMP,Donald Trump to be elected President in 2012,1,0.6,Jul/30/2011 02:14:24
748151,2012.PRES.TRUMP,Donald Trump to be elected President in 2012,5,0.6,Jul/30/2011 02:15:44
748151,2012.PRES.TRUMP,Donald Trump to be elected President in 2012,1,0.6,Jul/30/2011 02:24:03
748151,2012.PRES.TRUMP,Donald Trump to be elected President in 2012,3,0.6,Jul/30/2011 02:25:11
748151,2012.PRES.TRUMP,Donald Trump to be elected President in 2012,7,0.6,Jul/30/2011 02:25:11
748151,2012.PRES.TRUMP,Donald Trump to be elected President in 2012,3,0.6,Jul/30/2011 02:25:15
748151,2012.PRES.TRUMP,Donald Trump to be elected President in 2012,10,0.6,Jul/30/2011 02:28:38
748151,2012.PRES.TRUMP,Donald Trump to be elected President in 2012,10,0.6,Jul/30/2011 02:44:52
748151,2012.PRES.TRUMP,Donald Trump to be elected President in 2012,4,0.6,Jul/30/2011 02:45:29
748151,2012.PRES.TRUMP,Donald Trump to be elected President in 2012,10,0.6,Jul/30/2011 02:47:28
748151,2012.PRES.TRUMP,Donald Trump to be elected President in 2012,10,0.6,Jul/30/2011 02:47:35
748151,2012.PRES.TRUMP,Donald Trump to be elected President in 2012,8,0.6,Jul/30/2011 02:47:45
748151,2012.PRES.TRUMP,Donald Trump to be elected President in 2012,1,0.6,Jul/30/2011 12:47:39
748151,2012.PRES.TRUMP,Donald Trump to be elected President in 2012,2,0.6,Jul/30/2011 15:11:15
748151,2012.PRES.TRUMP,Donald Trump to be elected President in 2012,1,0.6,Jul/30/2011 15:50:09
748151,2012.PRES.TRUMP,Donald Trump to be elected President in 2012,4,0.6,Jul/30/2011 15:54:03
748151,2012.PRES.TRUMP,Donald Trump to be elected President in 2012,1,0.6,Jul/30/2011 15:54:03
748151,2012.PRES.TRUMP,Donald Trump to be elected President in 2012,5,0.6,Jul/30/2011 15:54:30
748151,2012.PRES.TRUMP,Donald Trump to be elected President in 2012,1,1.1,Jul/30/2011 19:39:47
748151,2012.PRES.TRUMP,Donald Trump to be elected President in 2012,1,1.2,Jul/30/2011 19:40:26
748151,2012.PRES.TRUMP,Donald Trump to be elected President in 2012,1,1.2,Jul/30/2011 19:40:39
748151,2012.PRES.TRUMP,Donald Trump to be elected President in 2012,1,1.3,Jul/30/2011 19:41:20
748151,2012.PRES.TRUMP,Donald Trump to be elected President in 2012,2,1.4,Jul/30/2011 19:42:15
748151,2012.PRES.TRUMP,Donald Trump to be elected President in 2012,1,1.4,Jul/30/2011 19:42:17
748151,2012.PRES.TRUMP,Donald Trump to be elected President in 2012,1,1.4,Jul/30/2011 19:44:31
748151,2012.PRES.TRUMP,Donald Trump to be elected President in 2012,1,1.5,Jul/30/2011 19:45:25
748151,2012.PRES.TRUMP,Donald Trump to be elected President in 2012,1,1.0,Jul/30/2011 19:57:52
748151,2012.PRES.TRUMP,Donald Trump to be elected President in 2012,1,1.1,Jul/30/2011 19:57:52
748151,2012.PRES.TRUMP,Donald Trump to be elected President in 2012,1,1.2,Jul/30/2011 19:57:52
748151,2012.PRES.TRUMP,Donald Trump to be elected President in 2012,1,1.3,Jul/30/2011 19:57:52
748151,2012.PRES.TRUMP,Donald Trump to be elected President in 2012,1,1.4,Jul/30/2011 19:57:52
748151,2012.PRES.TRUMP,Donald Trump to be elected President in 2012,1,1.5,Jul/30/2011 19:57:52
748151,2012.PRES.TRUMP,Donald Trump to be elected President in 2012,3,1.6,Jul/30/2011 19:59:03
748151,2012.PRES.TRUMP,Donald Trump to be elected President in 2012,3,1.8,Jul/30/2011 19:59:03
748151,2012.PRES.TRUMP,Donald Trump to be elected President in 2012,1,1.0,Jul/30/2011 20:17:46
748151,2012.PRES.TRUMP,Donald Trump to be elected President in 2012,1,1.1,Jul/30/2011 20:19:37
748151,2012.PRES.TRUMP,Donald Trump to be elected President in 2012,1,0.7,Jul/31/2011 01:16:02
748151,2012.PRES.TRUMP,Donald Trump to be elected President in 2012,1,0.9,Jul/31/2011 01:16:02
748151,2012.PRES.TRUMP,Donald Trump to be elected President in 2012,1,0.8,Jul/31/2011 01:16:02
748151,2012.PRES.TRUMP,Donald Trump to be elected President in 2012,1,1.0,Jul/31/2011 01:16:02
748151,2012.PRES.TRUMP,Donald Trump to be elected President in 2012,1,1.1,Jul/31/2011 01:16:02
748151,2012.PRES.TRUMP,Donald Trump to be elected President in 2012,1,1.2,Jul/31/2011 01:16:02
748151,2012.PRES.TRUMP,Donald Trump to be elected President in 2012,10,0.6,Jul/31/2011 15:27:24
748151,2012.PRES.TRUMP,Donald Trump to be elected President in 2012,10,0.6,Aug/01/2011 02:10:15
748151,2012.PRES.TRUMP,Donald Trump to be elected President in 2012,4,0.7,Aug/01/2011 05:21:34
748151,2012.PRES.TRUMP,Donald Trump to be elected President in 2012,1,0.7,Aug/01/2011 05:21:34
748151,2012.PRES.TRUMP,Donald Trump to be elected President in 2012,1,0.5,Aug/01/2011 18:30:32
748151,2012.PRES.TRUMP,Donald Trump to be elected President in 2012,5,0.9,Aug/01/2011 20:16:35
748151,2012.PRES.TRUMP,Donald Trump to be elected President in 2012,10,0.8,Aug/01/2011 20:16:35
748151,2012.PRES.TRUMP,Donald Trump to be elected President in 2012,5,1.0,Aug/01/2011 20:16:35
748151,2012.PRES.TRUMP,Donald Trump to be elected President in 2012,2,0.6,Aug/01/2011 21:32:47
748151,2012.PRES.TRUMP,Donald Trump to be elected President in 2012,4,0.6,Aug/02/2011 00:34:10
748151,2012.PRES.TRUMP,Donald Trump to be elected President in 2012,10,0.6,Aug/02/2011 20:09:39
748151,2012.PRES.TRUMP,Donald Trump to be elected President in 2012,5,0.7,Aug/02/2011 20:22:33
748151,2012.PRES.TRUMP,Donald Trump to be elected President in 2012,9,0.7,Aug/02/2011 20:22:33
748151,2012.PRES.TRUMP,Donald Trump to be elected President in 2012,10,0.6,Aug/02/2011 22:17:14
748151,2012.PRES.TRUMP,Donald Trump to be elected President in 2012,10,0.5,Aug/02/2011 22:32:14
748151,2012.PRES.TRUMP,Donald Trump to be elected President in 2012,1,0.5,Aug/02/2011 22:38:46
748151,2012.PRES.TRUMP,Donald Trump to be elected President in 2012,1,0.5,Aug/02/2011 22:40:55
748151,2012.PRES.TRUMP,Donald Trump to be elected President in 2012,1,0.5,Aug/02/2011 22:49:47
748151,2012.PRES.TRUMP,Donald Trump to be elected President in 2012,10,0.6,Aug/02/2011 23:29:08
748151,2012.PRES.TRUMP,Donald Trump to be elected President in 2012,10,0.6,Aug/03/2011 14:17:59
748151,2012.PRES.TRUMP,Donald Trump to be elected President in 2012,10,0.6,Aug/03/2011 14:18:06
748151,2012.PRES.TRUMP,Donald Trump to be elected President in 2012,9,0.6,Aug/03/2011 14:18:49
748151,2012.PRES.TRUMP,Donald Trump to be elected President in 2012,10,0.6,Aug/03/2011 21:33:15
748151,2012.PRES.TRUMP,Donald Trump to be elected President in 2012,10,0.6,Aug/04/2011 03:37:47
748151,2012.PRES.TRUMP,Donald Trump to be elected President in 2012,1,0.6,Aug/04/2011 03:47:08
748151,2012.PRES.TRUMP,Donald Trump to be elected President in 2012,9,0.6,Aug/04/2011 11:03:28
748151,2012.PRES.TRUMP,Donald Trump to be elected President in 2012,1,0.6,Aug/04/2011 11:53:51
748151,2012.PRES.TRUMP,Donald Trump to be elected President in 2012,10,0.6,Aug/04/2011 15:17:31
748151,2012.PRES.TRUMP,Donald Trump to be elected President in 2012,2,0.6,Aug/04/2011 18:01:14
748151,2012.PRES.TRUMP,Donald Trump to be elected President in 2012,10,0.6,Aug/04/2011 20:17:02
748151,2012.PRES.TRUMP,Donald Trump to be elected President in 2012,10,0.6,Aug/04/2011 23:33:06
748151,2012.PRES.TRUMP,Donald Trump to be elected President in 2012,8,0.6,Aug/05/2011 01:16:58
748151,2012.PRES.TRUMP,Donald Trump to be elected President in 2012,2,0.6,Aug/05/2011 01:16:58
748151,2012.PRES.TRUMP,Donald Trump to be elected President in 2012,1,0.6,Aug/05/2011 01:17:07
748151,2012.PRES.TRUMP,Donald Trump to be elected President in 2012,10,0.6,Aug/05/2011 01:17:32
748151,2012.PRES.TRUMP,Donald Trump to be elected President in 2012,10,0.6,Aug/05/2011 01:19:43
748151,2012.PRES.TRUMP,Donald Trump to be elected President in 2012,12,0.6,Aug/05/2011 02:14:57
748151,2012.PRES.TRUMP,Donald Trump to be elected President in 2012,5,0.6,Aug/05/2011 02:35:38
748151,2012.PRES.TRUMP,Donald Trump to be elected President in 2012,5,0.6,Aug/05/2011 02:35:38
748151,2012.PRES.TRUMP,Donald Trump to be elected President in 2012,10,0.6,Aug/05/2011 03:38:58
748151,2012.PRES.TRUMP,Donald Trump to be elected President in 2012,5,0.6,Aug/05/2011 13:09:10
748151,2012.PRES.TRUMP,Donald Trump to be elected President in 2012,5,0.6,Aug/05/2011 13:09:10
748151,2012.PRES.TRUMP,Donald Trump to be elected President in 2012,10,0.6,Aug/05/2011 13:09:17
748151,2012.PRES.TRUMP,Donald Trump to be elected President in 2012,4,0.6,Aug/05/2011 13:09:44
748151,2012.PRES.TRUMP,Donald Trump to be elected President in 2012,6,0.6,Aug/05/2011 15:14:20
748151,2012.PRES.TRUMP,Donald Trump to be elected President in 2012,4,0.6,Aug/05/2011 15:14:20
748151,2012.PRES.TRUMP,Donald Trump to be elected President in 2012,10,0.6,Aug/06/2011 00:33:23
748151,2012.PRES.TRUMP,Donald Trump to be elected President in 2012,10,0.6,Aug/06/2011 03:16:02
748151,2012.PRES.TRUMP,Donald Trump to be elected President in 2012,10,0.6,Aug/06/2011 16:29:59
748151,2012.PRES.TRUMP,Donald Trump to be elected President in 2012,6,0.6,Aug/07/2011 16:03:16
748151,2012.PRES.TRUMP,Donald Trump to be elected President in 2012,4,0.6,Aug/07/2011 16:03:16
748151,2012.PRES.TRUMP,Donald Trump to be elected President in 2012,10,0.6,Aug/07/2011 21:46:24
748151,2012.PRES.TRUMP,Donald Trump to be elected President in 2012,6,0.6,Aug/08/2011 02:15:53
748151,2012.PRES.TRUMP,Donald Trump to be elected President in 2012,4,0.6,Aug/08/2011 02:15:53
748151,2012.PRES.TRUMP,Donald Trump to be elected President in 2012,10,0.6,Aug/08/2011 03:19:37
748151,2012.PRES.TRUMP,Donald Trump to be elected President in 2012,6,0.6,Aug/08/2011 15:08:24
748151,2012.PRES.TRUMP,Donald Trump to be elected President in 2012,4,0.6,Aug/08/2011 15:09:36
748151,2012.PRES.TRUMP,Donald Trump to be elected President in 2012,2,0.6,Aug/08/2011 16:24:43
748151,2012.PRES.TRUMP,Donald Trump to be elected President in 2012,1,0.6,Aug/08/2011 16:24:51
748151,2012.PRES.TRUMP,Donald Trump to be elected President in 2012,10,0.6,Aug/08/2011 16:26:41
748151,2012.PRES.TRUMP,Donald Trump to be elected President in 2012,10,0.6,Aug/08/2011 16:34:53
748151,2012.PRES.TRUMP,Donald Trump to be elected President in 2012,10,0.6,Aug/08/2011 22:07:39
748151,2012.PRES.TRUMP,Donald Trump to be elected President in 2012,10,0.6,Aug/08/2011 23:49:10
748151,2012.PRES.TRUMP,Donald Trump to be elected President in 2012,10,0.6,Aug/09/2011 00:18:45
748151,2012.PRES.TRUMP,Donald Trump to be elected President in 2012,10,0.7,Aug/09/2011 06:41:18
748151,2012.PRES.TRUMP,Donald Trump to be elected President in 2012,10,0.7,Aug/09/2011 06:41:18
748151,2012.PRES.TRUMP,Donald Trump to be elected President in 2012,6,0.7,Aug/09/2011 06:41:18
748151,2012.PRES.TRUMP,Donald Trump to be elected President in 2012,9,0.7,Aug/09/2011 06:41:18
748151,2012.PRES.TRUMP,Donald Trump to be elected President in 2012,1,0.7,Aug/09/2011 14:23:20
748151,2012.PRES.TRUMP,Donald Trump to be elected President in 2012,1,0.7,Aug/09/2011 14:23:20
748151,2012.PRES.TRUMP,Donald Trump to be elected President in 2012,3,0.6,Aug/09/2011 21:43:37
748151,2012.PRES.TRUMP,Donald Trump to be elected President in 2012,50,0.6,Aug/09/2011 21:43:37
748151,2012.PRES.TRUMP,Donald Trump to be elected President in 2012,18,0.5,Aug/09/2011 21:43:59
748151,2012.PRES.TRUMP,Donald Trump to be elected President in 2012,79,0.5,Aug/09/2011 21:43:59
748151,2012.PRES.TRUMP,Donald Trump to be elected President in 2012,2,0.5,Aug/09/2011 21:44:32
748151,2012.PRES.TRUMP,Donald Trump to be elected President in 2012,10,0.5,Aug/11/2011 21:41:30
748151,2012.PRES.TRUMP,Donald Trump to be elected President in 2012,1,0.5,Aug/11/2011 21:41:37
