market id,market symbol,market name,trade quantity,trade price,date/time [utc]
748415,2012.PRES.BACHMANN,Michele Bachmann to be elected President in 2012,1,2.2,Apr/13/2011 22:58:45
748415,2012.PRES.BACHMANN,Michele Bachmann to be elected President in 2012,9,2.2,Apr/14/2011 22:54:25
748415,2012.PRES.BACHMANN,Michele Bachmann to be elected President in 2012,20,2.1,Apr/18/2011 03:08:31
748415,2012.PRES.BACHMANN,Michele Bachmann to be elected President in 2012,30,2.0,Apr/18/2011 03:08:31
748415,2012.PRES.BACHMANN,Michele Bachmann to be elected President in 2012,1,2.1,Apr/18/2011 19:01:40
748415,2012.PRES.BACHMANN,Michele Bachmann to be elected President in 2012,1,2.1,Apr/18/2011 19:01:42
748415,2012.PRES.BACHMANN,Michele Bachmann to be elected President in 2012,1,2.1,Apr/18/2011 19:01:43
748415,2012.PRES.BACHMANN,Michele Bachmann to be elected President in 2012,2,2.1,Apr/18/2011 22:28:17
748415,2012.PRES.BACHMANN,Michele Bachmann to be elected President in 2012,10,2.0,Apr/18/2011 22:28:50
748415,2012.PRES.BACHMANN,Michele Bachmann to be elected President in 2012,15,1.9,Apr/18/2011 22:29:54
748415,2012.PRES.BACHMANN,Michele Bachmann to be elected President in 2012,20,1.8,Apr/18/2011 22:30:24
748415,2012.PRES.BACHMANN,Michele Bachmann to be elected President in 2012,3,1.7,Apr/18/2011 22:31:05
748415,2012.PRES.BACHMANN,Michele Bachmann to be elected President in 2012,5,2.0,Apr/22/2011 21:31:23
748415,2012.PRES.BACHMANN,Michele Bachmann to be elected President in 2012,10,1.9,Apr/26/2011 15:24:46
748415,2012.PRES.BACHMANN,Michele Bachmann to be elected President in 2012,15,1.8,Apr/27/2011 13:28:55
748415,2012.PRES.BACHMANN,Michele Bachmann to be elected President in 2012,20,1.7,Apr/27/2011 18:47:35
748415,2012.PRES.BACHMANN,Michele Bachmann to be elected President in 2012,25,1.6,Apr/27/2011 18:47:41
748415,2012.PRES.BACHMANN,Michele Bachmann to be elected President in 2012,22,1.5,Apr/28/2011 07:31:11
748415,2012.PRES.BACHMANN,Michele Bachmann to be elected President in 2012,8,1.5,Apr/28/2011 14:26:16
748415,2012.PRES.BACHMANN,Michele Bachmann to be elected President in 2012,29,1.4,Apr/28/2011 23:29:03
748415,2012.PRES.BACHMANN,Michele Bachmann to be elected President in 2012,6,1.4,Apr/28/2011 23:30:06
748415,2012.PRES.BACHMANN,Michele Bachmann to be elected President in 2012,19,1.4,Apr/29/2011 21:24:18
748415,2012.PRES.BACHMANN,Michele Bachmann to be elected President in 2012,1,1.3,Apr/29/2011 23:19:32
748415,2012.PRES.BACHMANN,Michele Bachmann to be elected President in 2012,1,1.4,Apr/29/2011 23:27:10
748415,2012.PRES.BACHMANN,Michele Bachmann to be elected President in 2012,3,1.9,Apr/30/2011 03:51:55
748415,2012.PRES.BACHMANN,Michele Bachmann to be elected President in 2012,2,1.8,Apr/30/2011 03:51:55
748415,2012.PRES.BACHMANN,Michele Bachmann to be elected President in 2012,7,1.9,Apr/30/2011 03:53:16
748415,2012.PRES.BACHMANN,Michele Bachmann to be elected President in 2012,10,1.5,Apr/30/2011 16:25:14
748415,2012.PRES.BACHMANN,Michele Bachmann to be elected President in 2012,20,1.5,Apr/30/2011 18:45:16
748415,2012.PRES.BACHMANN,Michele Bachmann to be elected President in 2012,10,1.5,Apr/30/2011 22:45:25
748415,2012.PRES.BACHMANN,Michele Bachmann to be elected President in 2012,20,1.3,Apr/30/2011 22:51:37
748415,2012.PRES.BACHMANN,Michele Bachmann to be elected President in 2012,5,1.4,Apr/30/2011 22:51:37
748415,2012.PRES.BACHMANN,Michele Bachmann to be elected President in 2012,1,1.1,May/01/2011 16:51:33
748415,2012.PRES.BACHMANN,Michele Bachmann to be elected President in 2012,1,1.1,May/01/2011 17:47:45
748415,2012.PRES.BACHMANN,Michele Bachmann to be elected President in 2012,3,1.1,May/02/2011 03:54:29
748415,2012.PRES.BACHMANN,Michele Bachmann to be elected President in 2012,3,1.1,May/02/2011 03:54:47
748415,2012.PRES.BACHMANN,Michele Bachmann to be elected President in 2012,4,1.1,May/02/2011 03:54:48
748415,2012.PRES.BACHMANN,Michele Bachmann to be elected President in 2012,3,1.1,May/02/2011 03:54:49
748415,2012.PRES.BACHMANN,Michele Bachmann to be elected President in 2012,2,1.1,May/02/2011 04:09:46
748415,2012.PRES.BACHMANN,Michele Bachmann to be elected President in 2012,5,1.1,May/02/2011 04:09:48
748415,2012.PRES.BACHMANN,Michele Bachmann to be elected President in 2012,1,1.1,May/02/2011 04:09:48
748415,2012.PRES.BACHMANN,Michele Bachmann to be elected President in 2012,4,0.8,May/02/2011 04:09:50
748415,2012.PRES.BACHMANN,Michele Bachmann to be elected President in 2012,1,0.8,May/02/2011 04:09:52
748415,2012.PRES.BACHMANN,Michele Bachmann to be elected President in 2012,4,0.8,May/02/2011 04:09:54
748415,2012.PRES.BACHMANN,Michele Bachmann to be elected President in 2012,10,0.8,May/02/2011 04:09:56
748415,2012.PRES.BACHMANN,Michele Bachmann to be elected President in 2012,5,0.8,May/02/2011 04:09:58
748415,2012.PRES.BACHMANN,Michele Bachmann to be elected President in 2012,10,0.8,May/02/2011 04:10:00
748415,2012.PRES.BACHMANN,Michele Bachmann to be elected President in 2012,10,0.8,May/02/2011 04:10:02
748415,2012.PRES.BACHMANN,Michele Bachmann to be elected President in 2012,6,0.8,May/02/2011 04:10:04
748415,2012.PRES.BACHMANN,Michele Bachmann to be elected President in 2012,10,0.7,May/02/2011 04:10:06
748415,2012.PRES.BACHMANN,Michele Bachmann to be elected President in 2012,5,0.7,May/02/2011 04:12:03
748415,2012.PRES.BACHMANN,Michele Bachmann to be elected President in 2012,1,1.2,May/06/2011 03:10:00
748415,2012.PRES.BACHMANN,Michele Bachmann to be elected President in 2012,10,1.2,May/06/2011 03:10:00
748415,2012.PRES.BACHMANN,Michele Bachmann to be elected President in 2012,4,1.2,May/06/2011 03:10:00
748415,2012.PRES.BACHMANN,Michele Bachmann to be elected President in 2012,40,1.1,May/06/2011 23:18:01
748415,2012.PRES.BACHMANN,Michele Bachmann to be elected President in 2012,10,1.0,May/08/2011 01:37:54
748415,2012.PRES.BACHMANN,Michele Bachmann to be elected President in 2012,5,1.0,May/08/2011 20:13:12
748415,2012.PRES.BACHMANN,Michele Bachmann to be elected President in 2012,3,1.0,May/08/2011 22:37:34
748415,2012.PRES.BACHMANN,Michele Bachmann to be elected President in 2012,5,0.9,May/09/2011 01:58:58
748415,2012.PRES.BACHMANN,Michele Bachmann to be elected President in 2012,2,1.0,May/09/2011 15:43:45
748415,2012.PRES.BACHMANN,Michele Bachmann to be elected President in 2012,10,1.0,May/09/2011 15:43:45
748415,2012.PRES.BACHMANN,Michele Bachmann to be elected President in 2012,9,1.0,May/09/2011 15:43:45
748415,2012.PRES.BACHMANN,Michele Bachmann to be elected President in 2012,10,1.2,May/09/2011 22:14:23
748415,2012.PRES.BACHMANN,Michele Bachmann to be elected President in 2012,10,1.2,May/09/2011 22:14:23
748415,2012.PRES.BACHMANN,Michele Bachmann to be elected President in 2012,10,1.2,May/09/2011 22:14:23
748415,2012.PRES.BACHMANN,Michele Bachmann to be elected President in 2012,10,1.2,May/09/2011 22:14:23
748415,2012.PRES.BACHMANN,Michele Bachmann to be elected President in 2012,10,1.1,May/09/2011 22:14:23
748415,2012.PRES.BACHMANN,Michele Bachmann to be elected President in 2012,1,1.0,May/09/2011 22:14:23
748415,2012.PRES.BACHMANN,Michele Bachmann to be elected President in 2012,99,1.2,May/09/2011 22:24:48
748415,2012.PRES.BACHMANN,Michele Bachmann to be elected President in 2012,240,1.1,May/09/2011 22:50:08
748415,2012.PRES.BACHMANN,Michele Bachmann to be elected President in 2012,20,1.1,May/10/2011 00:17:45
748415,2012.PRES.BACHMANN,Michele Bachmann to be elected President in 2012,10,1.1,May/10/2011 16:38:07
748415,2012.PRES.BACHMANN,Michele Bachmann to be elected President in 2012,40,1.1,May/10/2011 21:03:07
748415,2012.PRES.BACHMANN,Michele Bachmann to be elected President in 2012,10,1.1,May/10/2011 21:47:54
748415,2012.PRES.BACHMANN,Michele Bachmann to be elected President in 2012,5,1.0,May/11/2011 22:30:36
748415,2012.PRES.BACHMANN,Michele Bachmann to be elected President in 2012,30,0.9,May/11/2011 22:43:00
748415,2012.PRES.BACHMANN,Michele Bachmann to be elected President in 2012,6,1.0,May/12/2011 19:12:49
748415,2012.PRES.BACHMANN,Michele Bachmann to be elected President in 2012,100,1.0,May/13/2011 20:00:18
748415,2012.PRES.BACHMANN,Michele Bachmann to be elected President in 2012,26,0.9,May/14/2011 00:05:10
748415,2012.PRES.BACHMANN,Michele Bachmann to be elected President in 2012,24,0.9,May/14/2011 03:42:54
748415,2012.PRES.BACHMANN,Michele Bachmann to be elected President in 2012,10,1.0,May/15/2011 01:02:40
748415,2012.PRES.BACHMANN,Michele Bachmann to be elected President in 2012,20,1.0,May/15/2011 01:03:54
748415,2012.PRES.BACHMANN,Michele Bachmann to be elected President in 2012,64,1.0,May/15/2011 06:25:29
748415,2012.PRES.BACHMANN,Michele Bachmann to be elected President in 2012,10,1.0,May/15/2011 06:25:29
748415,2012.PRES.BACHMANN,Michele Bachmann to be elected President in 2012,10,1.0,May/15/2011 06:25:29
748415,2012.PRES.BACHMANN,Michele Bachmann to be elected President in 2012,10,1.0,May/15/2011 06:25:29
748415,2012.PRES.BACHMANN,Michele Bachmann to be elected President in 2012,34,1.0,May/15/2011 06:25:29
748415,2012.PRES.BACHMANN,Michele Bachmann to be elected President in 2012,10,1.0,May/15/2011 06:25:29
748415,2012.PRES.BACHMANN,Michele Bachmann to be elected President in 2012,10,1.0,May/15/2011 06:25:29
748415,2012.PRES.BACHMANN,Michele Bachmann to be elected President in 2012,10,1.0,May/15/2011 06:25:29
748415,2012.PRES.BACHMANN,Michele Bachmann to be elected President in 2012,10,1.1,May/15/2011 06:25:53
748415,2012.PRES.BACHMANN,Michele Bachmann to be elected President in 2012,10,1.1,May/15/2011 06:25:53
748415,2012.PRES.BACHMANN,Michele Bachmann to be elected President in 2012,10,1.1,May/15/2011 06:25:53
748415,2012.PRES.BACHMANN,Michele Bachmann to be elected President in 2012,10,1.1,May/15/2011 06:25:53
748415,2012.PRES.BACHMANN,Michele Bachmann to be elected President in 2012,10,1.1,May/15/2011 15:27:49
748415,2012.PRES.BACHMANN,Michele Bachmann to be elected President in 2012,20,1.0,May/15/2011 15:27:49
748415,2012.PRES.BACHMANN,Michele Bachmann to be elected President in 2012,30,0.9,May/16/2011 22:34:53
748415,2012.PRES.BACHMANN,Michele Bachmann to be elected President in 2012,80,1.0,May/16/2011 23:14:37
748415,2012.PRES.BACHMANN,Michele Bachmann to be elected President in 2012,10,1.0,May/16/2011 23:14:37
748415,2012.PRES.BACHMANN,Michele Bachmann to be elected President in 2012,10,1.0,May/16/2011 23:14:37
748415,2012.PRES.BACHMANN,Michele Bachmann to be elected President in 2012,10,1.0,May/16/2011 23:14:37
748415,2012.PRES.BACHMANN,Michele Bachmann to be elected President in 2012,10,1.0,May/16/2011 23:14:37
748415,2012.PRES.BACHMANN,Michele Bachmann to be elected President in 2012,10,1.0,May/16/2011 23:14:37
748415,2012.PRES.BACHMANN,Michele Bachmann to be elected President in 2012,10,1.0,May/16/2011 23:14:37
748415,2012.PRES.BACHMANN,Michele Bachmann to be elected President in 2012,10,1.0,May/16/2011 23:14:37
748415,2012.PRES.BACHMANN,Michele Bachmann to be elected President in 2012,10,1.0,May/16/2011 23:14:37
748415,2012.PRES.BACHMANN,Michele Bachmann to be elected President in 2012,10,1.0,May/16/2011 23:20:35
748415,2012.PRES.BACHMANN,Michele Bachmann to be elected President in 2012,108,1.0,May/16/2011 23:36:28
748415,2012.PRES.BACHMANN,Michele Bachmann to be elected President in 2012,30,1.0,May/16/2011 23:36:28
748415,2012.PRES.BACHMANN,Michele Bachmann to be elected President in 2012,10,1.2,May/16/2011 23:54:48
748415,2012.PRES.BACHMANN,Michele Bachmann to be elected President in 2012,10,1.2,May/16/2011 23:54:48
748415,2012.PRES.BACHMANN,Michele Bachmann to be elected President in 2012,10,1.2,May/16/2011 23:54:48
748415,2012.PRES.BACHMANN,Michele Bachmann to be elected President in 2012,10,1.1,May/16/2011 23:54:48
748415,2012.PRES.BACHMANN,Michele Bachmann to be elected President in 2012,10,1.1,May/16/2011 23:54:48
748415,2012.PRES.BACHMANN,Michele Bachmann to be elected President in 2012,50,1.0,May/16/2011 23:54:48
748415,2012.PRES.BACHMANN,Michele Bachmann to be elected President in 2012,10,1.0,May/16/2011 23:57:28
748415,2012.PRES.BACHMANN,Michele Bachmann to be elected President in 2012,20,1.2,May/17/2011 00:03:14
748415,2012.PRES.BACHMANN,Michele Bachmann to be elected President in 2012,20,1.1,May/17/2011 00:03:14
748415,2012.PRES.BACHMANN,Michele Bachmann to be elected President in 2012,10,1.1,May/17/2011 19:28:02
748415,2012.PRES.BACHMANN,Michele Bachmann to be elected President in 2012,10,1.2,May/17/2011 20:48:48
748415,2012.PRES.BACHMANN,Michele Bachmann to be elected President in 2012,20,1.2,May/17/2011 20:48:48
748415,2012.PRES.BACHMANN,Michele Bachmann to be elected President in 2012,10,1.3,May/17/2011 20:52:23
748415,2012.PRES.BACHMANN,Michele Bachmann to be elected President in 2012,10,1.3,May/17/2011 20:52:23
748415,2012.PRES.BACHMANN,Michele Bachmann to be elected President in 2012,20,1.3,May/17/2011 20:52:23
748415,2012.PRES.BACHMANN,Michele Bachmann to be elected President in 2012,1,1.4,May/17/2011 20:53:05
748415,2012.PRES.BACHMANN,Michele Bachmann to be elected President in 2012,2,1.3,May/18/2011 02:13:19
748415,2012.PRES.BACHMANN,Michele Bachmann to be elected President in 2012,10,1.2,May/18/2011 02:13:19
748415,2012.PRES.BACHMANN,Michele Bachmann to be elected President in 2012,8,1.3,May/18/2011 17:03:24
748415,2012.PRES.BACHMANN,Michele Bachmann to be elected President in 2012,10,1.3,May/18/2011 17:03:24
748415,2012.PRES.BACHMANN,Michele Bachmann to be elected President in 2012,50,1.3,May/18/2011 17:03:24
748415,2012.PRES.BACHMANN,Michele Bachmann to be elected President in 2012,9,1.4,May/18/2011 17:05:26
748415,2012.PRES.BACHMANN,Michele Bachmann to be elected President in 2012,2,1.4,May/18/2011 17:05:26
748415,2012.PRES.BACHMANN,Michele Bachmann to be elected President in 2012,5,1.4,May/19/2011 01:42:25
748415,2012.PRES.BACHMANN,Michele Bachmann to be elected President in 2012,3,1.4,May/19/2011 04:03:40
748415,2012.PRES.BACHMANN,Michele Bachmann to be elected President in 2012,10,1.4,May/19/2011 04:03:40
748415,2012.PRES.BACHMANN,Michele Bachmann to be elected President in 2012,100,1.4,May/19/2011 04:03:40
748415,2012.PRES.BACHMANN,Michele Bachmann to be elected President in 2012,20,1.4,May/19/2011 04:03:40
748415,2012.PRES.BACHMANN,Michele Bachmann to be elected President in 2012,10,1.5,May/19/2011 04:04:01
748415,2012.PRES.BACHMANN,Michele Bachmann to be elected President in 2012,10,1.5,May/19/2011 04:04:01
748415,2012.PRES.BACHMANN,Michele Bachmann to be elected President in 2012,10,1.5,May/19/2011 04:04:01
748415,2012.PRES.BACHMANN,Michele Bachmann to be elected President in 2012,10,1.5,May/19/2011 04:04:01
748415,2012.PRES.BACHMANN,Michele Bachmann to be elected President in 2012,10,1.5,May/19/2011 04:04:01
748415,2012.PRES.BACHMANN,Michele Bachmann to be elected President in 2012,10,1.5,May/19/2011 04:04:01
748415,2012.PRES.BACHMANN,Michele Bachmann to be elected President in 2012,20,1.5,May/19/2011 04:04:01
748415,2012.PRES.BACHMANN,Michele Bachmann to be elected President in 2012,50,1.5,May/19/2011 22:21:44
748415,2012.PRES.BACHMANN,Michele Bachmann to be elected President in 2012,10,1.6,May/19/2011 22:22:02
748415,2012.PRES.BACHMANN,Michele Bachmann to be elected President in 2012,20,1.6,May/19/2011 22:22:02
748415,2012.PRES.BACHMANN,Michele Bachmann to be elected President in 2012,30,1.6,May/19/2011 22:22:53
748415,2012.PRES.BACHMANN,Michele Bachmann to be elected President in 2012,10,1.4,May/20/2011 03:35:45
748415,2012.PRES.BACHMANN,Michele Bachmann to be elected President in 2012,37,1.5,May/20/2011 03:36:08
748415,2012.PRES.BACHMANN,Michele Bachmann to be elected President in 2012,10,1.6,May/20/2011 17:57:45
748415,2012.PRES.BACHMANN,Michele Bachmann to be elected President in 2012,1,1.7,May/20/2011 17:57:56
748415,2012.PRES.BACHMANN,Michele Bachmann to be elected President in 2012,6,1.1,May/20/2011 21:29:48
748415,2012.PRES.BACHMANN,Michele Bachmann to be elected President in 2012,4,1.1,May/20/2011 21:29:48
748415,2012.PRES.BACHMANN,Michele Bachmann to be elected President in 2012,13,1.6,May/21/2011 04:09:41
748415,2012.PRES.BACHMANN,Michele Bachmann to be elected President in 2012,10,1.6,May/21/2011 04:09:41
748415,2012.PRES.BACHMANN,Michele Bachmann to be elected President in 2012,9,1.7,May/21/2011 04:10:09
748415,2012.PRES.BACHMANN,Michele Bachmann to be elected President in 2012,10,1.7,May/21/2011 04:10:09
748415,2012.PRES.BACHMANN,Michele Bachmann to be elected President in 2012,10,1.7,May/21/2011 04:10:09
748415,2012.PRES.BACHMANN,Michele Bachmann to be elected President in 2012,10,1.8,May/21/2011 04:10:30
748415,2012.PRES.BACHMANN,Michele Bachmann to be elected President in 2012,100,1.8,May/21/2011 04:10:30
748415,2012.PRES.BACHMANN,Michele Bachmann to be elected President in 2012,10,1.8,May/21/2011 04:10:30
748415,2012.PRES.BACHMANN,Michele Bachmann to be elected President in 2012,10,1.9,May/21/2011 04:11:10
748415,2012.PRES.BACHMANN,Michele Bachmann to be elected President in 2012,30,1.9,May/21/2011 04:11:10
748415,2012.PRES.BACHMANN,Michele Bachmann to be elected President in 2012,10,1.9,May/21/2011 04:11:10
748415,2012.PRES.BACHMANN,Michele Bachmann to be elected President in 2012,5,1.9,May/21/2011 04:11:10
748415,2012.PRES.BACHMANN,Michele Bachmann to be elected President in 2012,10,1.9,May/21/2011 04:11:10
748415,2012.PRES.BACHMANN,Michele Bachmann to be elected President in 2012,10,1.7,May/21/2011 16:27:01
748415,2012.PRES.BACHMANN,Michele Bachmann to be elected President in 2012,30,1.7,May/21/2011 16:27:01
748415,2012.PRES.BACHMANN,Michele Bachmann to be elected President in 2012,10,1.8,May/22/2011 13:36:04
748415,2012.PRES.BACHMANN,Michele Bachmann to be elected President in 2012,5,1.6,May/22/2011 20:49:24
748415,2012.PRES.BACHMANN,Michele Bachmann to be elected President in 2012,5,1.7,May/23/2011 02:05:47
748415,2012.PRES.BACHMANN,Michele Bachmann to be elected President in 2012,10,1.7,May/23/2011 02:05:47
748415,2012.PRES.BACHMANN,Michele Bachmann to be elected President in 2012,5,1.7,May/23/2011 02:05:47
748415,2012.PRES.BACHMANN,Michele Bachmann to be elected President in 2012,10,1.8,May/23/2011 02:06:01
748415,2012.PRES.BACHMANN,Michele Bachmann to be elected President in 2012,5,1.8,May/23/2011 02:06:01
748415,2012.PRES.BACHMANN,Michele Bachmann to be elected President in 2012,10,1.1,May/23/2011 22:28:44
748415,2012.PRES.BACHMANN,Michele Bachmann to be elected President in 2012,5,1.2,May/23/2011 22:28:44
748415,2012.PRES.BACHMANN,Michele Bachmann to be elected President in 2012,5,1.5,May/24/2011 03:59:51
748415,2012.PRES.BACHMANN,Michele Bachmann to be elected President in 2012,24,1.6,May/24/2011 04:00:05
748415,2012.PRES.BACHMANN,Michele Bachmann to be elected President in 2012,10,1.7,May/24/2011 20:06:40
748415,2012.PRES.BACHMANN,Michele Bachmann to be elected President in 2012,10,1.8,May/24/2011 20:06:52
748415,2012.PRES.BACHMANN,Michele Bachmann to be elected President in 2012,10,1.8,May/24/2011 20:06:52
748415,2012.PRES.BACHMANN,Michele Bachmann to be elected President in 2012,1,1.9,May/24/2011 20:07:07
748415,2012.PRES.BACHMANN,Michele Bachmann to be elected President in 2012,1,1.3,May/24/2011 21:30:00
748415,2012.PRES.BACHMANN,Michele Bachmann to be elected President in 2012,2,1.4,May/24/2011 21:30:00
748415,2012.PRES.BACHMANN,Michele Bachmann to be elected President in 2012,3,1.5,May/24/2011 21:30:00
748415,2012.PRES.BACHMANN,Michele Bachmann to be elected President in 2012,4,1.6,May/24/2011 21:30:00
748415,2012.PRES.BACHMANN,Michele Bachmann to be elected President in 2012,5,1.7,May/24/2011 21:30:00
748415,2012.PRES.BACHMANN,Michele Bachmann to be elected President in 2012,1,1.3,May/24/2011 21:54:16
748415,2012.PRES.BACHMANN,Michele Bachmann to be elected President in 2012,2,1.4,May/24/2011 21:54:16
748415,2012.PRES.BACHMANN,Michele Bachmann to be elected President in 2012,3,1.5,May/24/2011 21:54:16
748415,2012.PRES.BACHMANN,Michele Bachmann to be elected President in 2012,4,1.6,May/24/2011 21:54:16
748415,2012.PRES.BACHMANN,Michele Bachmann to be elected President in 2012,5,1.7,May/24/2011 21:54:16
748415,2012.PRES.BACHMANN,Michele Bachmann to be elected President in 2012,9,1.7,May/25/2011 18:19:56
748415,2012.PRES.BACHMANN,Michele Bachmann to be elected President in 2012,10,1.7,May/25/2011 18:19:56
748415,2012.PRES.BACHMANN,Michele Bachmann to be elected President in 2012,42,1.8,May/25/2011 18:25:56
748415,2012.PRES.BACHMANN,Michele Bachmann to be elected President in 2012,6,1.8,May/25/2011 18:25:56
748415,2012.PRES.BACHMANN,Michele Bachmann to be elected President in 2012,15,1.8,May/25/2011 18:25:56
748415,2012.PRES.BACHMANN,Michele Bachmann to be elected President in 2012,6,1.8,May/25/2011 18:25:56
748415,2012.PRES.BACHMANN,Michele Bachmann to be elected President in 2012,25,1.7,May/25/2011 23:47:12
748415,2012.PRES.BACHMANN,Michele Bachmann to be elected President in 2012,30,1.7,May/25/2011 23:47:12
748415,2012.PRES.BACHMANN,Michele Bachmann to be elected President in 2012,10,1.7,May/25/2011 23:47:12
748415,2012.PRES.BACHMANN,Michele Bachmann to be elected President in 2012,5,1.7,May/26/2011 01:16:19
748415,2012.PRES.BACHMANN,Michele Bachmann to be elected President in 2012,25,1.7,May/26/2011 16:41:20
748415,2012.PRES.BACHMANN,Michele Bachmann to be elected President in 2012,10,1.7,May/26/2011 19:03:36
748415,2012.PRES.BACHMANN,Michele Bachmann to be elected President in 2012,10,1.8,May/26/2011 19:04:09
748415,2012.PRES.BACHMANN,Michele Bachmann to be elected President in 2012,5,1.4,May/27/2011 20:52:55
748415,2012.PRES.BACHMANN,Michele Bachmann to be elected President in 2012,10,1.5,May/27/2011 20:53:36
748415,2012.PRES.BACHMANN,Michele Bachmann to be elected President in 2012,15,1.6,May/27/2011 20:54:34
748415,2012.PRES.BACHMANN,Michele Bachmann to be elected President in 2012,5,1.4,May/28/2011 05:18:16
748415,2012.PRES.BACHMANN,Michele Bachmann to be elected President in 2012,10,1.5,May/28/2011 05:18:39
748415,2012.PRES.BACHMANN,Michele Bachmann to be elected President in 2012,5,1.5,May/28/2011 05:18:39
748415,2012.PRES.BACHMANN,Michele Bachmann to be elected President in 2012,15,1.4,May/29/2011 15:58:16
748415,2012.PRES.BACHMANN,Michele Bachmann to be elected President in 2012,15,1.4,May/30/2011 14:34:46
748415,2012.PRES.BACHMANN,Michele Bachmann to be elected President in 2012,1,1.3,May/31/2011 17:57:54
748415,2012.PRES.BACHMANN,Michele Bachmann to be elected President in 2012,10,1.4,May/31/2011 18:08:03
748415,2012.PRES.BACHMANN,Michele Bachmann to be elected President in 2012,4,1.3,May/31/2011 18:08:03
748415,2012.PRES.BACHMANN,Michele Bachmann to be elected President in 2012,10,1.4,May/31/2011 18:08:03
748415,2012.PRES.BACHMANN,Michele Bachmann to be elected President in 2012,1,1.4,May/31/2011 19:15:13
748415,2012.PRES.BACHMANN,Michele Bachmann to be elected President in 2012,10,1.8,May/31/2011 21:43:53
748415,2012.PRES.BACHMANN,Michele Bachmann to be elected President in 2012,10,1.6,May/31/2011 21:43:53
748415,2012.PRES.BACHMANN,Michele Bachmann to be elected President in 2012,5,1.6,May/31/2011 21:43:53
748415,2012.PRES.BACHMANN,Michele Bachmann to be elected President in 2012,15,1.5,May/31/2011 21:43:53
748415,2012.PRES.BACHMANN,Michele Bachmann to be elected President in 2012,10,1.6,May/31/2011 21:43:53
748415,2012.PRES.BACHMANN,Michele Bachmann to be elected President in 2012,10,1.7,May/31/2011 21:43:53
748415,2012.PRES.BACHMANN,Michele Bachmann to be elected President in 2012,15,1.5,May/31/2011 21:43:53
748415,2012.PRES.BACHMANN,Michele Bachmann to be elected President in 2012,20,1.6,May/31/2011 21:43:53
748415,2012.PRES.BACHMANN,Michele Bachmann to be elected President in 2012,30,1.7,May/31/2011 21:43:53
748415,2012.PRES.BACHMANN,Michele Bachmann to be elected President in 2012,40,1.8,May/31/2011 21:43:53
748415,2012.PRES.BACHMANN,Michele Bachmann to be elected President in 2012,35,1.8,May/31/2011 21:44:30
748415,2012.PRES.BACHMANN,Michele Bachmann to be elected President in 2012,60,1.8,May/31/2011 21:45:22
748415,2012.PRES.BACHMANN,Michele Bachmann to be elected President in 2012,1,1.8,May/31/2011 22:19:51
748415,2012.PRES.BACHMANN,Michele Bachmann to be elected President in 2012,9,1.8,Jun/01/2011 03:15:35
748415,2012.PRES.BACHMANN,Michele Bachmann to be elected President in 2012,1,1.8,Jun/01/2011 15:22:36
748415,2012.PRES.BACHMANN,Michele Bachmann to be elected President in 2012,1,1.7,Jun/01/2011 17:55:55
748415,2012.PRES.BACHMANN,Michele Bachmann to be elected President in 2012,10,2.0,Jun/02/2011 18:43:04
748415,2012.PRES.BACHMANN,Michele Bachmann to be elected President in 2012,20,2.1,Jun/02/2011 18:43:04
748415,2012.PRES.BACHMANN,Michele Bachmann to be elected President in 2012,30,2.2,Jun/02/2011 18:43:04
748415,2012.PRES.BACHMANN,Michele Bachmann to be elected President in 2012,40,2.3,Jun/02/2011 18:43:04
748415,2012.PRES.BACHMANN,Michele Bachmann to be elected President in 2012,5,1.9,Jun/02/2011 18:43:04
748415,2012.PRES.BACHMANN,Michele Bachmann to be elected President in 2012,10,2.0,Jun/02/2011 18:43:04
748415,2012.PRES.BACHMANN,Michele Bachmann to be elected President in 2012,15,2.1,Jun/02/2011 18:43:04
748415,2012.PRES.BACHMANN,Michele Bachmann to be elected President in 2012,20,2.0,Jun/02/2011 18:43:04
748415,2012.PRES.BACHMANN,Michele Bachmann to be elected President in 2012,25,2.1,Jun/02/2011 18:43:04
748415,2012.PRES.BACHMANN,Michele Bachmann to be elected President in 2012,30,2.2,Jun/02/2011 18:43:04
748415,2012.PRES.BACHMANN,Michele Bachmann to be elected President in 2012,40,2.3,Jun/02/2011 18:43:04
748415,2012.PRES.BACHMANN,Michele Bachmann to be elected President in 2012,1,1.8,Jun/02/2011 18:43:04
748415,2012.PRES.BACHMANN,Michele Bachmann to be elected President in 2012,10,1.9,Jun/02/2011 18:43:04
748415,2012.PRES.BACHMANN,Michele Bachmann to be elected President in 2012,10,1.8,Jun/02/2011 18:43:04
748415,2012.PRES.BACHMANN,Michele Bachmann to be elected President in 2012,10,1.8,Jun/02/2011 18:43:04
748415,2012.PRES.BACHMANN,Michele Bachmann to be elected President in 2012,10,1.9,Jun/02/2011 18:43:04
748415,2012.PRES.BACHMANN,Michele Bachmann to be elected President in 2012,10,2.0,Jun/02/2011 18:43:04
748415,2012.PRES.BACHMANN,Michele Bachmann to be elected President in 2012,10,2.1,Jun/02/2011 18:43:04
748415,2012.PRES.BACHMANN,Michele Bachmann to be elected President in 2012,10,2.2,Jun/02/2011 18:43:04
748415,2012.PRES.BACHMANN,Michele Bachmann to be elected President in 2012,10,2.0,Jun/02/2011 18:43:04
748415,2012.PRES.BACHMANN,Michele Bachmann to be elected President in 2012,2,2.4,Jun/02/2011 18:43:04
748415,2012.PRES.BACHMANN,Michele Bachmann to be elected President in 2012,72,2.5,Jun/02/2011 18:43:04
748415,2012.PRES.BACHMANN,Michele Bachmann to be elected President in 2012,50,2.4,Jun/02/2011 18:43:04
748415,2012.PRES.BACHMANN,Michele Bachmann to be elected President in 2012,50,2.4,Jun/02/2011 18:43:04
748415,2012.PRES.BACHMANN,Michele Bachmann to be elected President in 2012,28,2.5,Jun/02/2011 18:44:22
748415,2012.PRES.BACHMANN,Michele Bachmann to be elected President in 2012,60,2.5,Jun/02/2011 18:44:22
748415,2012.PRES.BACHMANN,Michele Bachmann to be elected President in 2012,1,1.7,Jun/02/2011 22:31:13
748415,2012.PRES.BACHMANN,Michele Bachmann to be elected President in 2012,2,1.7,Jun/02/2011 22:31:13
748415,2012.PRES.BACHMANN,Michele Bachmann to be elected President in 2012,4,1.7,Jun/02/2011 22:31:13
748415,2012.PRES.BACHMANN,Michele Bachmann to be elected President in 2012,12,1.8,Jun/03/2011 01:01:04
748415,2012.PRES.BACHMANN,Michele Bachmann to be elected President in 2012,4,1.7,Jun/03/2011 18:29:48
748415,2012.PRES.BACHMANN,Michele Bachmann to be elected President in 2012,16,1.6,Jun/04/2011 06:52:05
748415,2012.PRES.BACHMANN,Michele Bachmann to be elected President in 2012,6,1.6,Jun/04/2011 12:54:58
748415,2012.PRES.BACHMANN,Michele Bachmann to be elected President in 2012,4,1.7,Jun/04/2011 12:55:13
748415,2012.PRES.BACHMANN,Michele Bachmann to be elected President in 2012,39,1.6,Jun/04/2011 20:07:14
748415,2012.PRES.BACHMANN,Michele Bachmann to be elected President in 2012,5,1.6,Jun/05/2011 13:54:31
748415,2012.PRES.BACHMANN,Michele Bachmann to be elected President in 2012,39,1.7,Jun/06/2011 11:23:52
748415,2012.PRES.BACHMANN,Michele Bachmann to be elected President in 2012,10,1.7,Jun/06/2011 11:23:52
748415,2012.PRES.BACHMANN,Michele Bachmann to be elected President in 2012,38,1.8,Jun/06/2011 20:11:31
748415,2012.PRES.BACHMANN,Michele Bachmann to be elected President in 2012,15,1.8,Jun/06/2011 20:11:31
748415,2012.PRES.BACHMANN,Michele Bachmann to be elected President in 2012,16,1.8,Jun/06/2011 22:21:40
748415,2012.PRES.BACHMANN,Michele Bachmann to be elected President in 2012,14,1.8,Jun/06/2011 22:27:40
748415,2012.PRES.BACHMANN,Michele Bachmann to be elected President in 2012,16,1.8,Jun/06/2011 22:32:08
748415,2012.PRES.BACHMANN,Michele Bachmann to be elected President in 2012,1,1.8,Jun/06/2011 22:36:19
748415,2012.PRES.BACHMANN,Michele Bachmann to be elected President in 2012,12,1.9,Jun/07/2011 09:44:27
748415,2012.PRES.BACHMANN,Michele Bachmann to be elected President in 2012,5,1.9,Jun/07/2011 09:44:27
748415,2012.PRES.BACHMANN,Michele Bachmann to be elected President in 2012,20,1.9,Jun/07/2011 09:44:27
748415,2012.PRES.BACHMANN,Michele Bachmann to be elected President in 2012,3,1.8,Jun/07/2011 09:44:27
748415,2012.PRES.BACHMANN,Michele Bachmann to be elected President in 2012,2,1.7,Jun/07/2011 09:44:27
748415,2012.PRES.BACHMANN,Michele Bachmann to be elected President in 2012,3,1.8,Jun/07/2011 09:44:27
748415,2012.PRES.BACHMANN,Michele Bachmann to be elected President in 2012,3,1.9,Jun/07/2011 09:44:27
748415,2012.PRES.BACHMANN,Michele Bachmann to be elected President in 2012,30,1.9,Jun/08/2011 03:02:39
748415,2012.PRES.BACHMANN,Michele Bachmann to be elected President in 2012,20,1.9,Jun/08/2011 03:03:38
748415,2012.PRES.BACHMANN,Michele Bachmann to be elected President in 2012,2,1.9,Jun/08/2011 04:24:10
748415,2012.PRES.BACHMANN,Michele Bachmann to be elected President in 2012,5,1.6,Jun/08/2011 14:33:16
748415,2012.PRES.BACHMANN,Michele Bachmann to be elected President in 2012,1,2.0,Jun/09/2011 04:04:47
748415,2012.PRES.BACHMANN,Michele Bachmann to be elected President in 2012,12,2.0,Jun/09/2011 04:04:47
748415,2012.PRES.BACHMANN,Michele Bachmann to be elected President in 2012,22,1.9,Jun/09/2011 04:04:47
748415,2012.PRES.BACHMANN,Michele Bachmann to be elected President in 2012,5,1.8,Jun/09/2011 04:04:47
748415,2012.PRES.BACHMANN,Michele Bachmann to be elected President in 2012,10,1.9,Jun/09/2011 04:04:47
748415,2012.PRES.BACHMANN,Michele Bachmann to be elected President in 2012,6,1.6,Jun/09/2011 18:39:25
748415,2012.PRES.BACHMANN,Michele Bachmann to be elected President in 2012,9,1.7,Jun/09/2011 19:35:55
748415,2012.PRES.BACHMANN,Michele Bachmann to be elected President in 2012,5,1.6,Jun/09/2011 21:47:38
748415,2012.PRES.BACHMANN,Michele Bachmann to be elected President in 2012,10,1.6,Jun/09/2011 21:47:38
748415,2012.PRES.BACHMANN,Michele Bachmann to be elected President in 2012,49,1.5,Jun/10/2011 15:30:07
748415,2012.PRES.BACHMANN,Michele Bachmann to be elected President in 2012,1,1.7,Jun/10/2011 15:42:46
748415,2012.PRES.BACHMANN,Michele Bachmann to be elected President in 2012,165,1.5,Jun/10/2011 15:54:11
748415,2012.PRES.BACHMANN,Michele Bachmann to be elected President in 2012,200,1.5,Jun/11/2011 22:08:29
748415,2012.PRES.BACHMANN,Michele Bachmann to be elected President in 2012,13,1.6,Jun/12/2011 20:58:05
748415,2012.PRES.BACHMANN,Michele Bachmann to be elected President in 2012,10,1.6,Jun/12/2011 20:58:05
748415,2012.PRES.BACHMANN,Michele Bachmann to be elected President in 2012,10,1.6,Jun/12/2011 20:58:05
748415,2012.PRES.BACHMANN,Michele Bachmann to be elected President in 2012,5,1.6,Jun/12/2011 20:58:05
748415,2012.PRES.BACHMANN,Michele Bachmann to be elected President in 2012,20,1.6,Jun/12/2011 21:40:31
748415,2012.PRES.BACHMANN,Michele Bachmann to be elected President in 2012,1,1.5,Jun/12/2011 22:18:26
748415,2012.PRES.BACHMANN,Michele Bachmann to be elected President in 2012,25,1.5,Jun/13/2011 03:48:06
748415,2012.PRES.BACHMANN,Michele Bachmann to be elected President in 2012,10,1.6,Jun/13/2011 05:25:59
748415,2012.PRES.BACHMANN,Michele Bachmann to be elected President in 2012,5,1.6,Jun/13/2011 21:22:59
748415,2012.PRES.BACHMANN,Michele Bachmann to be elected President in 2012,10,1.7,Jun/14/2011 00:31:23
748415,2012.PRES.BACHMANN,Michele Bachmann to be elected President in 2012,20,1.7,Jun/14/2011 00:31:23
748415,2012.PRES.BACHMANN,Michele Bachmann to be elected President in 2012,10,1.7,Jun/14/2011 00:31:23
748415,2012.PRES.BACHMANN,Michele Bachmann to be elected President in 2012,10,1.7,Jun/14/2011 00:31:23
748415,2012.PRES.BACHMANN,Michele Bachmann to be elected President in 2012,10,1.8,Jun/14/2011 00:31:33
748415,2012.PRES.BACHMANN,Michele Bachmann to be elected President in 2012,30,1.8,Jun/14/2011 00:31:33
748415,2012.PRES.BACHMANN,Michele Bachmann to be elected President in 2012,10,1.8,Jun/14/2011 00:31:33
748415,2012.PRES.BACHMANN,Michele Bachmann to be elected President in 2012,5,1.8,Jun/14/2011 00:31:33
748415,2012.PRES.BACHMANN,Michele Bachmann to be elected President in 2012,1,1.5,Jun/14/2011 00:32:04
748415,2012.PRES.BACHMANN,Michele Bachmann to be elected President in 2012,1,1.5,Jun/14/2011 00:32:08
748415,2012.PRES.BACHMANN,Michele Bachmann to be elected President in 2012,1,1.5,Jun/14/2011 00:33:07
748415,2012.PRES.BACHMANN,Michele Bachmann to be elected President in 2012,1,1.5,Jun/14/2011 00:33:38
748415,2012.PRES.BACHMANN,Michele Bachmann to be elected President in 2012,1,1.5,Jun/14/2011 00:33:56
748415,2012.PRES.BACHMANN,Michele Bachmann to be elected President in 2012,10,1.7,Jun/14/2011 02:09:13
748415,2012.PRES.BACHMANN,Michele Bachmann to be elected President in 2012,10,1.8,Jun/14/2011 02:11:13
748415,2012.PRES.BACHMANN,Michele Bachmann to be elected President in 2012,7,1.8,Jun/14/2011 02:11:13
748415,2012.PRES.BACHMANN,Michele Bachmann to be elected President in 2012,3,1.8,Jun/14/2011 02:20:54
748415,2012.PRES.BACHMANN,Michele Bachmann to be elected President in 2012,1,1.9,Jun/14/2011 03:13:03
748415,2012.PRES.BACHMANN,Michele Bachmann to be elected President in 2012,10,1.9,Jun/14/2011 12:32:54
748415,2012.PRES.BACHMANN,Michele Bachmann to be elected President in 2012,1,1.9,Jun/14/2011 20:39:52
748415,2012.PRES.BACHMANN,Michele Bachmann to be elected President in 2012,5,1.7,Jun/14/2011 21:41:25
748415,2012.PRES.BACHMANN,Michele Bachmann to be elected President in 2012,6,1.8,Jun/14/2011 21:41:25
748415,2012.PRES.BACHMANN,Michele Bachmann to be elected President in 2012,9,1.9,Jun/15/2011 00:21:54
748415,2012.PRES.BACHMANN,Michele Bachmann to be elected President in 2012,7,1.9,Jun/15/2011 00:21:54
748415,2012.PRES.BACHMANN,Michele Bachmann to be elected President in 2012,10,1.9,Jun/15/2011 00:21:54
748415,2012.PRES.BACHMANN,Michele Bachmann to be elected President in 2012,11,1.9,Jun/15/2011 00:21:54
748415,2012.PRES.BACHMANN,Michele Bachmann to be elected President in 2012,88,2.0,Jun/15/2011 12:14:37
748415,2012.PRES.BACHMANN,Michele Bachmann to be elected President in 2012,8,2.0,Jun/15/2011 12:14:37
748415,2012.PRES.BACHMANN,Michele Bachmann to be elected President in 2012,4,2.0,Jun/15/2011 12:14:37
748415,2012.PRES.BACHMANN,Michele Bachmann to be elected President in 2012,6,2.0,Jun/15/2011 13:54:15
748415,2012.PRES.BACHMANN,Michele Bachmann to be elected President in 2012,2,2.0,Jun/15/2011 13:54:15
748415,2012.PRES.BACHMANN,Michele Bachmann to be elected President in 2012,2,2.0,Jun/15/2011 14:32:35
748415,2012.PRES.BACHMANN,Michele Bachmann to be elected President in 2012,28,2.0,Jun/15/2011 14:49:33
748415,2012.PRES.BACHMANN,Michele Bachmann to be elected President in 2012,2,2.0,Jun/15/2011 18:40:22
748415,2012.PRES.BACHMANN,Michele Bachmann to be elected President in 2012,8,2.0,Jun/15/2011 21:26:09
748415,2012.PRES.BACHMANN,Michele Bachmann to be elected President in 2012,10,2.2,Jun/16/2011 00:10:06
748415,2012.PRES.BACHMANN,Michele Bachmann to be elected President in 2012,9,2.1,Jun/16/2011 00:10:06
748415,2012.PRES.BACHMANN,Michele Bachmann to be elected President in 2012,11,2.2,Jun/16/2011 00:10:06
748415,2012.PRES.BACHMANN,Michele Bachmann to be elected President in 2012,10,2.1,Jun/16/2011 00:10:06
748415,2012.PRES.BACHMANN,Michele Bachmann to be elected President in 2012,2,2.1,Jun/16/2011 00:10:06
748415,2012.PRES.BACHMANN,Michele Bachmann to be elected President in 2012,2,2.2,Jun/16/2011 00:10:06
748415,2012.PRES.BACHMANN,Michele Bachmann to be elected President in 2012,8,2.1,Jun/16/2011 00:10:06
748415,2012.PRES.BACHMANN,Michele Bachmann to be elected President in 2012,10,2.3,Jun/16/2011 00:11:33
748415,2012.PRES.BACHMANN,Michele Bachmann to be elected President in 2012,10,2.3,Jun/16/2011 00:11:33
748415,2012.PRES.BACHMANN,Michele Bachmann to be elected President in 2012,10,2.4,Jun/16/2011 00:11:33
748415,2012.PRES.BACHMANN,Michele Bachmann to be elected President in 2012,13,2.3,Jun/16/2011 00:11:33
748415,2012.PRES.BACHMANN,Michele Bachmann to be elected President in 2012,15,2.4,Jun/16/2011 00:11:33
748415,2012.PRES.BACHMANN,Michele Bachmann to be elected President in 2012,2,2.3,Jun/16/2011 00:11:33
748415,2012.PRES.BACHMANN,Michele Bachmann to be elected President in 2012,5,2.4,Jun/16/2011 00:11:33
748415,2012.PRES.BACHMANN,Michele Bachmann to be elected President in 2012,10,2.4,Jun/16/2011 13:54:50
748415,2012.PRES.BACHMANN,Michele Bachmann to be elected President in 2012,10,2.3,Jun/16/2011 17:30:12
748415,2012.PRES.BACHMANN,Michele Bachmann to be elected President in 2012,10,2.4,Jun/16/2011 17:30:25
748415,2012.PRES.BACHMANN,Michele Bachmann to be elected President in 2012,6,2.5,Jun/16/2011 17:31:20
748415,2012.PRES.BACHMANN,Michele Bachmann to be elected President in 2012,14,2.5,Jun/16/2011 17:31:47
748415,2012.PRES.BACHMANN,Michele Bachmann to be elected President in 2012,5,2.5,Jun/16/2011 17:32:03
748415,2012.PRES.BACHMANN,Michele Bachmann to be elected President in 2012,25,2.5,Jun/16/2011 17:32:47
748415,2012.PRES.BACHMANN,Michele Bachmann to be elected President in 2012,5,2.5,Jun/16/2011 19:05:12
748415,2012.PRES.BACHMANN,Michele Bachmann to be elected President in 2012,10,2.4,Jun/16/2011 22:25:20
748415,2012.PRES.BACHMANN,Michele Bachmann to be elected President in 2012,10,2.4,Jun/16/2011 22:25:20
748415,2012.PRES.BACHMANN,Michele Bachmann to be elected President in 2012,45,2.5,Jun/17/2011 00:25:35
748415,2012.PRES.BACHMANN,Michele Bachmann to be elected President in 2012,10,2.5,Jun/17/2011 00:25:35
748415,2012.PRES.BACHMANN,Michele Bachmann to be elected President in 2012,17,2.5,Jun/17/2011 00:25:35
748415,2012.PRES.BACHMANN,Michele Bachmann to be elected President in 2012,2,2.4,Jun/18/2011 18:13:54
748415,2012.PRES.BACHMANN,Michele Bachmann to be elected President in 2012,20,2.4,Jun/18/2011 18:29:49
748415,2012.PRES.BACHMANN,Michele Bachmann to be elected President in 2012,2,2.5,Jun/18/2011 18:47:06
748415,2012.PRES.BACHMANN,Michele Bachmann to be elected President in 2012,78,2.4,Jun/19/2011 03:12:27
748415,2012.PRES.BACHMANN,Michele Bachmann to be elected President in 2012,10,2.3,Jun/21/2011 03:43:04
748415,2012.PRES.BACHMANN,Michele Bachmann to be elected President in 2012,10,2.2,Jun/21/2011 04:44:35
748415,2012.PRES.BACHMANN,Michele Bachmann to be elected President in 2012,20,2.1,Jun/21/2011 04:44:52
748415,2012.PRES.BACHMANN,Michele Bachmann to be elected President in 2012,1,2.2,Jun/22/2011 04:43:02
748415,2012.PRES.BACHMANN,Michele Bachmann to be elected President in 2012,2,2.3,Jun/22/2011 04:43:19
748415,2012.PRES.BACHMANN,Michele Bachmann to be elected President in 2012,10,2.4,Jun/22/2011 14:23:27
748415,2012.PRES.BACHMANN,Michele Bachmann to be elected President in 2012,10,2.4,Jun/22/2011 14:23:27
748415,2012.PRES.BACHMANN,Michele Bachmann to be elected President in 2012,10,2.4,Jun/22/2011 14:23:27
748415,2012.PRES.BACHMANN,Michele Bachmann to be elected President in 2012,10,2.6,Jun/22/2011 19:35:20
748415,2012.PRES.BACHMANN,Michele Bachmann to be elected President in 2012,8,2.5,Jun/22/2011 19:35:20
748415,2012.PRES.BACHMANN,Michele Bachmann to be elected President in 2012,20,2.5,Jun/22/2011 19:35:20
748415,2012.PRES.BACHMANN,Michele Bachmann to be elected President in 2012,10,2.5,Jun/22/2011 19:35:20
748415,2012.PRES.BACHMANN,Michele Bachmann to be elected President in 2012,10,2.7,Jun/23/2011 05:13:32
748415,2012.PRES.BACHMANN,Michele Bachmann to be elected President in 2012,10,2.6,Jun/23/2011 05:13:32
748415,2012.PRES.BACHMANN,Michele Bachmann to be elected President in 2012,3,2.7,Jun/23/2011 05:13:32
748415,2012.PRES.BACHMANN,Michele Bachmann to be elected President in 2012,2,2.6,Jun/23/2011 05:13:32
748415,2012.PRES.BACHMANN,Michele Bachmann to be elected President in 2012,10,2.7,Jun/23/2011 15:24:30
748415,2012.PRES.BACHMANN,Michele Bachmann to be elected President in 2012,6,2.7,Jun/23/2011 21:41:46
748415,2012.PRES.BACHMANN,Michele Bachmann to be elected President in 2012,40,2.7,Jun/24/2011 04:38:51
748415,2012.PRES.BACHMANN,Michele Bachmann to be elected President in 2012,1,2.8,Jun/24/2011 06:50:10
748415,2012.PRES.BACHMANN,Michele Bachmann to be elected President in 2012,1,2.8,Jun/24/2011 06:50:37
748415,2012.PRES.BACHMANN,Michele Bachmann to be elected President in 2012,5,2.8,Jun/24/2011 06:54:44
748415,2012.PRES.BACHMANN,Michele Bachmann to be elected President in 2012,3,2.8,Jun/24/2011 06:55:22
748415,2012.PRES.BACHMANN,Michele Bachmann to be elected President in 2012,7,2.8,Jun/24/2011 06:55:22
748415,2012.PRES.BACHMANN,Michele Bachmann to be elected President in 2012,1,2.8,Jun/24/2011 19:01:43
748415,2012.PRES.BACHMANN,Michele Bachmann to be elected President in 2012,1,2.8,Jun/24/2011 19:04:03
748415,2012.PRES.BACHMANN,Michele Bachmann to be elected President in 2012,1,2.8,Jun/25/2011 00:09:42
748415,2012.PRES.BACHMANN,Michele Bachmann to be elected President in 2012,1,2.7,Jun/25/2011 12:11:28
748415,2012.PRES.BACHMANN,Michele Bachmann to be elected President in 2012,20,2.7,Jun/25/2011 13:28:46
748415,2012.PRES.BACHMANN,Michele Bachmann to be elected President in 2012,5,2.8,Jun/25/2011 16:41:34
748415,2012.PRES.BACHMANN,Michele Bachmann to be elected President in 2012,5,2.8,Jun/25/2011 16:41:34
748415,2012.PRES.BACHMANN,Michele Bachmann to be elected President in 2012,10,2.9,Jun/26/2011 01:21:52
748415,2012.PRES.BACHMANN,Michele Bachmann to be elected President in 2012,10,2.9,Jun/26/2011 01:21:52
748415,2012.PRES.BACHMANN,Michele Bachmann to be elected President in 2012,10,2.9,Jun/26/2011 01:21:52
748415,2012.PRES.BACHMANN,Michele Bachmann to be elected President in 2012,10,2.9,Jun/26/2011 01:21:52
748415,2012.PRES.BACHMANN,Michele Bachmann to be elected President in 2012,20,2.9,Jun/26/2011 01:21:52
748415,2012.PRES.BACHMANN,Michele Bachmann to be elected President in 2012,10,2.9,Jun/26/2011 01:21:52
748415,2012.PRES.BACHMANN,Michele Bachmann to be elected President in 2012,5,2.9,Jun/26/2011 01:21:52
748415,2012.PRES.BACHMANN,Michele Bachmann to be elected President in 2012,100,3.0,Jun/26/2011 01:21:52
748415,2012.PRES.BACHMANN,Michele Bachmann to be elected President in 2012,100,3.0,Jun/26/2011 01:21:52
748415,2012.PRES.BACHMANN,Michele Bachmann to be elected President in 2012,10,3.0,Jun/26/2011 01:21:52
748415,2012.PRES.BACHMANN,Michele Bachmann to be elected President in 2012,15,3.0,Jun/26/2011 01:21:52
748415,2012.PRES.BACHMANN,Michele Bachmann to be elected President in 2012,10,3.0,Jun/26/2011 01:21:52
748415,2012.PRES.BACHMANN,Michele Bachmann to be elected President in 2012,20,3.1,Jun/26/2011 07:13:14
748415,2012.PRES.BACHMANN,Michele Bachmann to be elected President in 2012,5,3.1,Jun/26/2011 07:13:14
748415,2012.PRES.BACHMANN,Michele Bachmann to be elected President in 2012,10,3.2,Jun/26/2011 10:37:09
748415,2012.PRES.BACHMANN,Michele Bachmann to be elected President in 2012,15,3.2,Jun/26/2011 10:42:34
748415,2012.PRES.BACHMANN,Michele Bachmann to be elected President in 2012,5,3.2,Jun/26/2011 10:42:34
748415,2012.PRES.BACHMANN,Michele Bachmann to be elected President in 2012,30,3.3,Jun/26/2011 13:51:24
748415,2012.PRES.BACHMANN,Michele Bachmann to be elected President in 2012,40,3.4,Jun/26/2011 13:51:45
748415,2012.PRES.BACHMANN,Michele Bachmann to be elected President in 2012,5,3.4,Jun/26/2011 13:51:45
748415,2012.PRES.BACHMANN,Michele Bachmann to be elected President in 2012,45,3.5,Jun/26/2011 13:52:26
748415,2012.PRES.BACHMANN,Michele Bachmann to be elected President in 2012,10,3.5,Jun/26/2011 13:52:26
748415,2012.PRES.BACHMANN,Michele Bachmann to be elected President in 2012,1,3.3,Jun/26/2011 20:38:57
748415,2012.PRES.BACHMANN,Michele Bachmann to be elected President in 2012,2,3.4,Jun/26/2011 20:38:57
748415,2012.PRES.BACHMANN,Michele Bachmann to be elected President in 2012,1,3.4,Jun/26/2011 20:38:57
748415,2012.PRES.BACHMANN,Michele Bachmann to be elected President in 2012,5,3.5,Jun/26/2011 21:14:54
748415,2012.PRES.BACHMANN,Michele Bachmann to be elected President in 2012,10,3.5,Jun/26/2011 21:14:54
748415,2012.PRES.BACHMANN,Michele Bachmann to be elected President in 2012,3,3.5,Jun/26/2011 21:14:54
748415,2012.PRES.BACHMANN,Michele Bachmann to be elected President in 2012,4,3.6,Jun/26/2011 23:44:52
748415,2012.PRES.BACHMANN,Michele Bachmann to be elected President in 2012,5,3.7,Jun/26/2011 23:56:14
748415,2012.PRES.BACHMANN,Michele Bachmann to be elected President in 2012,5,3.7,Jun/26/2011 23:56:14
748415,2012.PRES.BACHMANN,Michele Bachmann to be elected President in 2012,10,3.8,Jun/27/2011 00:25:47
748415,2012.PRES.BACHMANN,Michele Bachmann to be elected President in 2012,10,3.9,Jun/27/2011 01:40:26
748415,2012.PRES.BACHMANN,Michele Bachmann to be elected President in 2012,6,3.9,Jun/27/2011 01:40:26
748415,2012.PRES.BACHMANN,Michele Bachmann to be elected President in 2012,5,3.9,Jun/27/2011 02:36:49
748415,2012.PRES.BACHMANN,Michele Bachmann to be elected President in 2012,7,4.0,Jun/27/2011 04:41:20
748415,2012.PRES.BACHMANN,Michele Bachmann to be elected President in 2012,10,4.0,Jun/27/2011 04:41:20
748415,2012.PRES.BACHMANN,Michele Bachmann to be elected President in 2012,10,4.0,Jun/27/2011 04:41:20
748415,2012.PRES.BACHMANN,Michele Bachmann to be elected President in 2012,5,4.0,Jun/27/2011 12:06:07
748415,2012.PRES.BACHMANN,Michele Bachmann to be elected President in 2012,8,4.1,Jun/27/2011 12:06:12
748415,2012.PRES.BACHMANN,Michele Bachmann to be elected President in 2012,9,4.2,Jun/27/2011 12:06:15
748415,2012.PRES.BACHMANN,Michele Bachmann to be elected President in 2012,9,4.3,Jun/27/2011 12:06:18
748415,2012.PRES.BACHMANN,Michele Bachmann to be elected President in 2012,9,4.4,Jun/27/2011 12:06:23
748415,2012.PRES.BACHMANN,Michele Bachmann to be elected President in 2012,10,4.4,Jun/27/2011 12:06:23
748415,2012.PRES.BACHMANN,Michele Bachmann to be elected President in 2012,9,4.5,Jun/27/2011 12:06:28
748415,2012.PRES.BACHMANN,Michele Bachmann to be elected President in 2012,1,4.7,Jun/27/2011 12:06:35
748415,2012.PRES.BACHMANN,Michele Bachmann to be elected President in 2012,3,4.5,Jun/27/2011 12:36:00
748415,2012.PRES.BACHMANN,Michele Bachmann to be elected President in 2012,3,4.1,Jun/27/2011 14:35:25
748415,2012.PRES.BACHMANN,Michele Bachmann to be elected President in 2012,50,3.9,Jun/27/2011 15:46:33
748415,2012.PRES.BACHMANN,Michele Bachmann to be elected President in 2012,50,3.8,Jun/27/2011 15:47:00
748415,2012.PRES.BACHMANN,Michele Bachmann to be elected President in 2012,5,3.7,Jun/27/2011 15:47:17
748415,2012.PRES.BACHMANN,Michele Bachmann to be elected President in 2012,5,3.7,Jun/27/2011 15:47:17
748415,2012.PRES.BACHMANN,Michele Bachmann to be elected President in 2012,3,3.7,Jun/27/2011 15:47:17
748415,2012.PRES.BACHMANN,Michele Bachmann to be elected President in 2012,37,3.7,Jun/27/2011 15:47:17
748415,2012.PRES.BACHMANN,Michele Bachmann to be elected President in 2012,1,3.8,Jun/27/2011 18:09:18
748415,2012.PRES.BACHMANN,Michele Bachmann to be elected President in 2012,4,3.8,Jun/27/2011 18:11:07
748415,2012.PRES.BACHMANN,Michele Bachmann to be elected President in 2012,4,3.9,Jun/27/2011 18:23:16
748415,2012.PRES.BACHMANN,Michele Bachmann to be elected President in 2012,15,4.0,Jun/27/2011 21:01:00
748415,2012.PRES.BACHMANN,Michele Bachmann to be elected President in 2012,15,4.1,Jun/28/2011 01:00:35
748415,2012.PRES.BACHMANN,Michele Bachmann to be elected President in 2012,5,4.1,Jun/28/2011 01:00:35
748415,2012.PRES.BACHMANN,Michele Bachmann to be elected President in 2012,1,4.2,Jun/28/2011 01:55:47
748415,2012.PRES.BACHMANN,Michele Bachmann to be elected President in 2012,5,4.0,Jun/28/2011 15:09:24
748415,2012.PRES.BACHMANN,Michele Bachmann to be elected President in 2012,7,4.2,Jun/28/2011 17:59:17
748415,2012.PRES.BACHMANN,Michele Bachmann to be elected President in 2012,10,4.3,Jun/28/2011 23:12:58
748415,2012.PRES.BACHMANN,Michele Bachmann to be elected President in 2012,3,4.3,Jun/28/2011 23:12:58
748415,2012.PRES.BACHMANN,Michele Bachmann to be elected President in 2012,5,4.3,Jun/28/2011 23:12:58
748415,2012.PRES.BACHMANN,Michele Bachmann to be elected President in 2012,2,4.3,Jun/28/2011 23:12:58
748415,2012.PRES.BACHMANN,Michele Bachmann to be elected President in 2012,58,4.0,Jun/29/2011 01:04:00
748415,2012.PRES.BACHMANN,Michele Bachmann to be elected President in 2012,1,3.9,Jun/29/2011 01:58:59
748415,2012.PRES.BACHMANN,Michele Bachmann to be elected President in 2012,4,3.7,Jun/29/2011 01:58:59
748415,2012.PRES.BACHMANN,Michele Bachmann to be elected President in 2012,4,4.0,Jun/29/2011 07:52:31
748415,2012.PRES.BACHMANN,Michele Bachmann to be elected President in 2012,1,3.9,Jun/29/2011 07:52:31
748415,2012.PRES.BACHMANN,Michele Bachmann to be elected President in 2012,5,4.0,Jun/29/2011 21:47:27
748415,2012.PRES.BACHMANN,Michele Bachmann to be elected President in 2012,42,3.9,Jun/29/2011 21:56:11
748415,2012.PRES.BACHMANN,Michele Bachmann to be elected President in 2012,8,4.3,Jun/30/2011 04:59:23
748415,2012.PRES.BACHMANN,Michele Bachmann to be elected President in 2012,10,4.3,Jun/30/2011 04:59:23
748415,2012.PRES.BACHMANN,Michele Bachmann to be elected President in 2012,5,4.2,Jun/30/2011 04:59:23
748415,2012.PRES.BACHMANN,Michele Bachmann to be elected President in 2012,5,4.3,Jun/30/2011 04:59:23
748415,2012.PRES.BACHMANN,Michele Bachmann to be elected President in 2012,94,4.0,Jun/30/2011 07:00:41
748415,2012.PRES.BACHMANN,Michele Bachmann to be elected President in 2012,2,4.1,Jun/30/2011 07:00:41
748415,2012.PRES.BACHMANN,Michele Bachmann to be elected President in 2012,100,4.1,Jun/30/2011 07:00:41
748415,2012.PRES.BACHMANN,Michele Bachmann to be elected President in 2012,4,4.2,Jun/30/2011 07:00:41
748415,2012.PRES.BACHMANN,Michele Bachmann to be elected President in 2012,180,4.9,Jun/30/2011 08:51:49
748415,2012.PRES.BACHMANN,Michele Bachmann to be elected President in 2012,49,4.7,Jun/30/2011 08:51:49
748415,2012.PRES.BACHMANN,Michele Bachmann to be elected President in 2012,1,4.7,Jun/30/2011 08:51:49
748415,2012.PRES.BACHMANN,Michele Bachmann to be elected President in 2012,50,4.6,Jun/30/2011 08:51:49
748415,2012.PRES.BACHMANN,Michele Bachmann to be elected President in 2012,10,4.8,Jun/30/2011 08:51:49
748415,2012.PRES.BACHMANN,Michele Bachmann to be elected President in 2012,5,4.4,Jun/30/2011 08:51:49
748415,2012.PRES.BACHMANN,Michele Bachmann to be elected President in 2012,5,4.5,Jun/30/2011 08:51:49
748415,2012.PRES.BACHMANN,Michele Bachmann to be elected President in 2012,5,4.8,Jun/30/2011 13:45:26
748415,2012.PRES.BACHMANN,Michele Bachmann to be elected President in 2012,5,4.9,Jun/30/2011 13:46:07
748415,2012.PRES.BACHMANN,Michele Bachmann to be elected President in 2012,15,4.9,Jun/30/2011 15:53:17
748415,2012.PRES.BACHMANN,Michele Bachmann to be elected President in 2012,3,4.9,Jun/30/2011 15:53:17
748415,2012.PRES.BACHMANN,Michele Bachmann to be elected President in 2012,2,4.9,Jun/30/2011 15:53:59
748415,2012.PRES.BACHMANN,Michele Bachmann to be elected President in 2012,1,4.9,Jun/30/2011 15:54:23
748415,2012.PRES.BACHMANN,Michele Bachmann to be elected President in 2012,135,4.0,Jun/30/2011 18:20:48
748415,2012.PRES.BACHMANN,Michele Bachmann to be elected President in 2012,1,4.1,Jun/30/2011 18:20:48
748415,2012.PRES.BACHMANN,Michele Bachmann to be elected President in 2012,5,4.1,Jun/30/2011 18:20:48
748415,2012.PRES.BACHMANN,Michele Bachmann to be elected President in 2012,5,4.2,Jun/30/2011 18:20:48
748415,2012.PRES.BACHMANN,Michele Bachmann to be elected President in 2012,3,4.3,Jun/30/2011 18:20:48
748415,2012.PRES.BACHMANN,Michele Bachmann to be elected President in 2012,1,4.4,Jun/30/2011 18:20:48
748415,2012.PRES.BACHMANN,Michele Bachmann to be elected President in 2012,50,4.1,Jun/30/2011 18:20:48
748415,2012.PRES.BACHMANN,Michele Bachmann to be elected President in 2012,100,5.0,Jun/30/2011 19:17:02
748415,2012.PRES.BACHMANN,Michele Bachmann to be elected President in 2012,100,5.8,Jun/30/2011 19:17:02
748415,2012.PRES.BACHMANN,Michele Bachmann to be elected President in 2012,10,5.7,Jun/30/2011 19:17:02
748415,2012.PRES.BACHMANN,Michele Bachmann to be elected President in 2012,10,5.0,Jun/30/2011 19:17:02
748415,2012.PRES.BACHMANN,Michele Bachmann to be elected President in 2012,6,5.0,Jun/30/2011 19:17:02
748415,2012.PRES.BACHMANN,Michele Bachmann to be elected President in 2012,7,5.1,Jun/30/2011 19:17:02
748415,2012.PRES.BACHMANN,Michele Bachmann to be elected President in 2012,8,5.2,Jun/30/2011 19:17:02
748415,2012.PRES.BACHMANN,Michele Bachmann to be elected President in 2012,10,5.5,Jun/30/2011 19:17:02
748415,2012.PRES.BACHMANN,Michele Bachmann to be elected President in 2012,19,4.9,Jun/30/2011 19:17:02
748415,2012.PRES.BACHMANN,Michele Bachmann to be elected President in 2012,100,6.0,Jun/30/2011 19:17:02
748415,2012.PRES.BACHMANN,Michele Bachmann to be elected President in 2012,100,6.0,Jun/30/2011 19:17:02
748415,2012.PRES.BACHMANN,Michele Bachmann to be elected President in 2012,21,6.0,Jun/30/2011 19:17:02
748415,2012.PRES.BACHMANN,Michele Bachmann to be elected President in 2012,9,4.8,Jun/30/2011 19:17:02
748415,2012.PRES.BACHMANN,Michele Bachmann to be elected President in 2012,11,6.5,Jun/30/2011 19:17:45
748415,2012.PRES.BACHMANN,Michele Bachmann to be elected President in 2012,10,6.4,Jun/30/2011 19:17:45
748415,2012.PRES.BACHMANN,Michele Bachmann to be elected President in 2012,79,6.0,Jun/30/2011 19:17:45
748415,2012.PRES.BACHMANN,Michele Bachmann to be elected President in 2012,5,6.5,Jun/30/2011 19:18:54
748415,2012.PRES.BACHMANN,Michele Bachmann to be elected President in 2012,85,6.8,Jun/30/2011 19:18:54
748415,2012.PRES.BACHMANN,Michele Bachmann to be elected President in 2012,10,6.5,Jun/30/2011 19:18:54
748415,2012.PRES.BACHMANN,Michele Bachmann to be elected President in 2012,1,4.7,Jul/01/2011 01:42:08
748415,2012.PRES.BACHMANN,Michele Bachmann to be elected President in 2012,1,4.8,Jul/01/2011 01:42:08
748415,2012.PRES.BACHMANN,Michele Bachmann to be elected President in 2012,1,4.9,Jul/01/2011 01:42:08
748415,2012.PRES.BACHMANN,Michele Bachmann to be elected President in 2012,1,5.0,Jul/01/2011 01:42:08
748415,2012.PRES.BACHMANN,Michele Bachmann to be elected President in 2012,1,5.1,Jul/01/2011 01:42:08
748415,2012.PRES.BACHMANN,Michele Bachmann to be elected President in 2012,1,4.7,Jul/01/2011 01:44:13
748415,2012.PRES.BACHMANN,Michele Bachmann to be elected President in 2012,1,4.8,Jul/01/2011 01:44:13
748415,2012.PRES.BACHMANN,Michele Bachmann to be elected President in 2012,1,4.7,Jul/01/2011 01:44:53
748415,2012.PRES.BACHMANN,Michele Bachmann to be elected President in 2012,2,4.7,Jul/01/2011 02:02:10
748415,2012.PRES.BACHMANN,Michele Bachmann to be elected President in 2012,1,5.0,Jul/01/2011 03:23:01
748415,2012.PRES.BACHMANN,Michele Bachmann to be elected President in 2012,77,5.9,Jul/01/2011 03:36:12
748415,2012.PRES.BACHMANN,Michele Bachmann to be elected President in 2012,4,5.8,Jul/01/2011 03:36:12
748415,2012.PRES.BACHMANN,Michele Bachmann to be elected President in 2012,4,5.0,Jul/01/2011 03:36:12
748415,2012.PRES.BACHMANN,Michele Bachmann to be elected President in 2012,5,5.5,Jul/01/2011 03:36:12
748415,2012.PRES.BACHMANN,Michele Bachmann to be elected President in 2012,10,5.8,Jul/01/2011 03:36:12
748415,2012.PRES.BACHMANN,Michele Bachmann to be elected President in 2012,5,5.5,Jul/01/2011 12:05:10
748415,2012.PRES.BACHMANN,Michele Bachmann to be elected President in 2012,35,5.6,Jul/01/2011 12:05:35
748415,2012.PRES.BACHMANN,Michele Bachmann to be elected President in 2012,5,5.8,Jul/01/2011 12:06:41
748415,2012.PRES.BACHMANN,Michele Bachmann to be elected President in 2012,65,5.9,Jul/01/2011 12:07:32
748415,2012.PRES.BACHMANN,Michele Bachmann to be elected President in 2012,1,5.9,Jul/01/2011 12:12:27
748415,2012.PRES.BACHMANN,Michele Bachmann to be elected President in 2012,8,5.9,Jul/01/2011 12:13:48
748415,2012.PRES.BACHMANN,Michele Bachmann to be elected President in 2012,5,5.5,Jul/01/2011 14:45:14
748415,2012.PRES.BACHMANN,Michele Bachmann to be elected President in 2012,1,5.5,Jul/01/2011 14:45:14
748415,2012.PRES.BACHMANN,Michele Bachmann to be elected President in 2012,1,5.6,Jul/01/2011 14:45:14
748415,2012.PRES.BACHMANN,Michele Bachmann to be elected President in 2012,1,5.7,Jul/01/2011 14:45:14
748415,2012.PRES.BACHMANN,Michele Bachmann to be elected President in 2012,2,5.5,Jul/01/2011 14:48:10
748415,2012.PRES.BACHMANN,Michele Bachmann to be elected President in 2012,1,5.4,Jul/01/2011 17:17:47
748415,2012.PRES.BACHMANN,Michele Bachmann to be elected President in 2012,1,5.1,Jul/01/2011 17:18:24
748415,2012.PRES.BACHMANN,Michele Bachmann to be elected President in 2012,1,5.2,Jul/01/2011 17:18:24
748415,2012.PRES.BACHMANN,Michele Bachmann to be elected President in 2012,1,5.3,Jul/01/2011 17:18:24
748415,2012.PRES.BACHMANN,Michele Bachmann to be elected President in 2012,1,5.0,Jul/01/2011 17:18:38
748415,2012.PRES.BACHMANN,Michele Bachmann to be elected President in 2012,1,4.8,Jul/01/2011 17:18:50
748415,2012.PRES.BACHMANN,Michele Bachmann to be elected President in 2012,1,4.9,Jul/01/2011 17:18:50
748415,2012.PRES.BACHMANN,Michele Bachmann to be elected President in 2012,1,4.7,Jul/01/2011 17:19:00
748415,2012.PRES.BACHMANN,Michele Bachmann to be elected President in 2012,10,5.5,Jul/01/2011 17:53:08
748415,2012.PRES.BACHMANN,Michele Bachmann to be elected President in 2012,10,5.5,Jul/01/2011 17:53:08
748415,2012.PRES.BACHMANN,Michele Bachmann to be elected President in 2012,2,4.9,Jul/02/2011 11:11:50
748415,2012.PRES.BACHMANN,Michele Bachmann to be elected President in 2012,3,5.0,Jul/02/2011 12:08:15
748415,2012.PRES.BACHMANN,Michele Bachmann to be elected President in 2012,4,5.1,Jul/02/2011 12:08:46
748415,2012.PRES.BACHMANN,Michele Bachmann to be elected President in 2012,5,5.2,Jul/02/2011 12:09:10
748415,2012.PRES.BACHMANN,Michele Bachmann to be elected President in 2012,5,5.3,Jul/02/2011 12:09:31
748415,2012.PRES.BACHMANN,Michele Bachmann to be elected President in 2012,5,5.6,Jul/02/2011 12:10:22
748415,2012.PRES.BACHMANN,Michele Bachmann to be elected President in 2012,6,5.7,Jul/02/2011 12:10:45
748415,2012.PRES.BACHMANN,Michele Bachmann to be elected President in 2012,2,4.8,Jul/02/2011 15:52:51
748415,2012.PRES.BACHMANN,Michele Bachmann to be elected President in 2012,5,4.8,Jul/02/2011 15:53:32
748415,2012.PRES.BACHMANN,Michele Bachmann to be elected President in 2012,1,4.9,Jul/02/2011 19:00:00
748415,2012.PRES.BACHMANN,Michele Bachmann to be elected President in 2012,1,4.8,Jul/02/2011 20:01:27
748415,2012.PRES.BACHMANN,Michele Bachmann to be elected President in 2012,5,4.7,Jul/02/2011 20:01:50
748415,2012.PRES.BACHMANN,Michele Bachmann to be elected President in 2012,2,4.7,Jul/02/2011 20:01:50
748415,2012.PRES.BACHMANN,Michele Bachmann to be elected President in 2012,3,4.8,Jul/02/2011 20:01:50
748415,2012.PRES.BACHMANN,Michele Bachmann to be elected President in 2012,1,4.7,Jul/02/2011 20:01:57
748415,2012.PRES.BACHMANN,Michele Bachmann to be elected President in 2012,2,4.7,Jul/02/2011 20:02:08
748415,2012.PRES.BACHMANN,Michele Bachmann to be elected President in 2012,10,4.7,Jul/02/2011 20:02:26
748415,2012.PRES.BACHMANN,Michele Bachmann to be elected President in 2012,1,4.7,Jul/02/2011 20:02:33
748415,2012.PRES.BACHMANN,Michele Bachmann to be elected President in 2012,10,4.7,Jul/02/2011 20:02:49
748415,2012.PRES.BACHMANN,Michele Bachmann to be elected President in 2012,5,4.9,Jul/02/2011 21:15:41
748415,2012.PRES.BACHMANN,Michele Bachmann to be elected President in 2012,9,4.7,Jul/02/2011 21:38:17
748415,2012.PRES.BACHMANN,Michele Bachmann to be elected President in 2012,1,4.7,Jul/02/2011 22:12:02
748415,2012.PRES.BACHMANN,Michele Bachmann to be elected President in 2012,1,4.9,Jul/02/2011 22:47:52
748415,2012.PRES.BACHMANN,Michele Bachmann to be elected President in 2012,1,4.9,Jul/02/2011 22:47:52
748415,2012.PRES.BACHMANN,Michele Bachmann to be elected President in 2012,1,4.4,Jul/02/2011 23:22:25
748415,2012.PRES.BACHMANN,Michele Bachmann to be elected President in 2012,1,4.4,Jul/03/2011 00:10:25
748415,2012.PRES.BACHMANN,Michele Bachmann to be elected President in 2012,2,4.9,Jul/03/2011 01:14:14
748415,2012.PRES.BACHMANN,Michele Bachmann to be elected President in 2012,1,4.5,Jul/03/2011 02:53:40
748415,2012.PRES.BACHMANN,Michele Bachmann to be elected President in 2012,2,5.0,Jul/03/2011 03:48:08
748415,2012.PRES.BACHMANN,Michele Bachmann to be elected President in 2012,10,5.0,Jul/03/2011 03:48:08
748415,2012.PRES.BACHMANN,Michele Bachmann to be elected President in 2012,1,5.0,Jul/03/2011 03:48:08
748415,2012.PRES.BACHMANN,Michele Bachmann to be elected President in 2012,26,5.0,Jul/03/2011 03:48:08
748415,2012.PRES.BACHMANN,Michele Bachmann to be elected President in 2012,1,4.9,Jul/03/2011 03:48:08
748415,2012.PRES.BACHMANN,Michele Bachmann to be elected President in 2012,25,4.5,Jul/03/2011 13:14:13
748415,2012.PRES.BACHMANN,Michele Bachmann to be elected President in 2012,100,4.4,Jul/03/2011 13:16:21
748415,2012.PRES.BACHMANN,Michele Bachmann to be elected President in 2012,1,5.0,Jul/03/2011 16:15:10
748415,2012.PRES.BACHMANN,Michele Bachmann to be elected President in 2012,5,4.9,Jul/03/2011 16:15:10
748415,2012.PRES.BACHMANN,Michele Bachmann to be elected President in 2012,25,4.9,Jul/03/2011 16:15:10
748415,2012.PRES.BACHMANN,Michele Bachmann to be elected President in 2012,5,4.4,Jul/03/2011 18:25:42
748415,2012.PRES.BACHMANN,Michele Bachmann to be elected President in 2012,5,4.8,Jul/03/2011 20:10:33
748415,2012.PRES.BACHMANN,Michele Bachmann to be elected President in 2012,5,4.6,Jul/03/2011 20:28:24
748415,2012.PRES.BACHMANN,Michele Bachmann to be elected President in 2012,5,4.8,Jul/03/2011 20:30:47
748415,2012.PRES.BACHMANN,Michele Bachmann to be elected President in 2012,1,5.0,Jul/03/2011 20:55:31
748415,2012.PRES.BACHMANN,Michele Bachmann to be elected President in 2012,50,4.9,Jul/03/2011 20:55:31
748415,2012.PRES.BACHMANN,Michele Bachmann to be elected President in 2012,5,4.9,Jul/03/2011 20:55:31
748415,2012.PRES.BACHMANN,Michele Bachmann to be elected President in 2012,3,4.9,Jul/03/2011 20:55:31
748415,2012.PRES.BACHMANN,Michele Bachmann to be elected President in 2012,5,4.9,Jul/03/2011 20:55:31
748415,2012.PRES.BACHMANN,Michele Bachmann to be elected President in 2012,1,5.1,Jul/03/2011 20:56:03
748415,2012.PRES.BACHMANN,Michele Bachmann to be elected President in 2012,14,5.0,Jul/03/2011 20:56:03
748415,2012.PRES.BACHMANN,Michele Bachmann to be elected President in 2012,100,5.0,Jul/03/2011 20:56:03
748415,2012.PRES.BACHMANN,Michele Bachmann to be elected President in 2012,10,5.0,Jul/03/2011 21:50:15
748415,2012.PRES.BACHMANN,Michele Bachmann to be elected President in 2012,5,5.0,Jul/03/2011 22:09:06
748415,2012.PRES.BACHMANN,Michele Bachmann to be elected President in 2012,69,5.1,Jul/03/2011 22:10:29
748415,2012.PRES.BACHMANN,Michele Bachmann to be elected President in 2012,3,5.1,Jul/03/2011 22:10:29
748415,2012.PRES.BACHMANN,Michele Bachmann to be elected President in 2012,100,5.2,Jul/03/2011 22:18:51
748415,2012.PRES.BACHMANN,Michele Bachmann to be elected President in 2012,10,5.5,Jul/03/2011 22:19:25
748415,2012.PRES.BACHMANN,Michele Bachmann to be elected President in 2012,10,5.6,Jul/03/2011 22:19:25
748415,2012.PRES.BACHMANN,Michele Bachmann to be elected President in 2012,2,5.2,Jul/03/2011 22:19:25
748415,2012.PRES.BACHMANN,Michele Bachmann to be elected President in 2012,68,5.6,Jul/03/2011 22:19:25
748415,2012.PRES.BACHMANN,Michele Bachmann to be elected President in 2012,10,5.4,Jul/03/2011 22:19:25
748415,2012.PRES.BACHMANN,Michele Bachmann to be elected President in 2012,49,5.9,Jul/03/2011 22:20:17
748415,2012.PRES.BACHMANN,Michele Bachmann to be elected President in 2012,59,6.0,Jul/03/2011 22:20:17
748415,2012.PRES.BACHMANN,Michele Bachmann to be elected President in 2012,10,5.8,Jul/03/2011 22:20:17
748415,2012.PRES.BACHMANN,Michele Bachmann to be elected President in 2012,50,5.8,Jul/03/2011 22:20:17
748415,2012.PRES.BACHMANN,Michele Bachmann to be elected President in 2012,32,5.6,Jul/03/2011 22:20:17
748415,2012.PRES.BACHMANN,Michele Bachmann to be elected President in 2012,1,4.7,Jul/04/2011 07:49:42
748415,2012.PRES.BACHMANN,Michele Bachmann to be elected President in 2012,1,5.7,Jul/04/2011 19:30:03
748415,2012.PRES.BACHMANN,Michele Bachmann to be elected President in 2012,17,5.8,Jul/04/2011 19:30:51
748415,2012.PRES.BACHMANN,Michele Bachmann to be elected President in 2012,41,6.0,Jul/04/2011 19:31:31
748415,2012.PRES.BACHMANN,Michele Bachmann to be elected President in 2012,10,6.0,Jul/04/2011 19:31:31
748415,2012.PRES.BACHMANN,Michele Bachmann to be elected President in 2012,5,6.1,Jul/04/2011 19:33:02
748415,2012.PRES.BACHMANN,Michele Bachmann to be elected President in 2012,5,6.1,Jul/04/2011 19:33:02
748415,2012.PRES.BACHMANN,Michele Bachmann to be elected President in 2012,5,6.1,Jul/04/2011 19:48:38
748415,2012.PRES.BACHMANN,Michele Bachmann to be elected President in 2012,5,6.1,Jul/04/2011 19:48:38
748415,2012.PRES.BACHMANN,Michele Bachmann to be elected President in 2012,26,6.2,Jul/04/2011 19:49:33
748415,2012.PRES.BACHMANN,Michele Bachmann to be elected President in 2012,1,5.7,Jul/05/2011 03:36:47
748415,2012.PRES.BACHMANN,Michele Bachmann to be elected President in 2012,1,5.2,Jul/05/2011 16:35:14
748415,2012.PRES.BACHMANN,Michele Bachmann to be elected President in 2012,4,5.2,Jul/05/2011 19:26:14
748415,2012.PRES.BACHMANN,Michele Bachmann to be elected President in 2012,14,5.1,Jul/06/2011 16:18:14
748415,2012.PRES.BACHMANN,Michele Bachmann to be elected President in 2012,11,5.0,Jul/06/2011 16:18:14
748415,2012.PRES.BACHMANN,Michele Bachmann to be elected President in 2012,2,5.5,Jul/06/2011 23:01:37
748415,2012.PRES.BACHMANN,Michele Bachmann to be elected President in 2012,8,5.5,Jul/07/2011 23:55:10
748415,2012.PRES.BACHMANN,Michele Bachmann to be elected President in 2012,7,5.5,Jul/07/2011 23:55:10
748415,2012.PRES.BACHMANN,Michele Bachmann to be elected President in 2012,10,6.4,Jul/08/2011 04:08:37
748415,2012.PRES.BACHMANN,Michele Bachmann to be elected President in 2012,10,6.3,Jul/08/2011 04:08:37
748415,2012.PRES.BACHMANN,Michele Bachmann to be elected President in 2012,10,6.2,Jul/08/2011 04:08:37
748415,2012.PRES.BACHMANN,Michele Bachmann to be elected President in 2012,10,6.4,Jul/08/2011 04:08:37
748415,2012.PRES.BACHMANN,Michele Bachmann to be elected President in 2012,4,6.4,Jul/08/2011 08:30:48
748415,2012.PRES.BACHMANN,Michele Bachmann to be elected President in 2012,217,5.6,Jul/08/2011 18:37:59
748415,2012.PRES.BACHMANN,Michele Bachmann to be elected President in 2012,13,5.5,Jul/08/2011 18:41:26
748415,2012.PRES.BACHMANN,Michele Bachmann to be elected President in 2012,10,6.2,Jul/09/2011 00:11:22
748415,2012.PRES.BACHMANN,Michele Bachmann to be elected President in 2012,13,6.3,Jul/09/2011 00:11:48
748415,2012.PRES.BACHMANN,Michele Bachmann to be elected President in 2012,13,5.0,Jul/11/2011 00:47:36
748415,2012.PRES.BACHMANN,Michele Bachmann to be elected President in 2012,30,5.0,Jul/11/2011 00:47:36
748415,2012.PRES.BACHMANN,Michele Bachmann to be elected President in 2012,7,5.0,Jul/11/2011 00:47:36
748415,2012.PRES.BACHMANN,Michele Bachmann to be elected President in 2012,1,5.0,Jul/11/2011 12:25:01
748415,2012.PRES.BACHMANN,Michele Bachmann to be elected President in 2012,7,5.0,Jul/11/2011 12:28:02
748415,2012.PRES.BACHMANN,Michele Bachmann to be elected President in 2012,1,6.0,Jul/11/2011 17:21:43
748415,2012.PRES.BACHMANN,Michele Bachmann to be elected President in 2012,20,5.2,Jul/12/2011 13:05:37
748415,2012.PRES.BACHMANN,Michele Bachmann to be elected President in 2012,8,5.2,Jul/12/2011 20:29:59
748415,2012.PRES.BACHMANN,Michele Bachmann to be elected President in 2012,3,5.5,Jul/13/2011 12:04:23
748415,2012.PRES.BACHMANN,Michele Bachmann to be elected President in 2012,15,5.5,Jul/14/2011 20:45:00
748415,2012.PRES.BACHMANN,Michele Bachmann to be elected President in 2012,1,5.4,Jul/14/2011 21:26:43
748415,2012.PRES.BACHMANN,Michele Bachmann to be elected President in 2012,4,5.6,Jul/14/2011 21:28:04
748415,2012.PRES.BACHMANN,Michele Bachmann to be elected President in 2012,1,5.6,Jul/14/2011 21:32:12
748415,2012.PRES.BACHMANN,Michele Bachmann to be elected President in 2012,1,5.6,Jul/14/2011 21:32:12
748415,2012.PRES.BACHMANN,Michele Bachmann to be elected President in 2012,9,5.6,Jul/14/2011 22:41:02
748415,2012.PRES.BACHMANN,Michele Bachmann to be elected President in 2012,10,5.6,Jul/14/2011 22:41:02
748415,2012.PRES.BACHMANN,Michele Bachmann to be elected President in 2012,4,5.2,Jul/15/2011 12:29:05
748415,2012.PRES.BACHMANN,Michele Bachmann to be elected President in 2012,1,5.2,Jul/15/2011 17:13:28
748415,2012.PRES.BACHMANN,Michele Bachmann to be elected President in 2012,6,5.1,Jul/15/2011 17:15:04
748415,2012.PRES.BACHMANN,Michele Bachmann to be elected President in 2012,9,5.3,Jul/15/2011 20:12:05
748415,2012.PRES.BACHMANN,Michele Bachmann to be elected President in 2012,10,5.4,Jul/15/2011 20:12:24
748415,2012.PRES.BACHMANN,Michele Bachmann to be elected President in 2012,5,5.5,Jul/15/2011 20:12:44
748415,2012.PRES.BACHMANN,Michele Bachmann to be elected President in 2012,20,5.6,Jul/15/2011 20:13:05
748415,2012.PRES.BACHMANN,Michele Bachmann to be elected President in 2012,45,5.7,Jul/15/2011 20:14:33
748415,2012.PRES.BACHMANN,Michele Bachmann to be elected President in 2012,1,5.7,Jul/15/2011 20:15:01
748415,2012.PRES.BACHMANN,Michele Bachmann to be elected President in 2012,5,5.2,Jul/15/2011 21:59:50
748415,2012.PRES.BACHMANN,Michele Bachmann to be elected President in 2012,7,5.1,Jul/15/2011 22:06:34
748415,2012.PRES.BACHMANN,Michele Bachmann to be elected President in 2012,85,5.0,Jul/17/2011 00:07:41
748415,2012.PRES.BACHMANN,Michele Bachmann to be elected President in 2012,48,4.8,Jul/17/2011 14:35:53
748415,2012.PRES.BACHMANN,Michele Bachmann to be elected President in 2012,5,4.8,Jul/17/2011 15:59:51
748415,2012.PRES.BACHMANN,Michele Bachmann to be elected President in 2012,70,4.8,Jul/17/2011 16:02:43
748415,2012.PRES.BACHMANN,Michele Bachmann to be elected President in 2012,1,3.6,Jul/17/2011 23:08:45
748415,2012.PRES.BACHMANN,Michele Bachmann to be elected President in 2012,10,3.9,Jul/17/2011 23:11:28
748415,2012.PRES.BACHMANN,Michele Bachmann to be elected President in 2012,5,3.8,Jul/18/2011 04:07:53
748415,2012.PRES.BACHMANN,Michele Bachmann to be elected President in 2012,30,3.9,Jul/18/2011 05:11:52
748415,2012.PRES.BACHMANN,Michele Bachmann to be elected President in 2012,8,3.6,Jul/18/2011 12:40:06
748415,2012.PRES.BACHMANN,Michele Bachmann to be elected President in 2012,39,3.5,Jul/18/2011 12:40:59
748415,2012.PRES.BACHMANN,Michele Bachmann to be elected President in 2012,1,3.6,Jul/18/2011 12:40:59
748415,2012.PRES.BACHMANN,Michele Bachmann to be elected President in 2012,1,3.5,Jul/19/2011 02:02:24
748415,2012.PRES.BACHMANN,Michele Bachmann to be elected President in 2012,40,3.4,Jul/19/2011 16:36:15
748415,2012.PRES.BACHMANN,Michele Bachmann to be elected President in 2012,5,3.3,Jul/19/2011 17:03:44
748415,2012.PRES.BACHMANN,Michele Bachmann to be elected President in 2012,5,3.1,Jul/19/2011 17:04:04
748415,2012.PRES.BACHMANN,Michele Bachmann to be elected President in 2012,25,3.0,Jul/19/2011 17:04:18
748415,2012.PRES.BACHMANN,Michele Bachmann to be elected President in 2012,1,3.5,Jul/19/2011 17:55:05
748415,2012.PRES.BACHMANN,Michele Bachmann to be elected President in 2012,1,3.5,Jul/19/2011 17:55:18
748415,2012.PRES.BACHMANN,Michele Bachmann to be elected President in 2012,1,3.5,Jul/19/2011 17:55:22
748415,2012.PRES.BACHMANN,Michele Bachmann to be elected President in 2012,1,3.5,Jul/19/2011 17:55:29
748415,2012.PRES.BACHMANN,Michele Bachmann to be elected President in 2012,1,3.5,Jul/19/2011 17:55:34
748415,2012.PRES.BACHMANN,Michele Bachmann to be elected President in 2012,20,3.3,Jul/19/2011 22:17:35
748415,2012.PRES.BACHMANN,Michele Bachmann to be elected President in 2012,10,3.2,Jul/19/2011 22:22:44
748415,2012.PRES.BACHMANN,Michele Bachmann to be elected President in 2012,5,2.9,Jul/19/2011 22:36:32
748415,2012.PRES.BACHMANN,Michele Bachmann to be elected President in 2012,30,2.8,Jul/19/2011 23:59:35
748415,2012.PRES.BACHMANN,Michele Bachmann to be elected President in 2012,4,3.2,Jul/20/2011 04:50:03
748415,2012.PRES.BACHMANN,Michele Bachmann to be elected President in 2012,10,2.7,Jul/20/2011 16:59:20
748415,2012.PRES.BACHMANN,Michele Bachmann to be elected President in 2012,5,2.7,Jul/20/2011 21:09:23
748415,2012.PRES.BACHMANN,Michele Bachmann to be elected President in 2012,5,2.8,Jul/20/2011 21:09:23
748415,2012.PRES.BACHMANN,Michele Bachmann to be elected President in 2012,1,2.7,Jul/20/2011 21:37:00
748415,2012.PRES.BACHMANN,Michele Bachmann to be elected President in 2012,5,3.1,Jul/20/2011 23:17:37
748415,2012.PRES.BACHMANN,Michele Bachmann to be elected President in 2012,2,3.1,Jul/21/2011 00:58:30
748415,2012.PRES.BACHMANN,Michele Bachmann to be elected President in 2012,10,3.2,Jul/21/2011 09:46:39
748415,2012.PRES.BACHMANN,Michele Bachmann to be elected President in 2012,5,3.7,Jul/21/2011 09:50:13
748415,2012.PRES.BACHMANN,Michele Bachmann to be elected President in 2012,4,3.5,Jul/21/2011 09:50:13
748415,2012.PRES.BACHMANN,Michele Bachmann to be elected President in 2012,1,3.6,Jul/21/2011 09:50:13
748415,2012.PRES.BACHMANN,Michele Bachmann to be elected President in 2012,50,3.5,Jul/21/2011 09:50:13
748415,2012.PRES.BACHMANN,Michele Bachmann to be elected President in 2012,80,3.4,Jul/21/2011 09:50:13
748415,2012.PRES.BACHMANN,Michele Bachmann to be elected President in 2012,10,3.3,Jul/21/2011 09:50:13
748415,2012.PRES.BACHMANN,Michele Bachmann to be elected President in 2012,10,3.3,Jul/21/2011 09:50:13
748415,2012.PRES.BACHMANN,Michele Bachmann to be elected President in 2012,3,3.3,Jul/21/2011 09:50:13
748415,2012.PRES.BACHMANN,Michele Bachmann to be elected President in 2012,7,3.6,Jul/21/2011 09:50:13
748415,2012.PRES.BACHMANN,Michele Bachmann to be elected President in 2012,10,4.0,Jul/21/2011 09:50:58
748415,2012.PRES.BACHMANN,Michele Bachmann to be elected President in 2012,20,3.9,Jul/21/2011 09:50:58
748415,2012.PRES.BACHMANN,Michele Bachmann to be elected President in 2012,5,3.7,Jul/21/2011 09:50:58
748415,2012.PRES.BACHMANN,Michele Bachmann to be elected President in 2012,15,4.3,Jul/21/2011 09:50:58
748415,2012.PRES.BACHMANN,Michele Bachmann to be elected President in 2012,10,4.2,Jul/21/2011 09:50:58
748415,2012.PRES.BACHMANN,Michele Bachmann to be elected President in 2012,193,4.8,Jul/21/2011 09:52:18
748415,2012.PRES.BACHMANN,Michele Bachmann to be elected President in 2012,10,4.5,Jul/21/2011 09:52:18
748415,2012.PRES.BACHMANN,Michele Bachmann to be elected President in 2012,5,4.4,Jul/21/2011 09:52:18
748415,2012.PRES.BACHMANN,Michele Bachmann to be elected President in 2012,10,4.7,Jul/21/2011 09:52:18
748415,2012.PRES.BACHMANN,Michele Bachmann to be elected President in 2012,10,4.5,Jul/21/2011 09:52:18
748415,2012.PRES.BACHMANN,Michele Bachmann to be elected President in 2012,10,4.7,Jul/21/2011 09:52:18
748415,2012.PRES.BACHMANN,Michele Bachmann to be elected President in 2012,22,4.6,Jul/21/2011 09:52:18
748415,2012.PRES.BACHMANN,Michele Bachmann to be elected President in 2012,1,3.1,Jul/21/2011 09:54:40
748415,2012.PRES.BACHMANN,Michele Bachmann to be elected President in 2012,3,3.4,Jul/21/2011 14:38:01
748415,2012.PRES.BACHMANN,Michele Bachmann to be elected President in 2012,7,3.4,Jul/21/2011 15:02:12
748415,2012.PRES.BACHMANN,Michele Bachmann to be elected President in 2012,6,3.3,Jul/21/2011 15:32:49
748415,2012.PRES.BACHMANN,Michele Bachmann to be elected President in 2012,4,3.3,Jul/21/2011 15:32:49
748415,2012.PRES.BACHMANN,Michele Bachmann to be elected President in 2012,3,3.3,Jul/21/2011 15:35:18
748415,2012.PRES.BACHMANN,Michele Bachmann to be elected President in 2012,2,3.3,Jul/21/2011 15:35:49
748415,2012.PRES.BACHMANN,Michele Bachmann to be elected President in 2012,2,3.3,Jul/21/2011 15:37:15
748415,2012.PRES.BACHMANN,Michele Bachmann to be elected President in 2012,3,3.3,Jul/21/2011 15:37:41
748415,2012.PRES.BACHMANN,Michele Bachmann to be elected President in 2012,5,3.3,Jul/21/2011 15:37:41
748415,2012.PRES.BACHMANN,Michele Bachmann to be elected President in 2012,5,3.3,Jul/21/2011 15:39:09
748415,2012.PRES.BACHMANN,Michele Bachmann to be elected President in 2012,5,3.3,Jul/21/2011 15:39:09
748415,2012.PRES.BACHMANN,Michele Bachmann to be elected President in 2012,5,3.3,Jul/21/2011 15:42:18
748415,2012.PRES.BACHMANN,Michele Bachmann to be elected President in 2012,3,3.3,Jul/21/2011 15:42:18
748415,2012.PRES.BACHMANN,Michele Bachmann to be elected President in 2012,5,3.4,Jul/21/2011 16:25:54
748415,2012.PRES.BACHMANN,Michele Bachmann to be elected President in 2012,25,3.4,Jul/21/2011 16:26:29
748415,2012.PRES.BACHMANN,Michele Bachmann to be elected President in 2012,10,3.4,Jul/21/2011 16:26:53
748415,2012.PRES.BACHMANN,Michele Bachmann to be elected President in 2012,5,3.4,Jul/21/2011 18:52:37
748415,2012.PRES.BACHMANN,Michele Bachmann to be elected President in 2012,5,3.4,Jul/21/2011 20:03:49
748415,2012.PRES.BACHMANN,Michele Bachmann to be elected President in 2012,5,3.4,Jul/21/2011 20:09:56
748415,2012.PRES.BACHMANN,Michele Bachmann to be elected President in 2012,45,3.5,Jul/21/2011 20:50:56
748415,2012.PRES.BACHMANN,Michele Bachmann to be elected President in 2012,10,3.4,Jul/21/2011 20:56:43
748415,2012.PRES.BACHMANN,Michele Bachmann to be elected President in 2012,1,3.5,Jul/21/2011 21:53:29
748415,2012.PRES.BACHMANN,Michele Bachmann to be elected President in 2012,9,3.5,Jul/21/2011 21:53:29
748415,2012.PRES.BACHMANN,Michele Bachmann to be elected President in 2012,1,3.5,Jul/21/2011 21:55:02
748415,2012.PRES.BACHMANN,Michele Bachmann to be elected President in 2012,4,3.5,Jul/21/2011 21:55:02
748415,2012.PRES.BACHMANN,Michele Bachmann to be elected President in 2012,5,3.5,Jul/21/2011 21:56:07
748415,2012.PRES.BACHMANN,Michele Bachmann to be elected President in 2012,5,3.5,Jul/21/2011 21:57:53
748415,2012.PRES.BACHMANN,Michele Bachmann to be elected President in 2012,6,3.5,Jul/21/2011 21:58:52
748415,2012.PRES.BACHMANN,Michele Bachmann to be elected President in 2012,10,3.4,Jul/21/2011 22:01:40
748415,2012.PRES.BACHMANN,Michele Bachmann to be elected President in 2012,3,3.9,Jul/22/2011 02:09:13
748415,2012.PRES.BACHMANN,Michele Bachmann to be elected President in 2012,7,4.0,Jul/22/2011 02:09:13
748415,2012.PRES.BACHMANN,Michele Bachmann to be elected President in 2012,13,3.8,Jul/22/2011 02:09:13
748415,2012.PRES.BACHMANN,Michele Bachmann to be elected President in 2012,5,4.0,Jul/22/2011 02:09:13
748415,2012.PRES.BACHMANN,Michele Bachmann to be elected President in 2012,6,3.7,Jul/22/2011 02:09:13
748415,2012.PRES.BACHMANN,Michele Bachmann to be elected President in 2012,1,3.6,Jul/22/2011 02:09:13
748415,2012.PRES.BACHMANN,Michele Bachmann to be elected President in 2012,2,3.7,Jul/22/2011 02:09:13
748415,2012.PRES.BACHMANN,Michele Bachmann to be elected President in 2012,3,3.8,Jul/22/2011 02:09:13
748415,2012.PRES.BACHMANN,Michele Bachmann to be elected President in 2012,4,3.9,Jul/22/2011 02:09:13
748415,2012.PRES.BACHMANN,Michele Bachmann to be elected President in 2012,1,3.6,Jul/22/2011 02:09:13
748415,2012.PRES.BACHMANN,Michele Bachmann to be elected President in 2012,15,3.6,Jul/22/2011 02:09:13
748415,2012.PRES.BACHMANN,Michele Bachmann to be elected President in 2012,7,3.5,Jul/22/2011 02:28:49
748415,2012.PRES.BACHMANN,Michele Bachmann to be elected President in 2012,3,3.5,Jul/22/2011 02:28:49
748415,2012.PRES.BACHMANN,Michele Bachmann to be elected President in 2012,36,3.6,Jul/22/2011 11:45:34
748415,2012.PRES.BACHMANN,Michele Bachmann to be elected President in 2012,1,3.6,Jul/22/2011 12:53:32
748415,2012.PRES.BACHMANN,Michele Bachmann to be elected President in 2012,10,4.9,Jul/22/2011 12:55:09
748415,2012.PRES.BACHMANN,Michele Bachmann to be elected President in 2012,7,4.8,Jul/22/2011 12:55:09
748415,2012.PRES.BACHMANN,Michele Bachmann to be elected President in 2012,3,5.0,Jul/22/2011 12:55:09
748415,2012.PRES.BACHMANN,Michele Bachmann to be elected President in 2012,8,4.0,Jul/22/2011 12:55:09
748415,2012.PRES.BACHMANN,Michele Bachmann to be elected President in 2012,13,4.4,Jul/22/2011 12:55:09
748415,2012.PRES.BACHMANN,Michele Bachmann to be elected President in 2012,15,4.2,Jul/22/2011 12:55:09
748415,2012.PRES.BACHMANN,Michele Bachmann to be elected President in 2012,3,4.0,Jul/22/2011 12:55:09
748415,2012.PRES.BACHMANN,Michele Bachmann to be elected President in 2012,10,3.9,Jul/22/2011 12:55:09
748415,2012.PRES.BACHMANN,Michele Bachmann to be elected President in 2012,6,3.8,Jul/22/2011 12:55:09
748415,2012.PRES.BACHMANN,Michele Bachmann to be elected President in 2012,2,3.7,Jul/22/2011 12:55:09
748415,2012.PRES.BACHMANN,Michele Bachmann to be elected President in 2012,3,3.8,Jul/22/2011 12:55:09
748415,2012.PRES.BACHMANN,Michele Bachmann to be elected President in 2012,4,3.9,Jul/22/2011 12:55:09
748415,2012.PRES.BACHMANN,Michele Bachmann to be elected President in 2012,5,4.0,Jul/22/2011 12:55:09
748415,2012.PRES.BACHMANN,Michele Bachmann to be elected President in 2012,6,4.1,Jul/22/2011 12:55:09
748415,2012.PRES.BACHMANN,Michele Bachmann to be elected President in 2012,7,4.2,Jul/22/2011 12:55:09
748415,2012.PRES.BACHMANN,Michele Bachmann to be elected President in 2012,8,4.3,Jul/22/2011 12:55:09
748415,2012.PRES.BACHMANN,Michele Bachmann to be elected President in 2012,10,4.9,Jul/22/2011 12:57:25
748415,2012.PRES.BACHMANN,Michele Bachmann to be elected President in 2012,4,4.0,Jul/22/2011 13:12:58
748415,2012.PRES.BACHMANN,Michele Bachmann to be elected President in 2012,5,3.8,Jul/22/2011 13:15:34
748415,2012.PRES.BACHMANN,Michele Bachmann to be elected President in 2012,3,3.8,Jul/22/2011 13:15:55
748415,2012.PRES.BACHMANN,Michele Bachmann to be elected President in 2012,2,3.9,Jul/22/2011 14:16:50
748415,2012.PRES.BACHMANN,Michele Bachmann to be elected President in 2012,1,3.9,Jul/22/2011 14:17:28
748415,2012.PRES.BACHMANN,Michele Bachmann to be elected President in 2012,3,3.9,Jul/22/2011 15:53:56
748415,2012.PRES.BACHMANN,Michele Bachmann to be elected President in 2012,37,3.8,Jul/22/2011 15:53:56
748415,2012.PRES.BACHMANN,Michele Bachmann to be elected President in 2012,1,4.0,Jul/23/2011 00:36:25
748415,2012.PRES.BACHMANN,Michele Bachmann to be elected President in 2012,10,4.0,Jul/23/2011 00:36:25
748415,2012.PRES.BACHMANN,Michele Bachmann to be elected President in 2012,7,5.0,Jul/23/2011 01:04:49
748415,2012.PRES.BACHMANN,Michele Bachmann to be elected President in 2012,39,5.0,Jul/23/2011 01:04:49
748415,2012.PRES.BACHMANN,Michele Bachmann to be elected President in 2012,10,4.9,Jul/23/2011 01:04:49
748415,2012.PRES.BACHMANN,Michele Bachmann to be elected President in 2012,5,4.7,Jul/23/2011 01:04:49
748415,2012.PRES.BACHMANN,Michele Bachmann to be elected President in 2012,10,4.7,Jul/23/2011 01:04:49
748415,2012.PRES.BACHMANN,Michele Bachmann to be elected President in 2012,10,4.2,Jul/23/2011 01:04:49
748415,2012.PRES.BACHMANN,Michele Bachmann to be elected President in 2012,10,4.5,Jul/23/2011 01:04:49
748415,2012.PRES.BACHMANN,Michele Bachmann to be elected President in 2012,9,4.0,Jul/23/2011 01:04:49
748415,2012.PRES.BACHMANN,Michele Bachmann to be elected President in 2012,1,4.3,Jul/23/2011 03:40:44
748415,2012.PRES.BACHMANN,Michele Bachmann to be elected President in 2012,6,4.1,Jul/23/2011 05:19:28
748415,2012.PRES.BACHMANN,Michele Bachmann to be elected President in 2012,1,4.2,Jul/23/2011 05:19:28
748415,2012.PRES.BACHMANN,Michele Bachmann to be elected President in 2012,1,4.3,Jul/23/2011 05:19:28
748415,2012.PRES.BACHMANN,Michele Bachmann to be elected President in 2012,1,4.1,Jul/23/2011 16:55:09
748415,2012.PRES.BACHMANN,Michele Bachmann to be elected President in 2012,7,4.1,Jul/23/2011 18:03:12
748415,2012.PRES.BACHMANN,Michele Bachmann to be elected President in 2012,10,4.1,Jul/23/2011 18:04:21
748415,2012.PRES.BACHMANN,Michele Bachmann to be elected President in 2012,5,4.8,Jul/24/2011 00:42:55
748415,2012.PRES.BACHMANN,Michele Bachmann to be elected President in 2012,50,4.4,Jul/24/2011 00:42:55
748415,2012.PRES.BACHMANN,Michele Bachmann to be elected President in 2012,10,4.3,Jul/24/2011 00:42:55
748415,2012.PRES.BACHMANN,Michele Bachmann to be elected President in 2012,5,4.7,Jul/24/2011 00:42:55
748415,2012.PRES.BACHMANN,Michele Bachmann to be elected President in 2012,10,4.6,Jul/24/2011 00:42:55
748415,2012.PRES.BACHMANN,Michele Bachmann to be elected President in 2012,20,4.3,Jul/24/2011 00:42:55
748415,2012.PRES.BACHMANN,Michele Bachmann to be elected President in 2012,5,4.8,Jul/24/2011 14:13:02
748415,2012.PRES.BACHMANN,Michele Bachmann to be elected President in 2012,10,4.5,Jul/24/2011 15:25:35
748415,2012.PRES.BACHMANN,Michele Bachmann to be elected President in 2012,10,4.5,Jul/24/2011 15:25:41
748415,2012.PRES.BACHMANN,Michele Bachmann to be elected President in 2012,5,4.5,Jul/24/2011 15:25:47
748415,2012.PRES.BACHMANN,Michele Bachmann to be elected President in 2012,11,4.5,Jul/24/2011 20:56:11
748415,2012.PRES.BACHMANN,Michele Bachmann to be elected President in 2012,1,4.6,Jul/24/2011 23:32:08
748415,2012.PRES.BACHMANN,Michele Bachmann to be elected President in 2012,200,4.5,Jul/25/2011 11:35:03
748415,2012.PRES.BACHMANN,Michele Bachmann to be elected President in 2012,40,3.9,Jul/25/2011 11:36:53
748415,2012.PRES.BACHMANN,Michele Bachmann to be elected President in 2012,1,4.0,Jul/25/2011 11:36:53
748415,2012.PRES.BACHMANN,Michele Bachmann to be elected President in 2012,1,4.2,Jul/25/2011 11:36:53
748415,2012.PRES.BACHMANN,Michele Bachmann to be elected President in 2012,10,4.2,Jul/25/2011 11:36:53
748415,2012.PRES.BACHMANN,Michele Bachmann to be elected President in 2012,10,4.1,Jul/25/2011 11:36:53
748415,2012.PRES.BACHMANN,Michele Bachmann to be elected President in 2012,5,4.3,Jul/25/2011 11:36:53
748415,2012.PRES.BACHMANN,Michele Bachmann to be elected President in 2012,1,4.4,Jul/25/2011 11:36:53
748415,2012.PRES.BACHMANN,Michele Bachmann to be elected President in 2012,2,3.9,Jul/25/2011 14:52:28
748415,2012.PRES.BACHMANN,Michele Bachmann to be elected President in 2012,209,3.9,Jul/25/2011 20:52:45
748415,2012.PRES.BACHMANN,Michele Bachmann to be elected President in 2012,1,3.3,Jul/26/2011 17:06:31
748415,2012.PRES.BACHMANN,Michele Bachmann to be elected President in 2012,9,3.3,Jul/26/2011 17:06:55
748415,2012.PRES.BACHMANN,Michele Bachmann to be elected President in 2012,10,3.3,Jul/26/2011 21:23:14
748415,2012.PRES.BACHMANN,Michele Bachmann to be elected President in 2012,10,3.9,Jul/27/2011 02:32:09
748415,2012.PRES.BACHMANN,Michele Bachmann to be elected President in 2012,3,3.8,Jul/27/2011 02:32:09
748415,2012.PRES.BACHMANN,Michele Bachmann to be elected President in 2012,10,3.7,Jul/27/2011 02:32:09
748415,2012.PRES.BACHMANN,Michele Bachmann to be elected President in 2012,1,3.6,Jul/27/2011 04:12:04
748415,2012.PRES.BACHMANN,Michele Bachmann to be elected President in 2012,2,3.6,Jul/27/2011 14:09:56
748415,2012.PRES.BACHMANN,Michele Bachmann to be elected President in 2012,8,3.6,Jul/27/2011 14:09:56
748415,2012.PRES.BACHMANN,Michele Bachmann to be elected President in 2012,10,3.6,Jul/27/2011 14:13:20
748415,2012.PRES.BACHMANN,Michele Bachmann to be elected President in 2012,1,3.5,Jul/27/2011 15:59:41
748415,2012.PRES.BACHMANN,Michele Bachmann to be elected President in 2012,10,3.5,Jul/27/2011 16:06:30
748415,2012.PRES.BACHMANN,Michele Bachmann to be elected President in 2012,9,3.5,Jul/27/2011 16:07:47
748415,2012.PRES.BACHMANN,Michele Bachmann to be elected President in 2012,10,3.5,Jul/27/2011 16:08:57
748415,2012.PRES.BACHMANN,Michele Bachmann to be elected President in 2012,10,3.5,Jul/27/2011 16:10:05
748415,2012.PRES.BACHMANN,Michele Bachmann to be elected President in 2012,10,3.5,Jul/27/2011 16:16:00
748415,2012.PRES.BACHMANN,Michele Bachmann to be elected President in 2012,1,3.5,Jul/27/2011 16:43:21
748415,2012.PRES.BACHMANN,Michele Bachmann to be elected President in 2012,10,3.5,Jul/27/2011 17:25:19
748415,2012.PRES.BACHMANN,Michele Bachmann to be elected President in 2012,10,3.4,Jul/27/2011 20:13:04
748415,2012.PRES.BACHMANN,Michele Bachmann to be elected President in 2012,10,3.4,Jul/27/2011 20:14:15
748415,2012.PRES.BACHMANN,Michele Bachmann to be elected President in 2012,1,3.3,Jul/28/2011 04:45:47
748415,2012.PRES.BACHMANN,Michele Bachmann to be elected President in 2012,1,3.3,Jul/28/2011 05:05:27
748415,2012.PRES.BACHMANN,Michele Bachmann to be elected President in 2012,198,3.3,Jul/28/2011 12:52:00
748415,2012.PRES.BACHMANN,Michele Bachmann to be elected President in 2012,10,3.3,Jul/28/2011 12:52:00
748415,2012.PRES.BACHMANN,Michele Bachmann to be elected President in 2012,9,3.7,Jul/28/2011 16:55:22
748415,2012.PRES.BACHMANN,Michele Bachmann to be elected President in 2012,2,3.9,Jul/28/2011 16:55:22
748415,2012.PRES.BACHMANN,Michele Bachmann to be elected President in 2012,1,3.8,Jul/28/2011 16:55:22
748415,2012.PRES.BACHMANN,Michele Bachmann to be elected President in 2012,10,3.7,Jul/28/2011 16:55:22
748415,2012.PRES.BACHMANN,Michele Bachmann to be elected President in 2012,10,3.6,Jul/28/2011 16:55:22
748415,2012.PRES.BACHMANN,Michele Bachmann to be elected President in 2012,1,3.9,Jul/28/2011 16:55:46
748415,2012.PRES.BACHMANN,Michele Bachmann to be elected President in 2012,5,3.4,Jul/29/2011 00:57:48
748415,2012.PRES.BACHMANN,Michele Bachmann to be elected President in 2012,1,3.3,Jul/29/2011 00:58:25
748415,2012.PRES.BACHMANN,Michele Bachmann to be elected President in 2012,4,3.3,Jul/29/2011 00:58:25
748415,2012.PRES.BACHMANN,Michele Bachmann to be elected President in 2012,5,3.4,Jul/29/2011 00:58:25
748415,2012.PRES.BACHMANN,Michele Bachmann to be elected President in 2012,10,3.4,Jul/29/2011 00:58:33
748415,2012.PRES.BACHMANN,Michele Bachmann to be elected President in 2012,10,3.4,Jul/29/2011 00:59:08
748415,2012.PRES.BACHMANN,Michele Bachmann to be elected President in 2012,10,3.1,Jul/29/2011 00:59:24
748415,2012.PRES.BACHMANN,Michele Bachmann to be elected President in 2012,1,3.2,Jul/29/2011 00:59:24
748415,2012.PRES.BACHMANN,Michele Bachmann to be elected President in 2012,93,3.1,Jul/29/2011 00:59:24
748415,2012.PRES.BACHMANN,Michele Bachmann to be elected President in 2012,186,3.3,Jul/29/2011 00:59:24
748415,2012.PRES.BACHMANN,Michele Bachmann to be elected President in 2012,10,3.3,Jul/29/2011 00:59:24
748415,2012.PRES.BACHMANN,Michele Bachmann to be elected President in 2012,10,3.2,Jul/29/2011 00:59:24
748415,2012.PRES.BACHMANN,Michele Bachmann to be elected President in 2012,5,3.2,Jul/29/2011 03:48:56
748415,2012.PRES.BACHMANN,Michele Bachmann to be elected President in 2012,5,3.2,Jul/29/2011 03:49:24
748415,2012.PRES.BACHMANN,Michele Bachmann to be elected President in 2012,10,3.2,Jul/29/2011 03:49:59
748415,2012.PRES.BACHMANN,Michele Bachmann to be elected President in 2012,5,3.2,Jul/29/2011 03:50:06
748415,2012.PRES.BACHMANN,Michele Bachmann to be elected President in 2012,2,3.2,Jul/29/2011 17:17:31
748415,2012.PRES.BACHMANN,Michele Bachmann to be elected President in 2012,5,3.2,Jul/29/2011 17:57:04
748415,2012.PRES.BACHMANN,Michele Bachmann to be elected President in 2012,3,3.2,Jul/29/2011 18:34:43
748415,2012.PRES.BACHMANN,Michele Bachmann to be elected President in 2012,2,3.2,Jul/29/2011 18:40:17
748415,2012.PRES.BACHMANN,Michele Bachmann to be elected President in 2012,3,3.2,Jul/29/2011 18:41:46
748415,2012.PRES.BACHMANN,Michele Bachmann to be elected President in 2012,5,3.2,Jul/29/2011 18:41:46
748415,2012.PRES.BACHMANN,Michele Bachmann to be elected President in 2012,3,3.2,Jul/29/2011 21:54:40
748415,2012.PRES.BACHMANN,Michele Bachmann to be elected President in 2012,1,3.0,Jul/30/2011 00:35:39
748415,2012.PRES.BACHMANN,Michele Bachmann to be elected President in 2012,1,3.0,Jul/30/2011 02:09:54
748415,2012.PRES.BACHMANN,Michele Bachmann to be elected President in 2012,1,3.0,Jul/30/2011 02:12:45
748415,2012.PRES.BACHMANN,Michele Bachmann to be elected President in 2012,3,3.1,Jul/30/2011 02:13:28
748415,2012.PRES.BACHMANN,Michele Bachmann to be elected President in 2012,1,3.1,Jul/30/2011 02:14:24
748415,2012.PRES.BACHMANN,Michele Bachmann to be elected President in 2012,5,3.1,Jul/30/2011 02:15:44
748415,2012.PRES.BACHMANN,Michele Bachmann to be elected President in 2012,1,3.0,Jul/30/2011 02:24:03
748415,2012.PRES.BACHMANN,Michele Bachmann to be elected President in 2012,3,3.0,Jul/30/2011 02:25:15
748415,2012.PRES.BACHMANN,Michele Bachmann to be elected President in 2012,10,3.0,Jul/30/2011 02:28:38
748415,2012.PRES.BACHMANN,Michele Bachmann to be elected President in 2012,10,3.0,Jul/30/2011 02:44:52
748415,2012.PRES.BACHMANN,Michele Bachmann to be elected President in 2012,4,3.0,Jul/30/2011 02:45:29
748415,2012.PRES.BACHMANN,Michele Bachmann to be elected President in 2012,10,3.0,Jul/30/2011 02:47:28
748415,2012.PRES.BACHMANN,Michele Bachmann to be elected President in 2012,10,3.0,Jul/30/2011 02:47:35
748415,2012.PRES.BACHMANN,Michele Bachmann to be elected President in 2012,8,3.0,Jul/30/2011 02:47:45
748415,2012.PRES.BACHMANN,Michele Bachmann to be elected President in 2012,1,3.0,Jul/30/2011 12:47:39
748415,2012.PRES.BACHMANN,Michele Bachmann to be elected President in 2012,2,3.1,Jul/30/2011 15:11:15
748415,2012.PRES.BACHMANN,Michele Bachmann to be elected President in 2012,3,3.1,Jul/30/2011 15:14:25
748415,2012.PRES.BACHMANN,Michele Bachmann to be elected President in 2012,1,3.0,Jul/30/2011 15:50:09
748415,2012.PRES.BACHMANN,Michele Bachmann to be elected President in 2012,5,3.0,Jul/30/2011 15:54:03
748415,2012.PRES.BACHMANN,Michele Bachmann to be elected President in 2012,5,3.0,Jul/30/2011 15:54:30
748415,2012.PRES.BACHMANN,Michele Bachmann to be elected President in 2012,1,2.9,Jul/30/2011 19:39:47
748415,2012.PRES.BACHMANN,Michele Bachmann to be elected President in 2012,1,2.9,Jul/30/2011 19:40:26
748415,2012.PRES.BACHMANN,Michele Bachmann to be elected President in 2012,1,2.9,Jul/30/2011 19:40:39
748415,2012.PRES.BACHMANN,Michele Bachmann to be elected President in 2012,1,2.9,Jul/30/2011 19:41:20
748415,2012.PRES.BACHMANN,Michele Bachmann to be elected President in 2012,1,2.9,Jul/30/2011 19:42:17
748415,2012.PRES.BACHMANN,Michele Bachmann to be elected President in 2012,1,2.9,Jul/30/2011 19:44:31
748415,2012.PRES.BACHMANN,Michele Bachmann to be elected President in 2012,1,2.9,Jul/30/2011 19:45:25
748415,2012.PRES.BACHMANN,Michele Bachmann to be elected President in 2012,1,2.9,Jul/30/2011 20:17:46
748415,2012.PRES.BACHMANN,Michele Bachmann to be elected President in 2012,1,2.9,Jul/30/2011 20:19:37
748415,2012.PRES.BACHMANN,Michele Bachmann to be elected President in 2012,3,2.9,Jul/31/2011 01:26:44
748415,2012.PRES.BACHMANN,Michele Bachmann to be elected President in 2012,7,2.9,Jul/31/2011 04:17:54
748415,2012.PRES.BACHMANN,Michele Bachmann to be elected President in 2012,3,3.2,Jul/31/2011 04:18:10
748415,2012.PRES.BACHMANN,Michele Bachmann to be elected President in 2012,1,3.2,Jul/31/2011 04:18:10
748415,2012.PRES.BACHMANN,Michele Bachmann to be elected President in 2012,4,3.3,Jul/31/2011 04:18:26
748415,2012.PRES.BACHMANN,Michele Bachmann to be elected President in 2012,5,3.3,Jul/31/2011 04:18:26
748415,2012.PRES.BACHMANN,Michele Bachmann to be elected President in 2012,1,3.4,Jul/31/2011 04:18:48
748415,2012.PRES.BACHMANN,Michele Bachmann to be elected President in 2012,10,3.4,Jul/31/2011 04:18:48
748415,2012.PRES.BACHMANN,Michele Bachmann to be elected President in 2012,5,3.4,Jul/31/2011 04:18:48
748415,2012.PRES.BACHMANN,Michele Bachmann to be elected President in 2012,2,3.4,Jul/31/2011 04:18:48
748415,2012.PRES.BACHMANN,Michele Bachmann to be elected President in 2012,10,3.5,Jul/31/2011 04:19:19
748415,2012.PRES.BACHMANN,Michele Bachmann to be elected President in 2012,10,3.5,Jul/31/2011 04:19:19
748415,2012.PRES.BACHMANN,Michele Bachmann to be elected President in 2012,10,3.5,Jul/31/2011 04:19:19
748415,2012.PRES.BACHMANN,Michele Bachmann to be elected President in 2012,6,3.5,Jul/31/2011 04:19:19
748415,2012.PRES.BACHMANN,Michele Bachmann to be elected President in 2012,20,3.6,Jul/31/2011 04:19:47
748415,2012.PRES.BACHMANN,Michele Bachmann to be elected President in 2012,10,3.6,Jul/31/2011 04:19:47
748415,2012.PRES.BACHMANN,Michele Bachmann to be elected President in 2012,7,3.6,Jul/31/2011 04:19:47
748415,2012.PRES.BACHMANN,Michele Bachmann to be elected President in 2012,2,3.6,Jul/31/2011 04:19:47
748415,2012.PRES.BACHMANN,Michele Bachmann to be elected President in 2012,1,3.7,Jul/31/2011 04:20:32
748415,2012.PRES.BACHMANN,Michele Bachmann to be elected President in 2012,1,3.7,Jul/31/2011 04:20:32
748415,2012.PRES.BACHMANN,Michele Bachmann to be elected President in 2012,10,2.7,Jul/31/2011 14:08:42
748415,2012.PRES.BACHMANN,Michele Bachmann to be elected President in 2012,8,2.8,Jul/31/2011 14:08:42
748415,2012.PRES.BACHMANN,Michele Bachmann to be elected President in 2012,9,2.7,Jul/31/2011 14:08:42
748415,2012.PRES.BACHMANN,Michele Bachmann to be elected President in 2012,200,2.7,Jul/31/2011 14:08:42
748415,2012.PRES.BACHMANN,Michele Bachmann to be elected President in 2012,10,2.8,Jul/31/2011 14:08:42
748415,2012.PRES.BACHMANN,Michele Bachmann to be elected President in 2012,10,2.8,Jul/31/2011 14:08:42
748415,2012.PRES.BACHMANN,Michele Bachmann to be elected President in 2012,10,2.8,Jul/31/2011 14:08:42
748415,2012.PRES.BACHMANN,Michele Bachmann to be elected President in 2012,10,2.7,Jul/31/2011 14:08:42
748415,2012.PRES.BACHMANN,Michele Bachmann to be elected President in 2012,2,2.9,Jul/31/2011 14:08:42
748415,2012.PRES.BACHMANN,Michele Bachmann to be elected President in 2012,10,2.7,Jul/31/2011 15:27:24
748415,2012.PRES.BACHMANN,Michele Bachmann to be elected President in 2012,10,2.7,Aug/01/2011 02:10:15
748415,2012.PRES.BACHMANN,Michele Bachmann to be elected President in 2012,25,2.8,Aug/01/2011 03:21:11
748415,2012.PRES.BACHMANN,Michele Bachmann to be elected President in 2012,2,2.6,Aug/01/2011 21:32:47
748415,2012.PRES.BACHMANN,Michele Bachmann to be elected President in 2012,10,2.7,Aug/01/2011 22:32:13
748415,2012.PRES.BACHMANN,Michele Bachmann to be elected President in 2012,1,2.8,Aug/02/2011 00:29:48
