market id,market symbol,market name,trade quantity,trade price,date/time [utc]
743482,2012.PRES.HUCKABEE,Mike Huckabee to be elected President in 2012,25,4.0,Jan/06/2011 03:59:50
743482,2012.PRES.HUCKABEE,Mike Huckabee to be elected President in 2012,4,5.9,Jan/15/2011 14:26:14
743482,2012.PRES.HUCKABEE,Mike Huckabee to be elected President in 2012,4,5.0,Jan/30/2011 18:08:17
743482,2012.PRES.HUCKABEE,Mike Huckabee to be elected President in 2012,96,5.0,Feb/01/2011 23:39:59
743482,2012.PRES.HUCKABEE,Mike Huckabee to be elected President in 2012,1,4.0,Feb/17/2011 08:28:23
743482,2012.PRES.HUCKABEE,Mike Huckabee to be elected President in 2012,5,3.9,Feb/28/2011 04:53:58
743482,2012.PRES.HUCKABEE,Mike Huckabee to be elected President in 2012,4,4.8,Mar/05/2011 07:15:32
743482,2012.PRES.HUCKABEE,Mike Huckabee to be elected President in 2012,30,4.9,Mar/05/2011 07:15:45
743482,2012.PRES.HUCKABEE,Mike Huckabee to be elected President in 2012,100,5.0,Mar/05/2011 07:16:03
743482,2012.PRES.HUCKABEE,Mike Huckabee to be elected President in 2012,1,4.1,Mar/09/2011 05:10:57
743482,2012.PRES.HUCKABEE,Mike Huckabee to be elected President in 2012,2,4.1,Mar/09/2011 05:52:51
743482,2012.PRES.HUCKABEE,Mike Huckabee to be elected President in 2012,2,4.1,Mar/09/2011 05:55:13
743482,2012.PRES.HUCKABEE,Mike Huckabee to be elected President in 2012,1,4.9,Mar/12/2011 04:50:51
743482,2012.PRES.HUCKABEE,Mike Huckabee to be elected President in 2012,1,2.5,Mar/29/2011 04:25:50
743482,2012.PRES.HUCKABEE,Mike Huckabee to be elected President in 2012,1,2.5,Mar/29/2011 04:26:05
743482,2012.PRES.HUCKABEE,Mike Huckabee to be elected President in 2012,20,2.4,Apr/01/2011 07:54:47
743482,2012.PRES.HUCKABEE,Mike Huckabee to be elected President in 2012,25,2.4,Apr/02/2011 10:32:12
743482,2012.PRES.HUCKABEE,Mike Huckabee to be elected President in 2012,1,2.3,Apr/02/2011 10:32:12
743482,2012.PRES.HUCKABEE,Mike Huckabee to be elected President in 2012,2,2.4,Apr/02/2011 10:32:12
743482,2012.PRES.HUCKABEE,Mike Huckabee to be elected President in 2012,3,2.5,Apr/04/2011 12:05:57
743482,2012.PRES.HUCKABEE,Mike Huckabee to be elected President in 2012,4,2.6,Apr/04/2011 12:05:57
743482,2012.PRES.HUCKABEE,Mike Huckabee to be elected President in 2012,5,2.7,Apr/04/2011 18:21:11
743482,2012.PRES.HUCKABEE,Mike Huckabee to be elected President in 2012,6,2.8,Apr/04/2011 18:21:11
743482,2012.PRES.HUCKABEE,Mike Huckabee to be elected President in 2012,5,2.1,Apr/07/2011 20:23:17
743482,2012.PRES.HUCKABEE,Mike Huckabee to be elected President in 2012,5,2.2,Apr/09/2011 17:55:37
743482,2012.PRES.HUCKABEE,Mike Huckabee to be elected President in 2012,5,2.3,Apr/09/2011 17:55:37
743482,2012.PRES.HUCKABEE,Mike Huckabee to be elected President in 2012,6,2.4,Apr/09/2011 17:55:37
743482,2012.PRES.HUCKABEE,Mike Huckabee to be elected President in 2012,7,2.5,Apr/09/2011 18:02:00
743482,2012.PRES.HUCKABEE,Mike Huckabee to be elected President in 2012,5,2.4,Apr/11/2011 03:42:51
743482,2012.PRES.HUCKABEE,Mike Huckabee to be elected President in 2012,5,2.5,Apr/11/2011 03:42:51
743482,2012.PRES.HUCKABEE,Mike Huckabee to be elected President in 2012,3,2.6,Apr/12/2011 18:06:51
743482,2012.PRES.HUCKABEE,Mike Huckabee to be elected President in 2012,1,2.6,Apr/12/2011 18:07:41
743482,2012.PRES.HUCKABEE,Mike Huckabee to be elected President in 2012,20,2.2,Apr/14/2011 05:27:33
743482,2012.PRES.HUCKABEE,Mike Huckabee to be elected President in 2012,10,2.3,Apr/14/2011 12:16:23
743482,2012.PRES.HUCKABEE,Mike Huckabee to be elected President in 2012,20,2.4,Apr/14/2011 12:17:27
743482,2012.PRES.HUCKABEE,Mike Huckabee to be elected President in 2012,10,2.3,Apr/14/2011 12:17:27
743482,2012.PRES.HUCKABEE,Mike Huckabee to be elected President in 2012,8,2.5,Apr/14/2011 16:22:27
743482,2012.PRES.HUCKABEE,Mike Huckabee to be elected President in 2012,25,2.5,Apr/16/2011 07:03:27
743482,2012.PRES.HUCKABEE,Mike Huckabee to be elected President in 2012,33,2.6,Apr/16/2011 14:48:33
743482,2012.PRES.HUCKABEE,Mike Huckabee to be elected President in 2012,33,2.7,Apr/16/2011 14:48:33
743482,2012.PRES.HUCKABEE,Mike Huckabee to be elected President in 2012,2,2.9,Apr/16/2011 16:19:22
743482,2012.PRES.HUCKABEE,Mike Huckabee to be elected President in 2012,1,2.3,Apr/18/2011 19:01:40
743482,2012.PRES.HUCKABEE,Mike Huckabee to be elected President in 2012,1,2.3,Apr/18/2011 19:01:42
743482,2012.PRES.HUCKABEE,Mike Huckabee to be elected President in 2012,1,2.3,Apr/18/2011 19:01:43
743482,2012.PRES.HUCKABEE,Mike Huckabee to be elected President in 2012,97,2.9,Apr/20/2011 15:54:23
743482,2012.PRES.HUCKABEE,Mike Huckabee to be elected President in 2012,3,2.8,Apr/20/2011 15:54:23
743482,2012.PRES.HUCKABEE,Mike Huckabee to be elected President in 2012,3,2.9,Apr/20/2011 22:26:22
743482,2012.PRES.HUCKABEE,Mike Huckabee to be elected President in 2012,5,3.1,Apr/20/2011 22:26:22
743482,2012.PRES.HUCKABEE,Mike Huckabee to be elected President in 2012,5,3.2,Apr/20/2011 22:26:22
743482,2012.PRES.HUCKABEE,Mike Huckabee to be elected President in 2012,5,3.3,Apr/20/2011 22:26:22
743482,2012.PRES.HUCKABEE,Mike Huckabee to be elected President in 2012,5,3.2,Apr/20/2011 22:26:22
743482,2012.PRES.HUCKABEE,Mike Huckabee to be elected President in 2012,5,3.3,Apr/20/2011 22:26:22
743482,2012.PRES.HUCKABEE,Mike Huckabee to be elected President in 2012,5,3.4,Apr/21/2011 23:50:29
743482,2012.PRES.HUCKABEE,Mike Huckabee to be elected President in 2012,5,3.5,Apr/21/2011 23:50:29
743482,2012.PRES.HUCKABEE,Mike Huckabee to be elected President in 2012,5,3.6,Apr/21/2011 23:50:29
743482,2012.PRES.HUCKABEE,Mike Huckabee to be elected President in 2012,5,3.7,Apr/21/2011 23:50:29
743482,2012.PRES.HUCKABEE,Mike Huckabee to be elected President in 2012,5,3.4,Apr/21/2011 23:50:29
743482,2012.PRES.HUCKABEE,Mike Huckabee to be elected President in 2012,5,3.5,Apr/21/2011 23:50:29
743482,2012.PRES.HUCKABEE,Mike Huckabee to be elected President in 2012,5,3.6,Apr/21/2011 23:50:29
743482,2012.PRES.HUCKABEE,Mike Huckabee to be elected President in 2012,5,3.7,Apr/21/2011 23:50:29
743482,2012.PRES.HUCKABEE,Mike Huckabee to be elected President in 2012,10,3.3,Apr/25/2011 17:42:55
743482,2012.PRES.HUCKABEE,Mike Huckabee to be elected President in 2012,10,3.3,Apr/26/2011 14:18:24
743482,2012.PRES.HUCKABEE,Mike Huckabee to be elected President in 2012,10,3.3,Apr/26/2011 15:24:34
743482,2012.PRES.HUCKABEE,Mike Huckabee to be elected President in 2012,10,3.3,Apr/26/2011 17:12:05
743482,2012.PRES.HUCKABEE,Mike Huckabee to be elected President in 2012,10,3.3,Apr/26/2011 18:45:36
743482,2012.PRES.HUCKABEE,Mike Huckabee to be elected President in 2012,5,3.7,Apr/26/2011 23:28:17
743482,2012.PRES.HUCKABEE,Mike Huckabee to be elected President in 2012,1,2.7,Apr/28/2011 19:49:47
743482,2012.PRES.HUCKABEE,Mike Huckabee to be elected President in 2012,3,2.6,May/02/2011 03:54:29
743482,2012.PRES.HUCKABEE,Mike Huckabee to be elected President in 2012,3,2.6,May/02/2011 03:54:47
743482,2012.PRES.HUCKABEE,Mike Huckabee to be elected President in 2012,4,2.6,May/02/2011 03:54:48
743482,2012.PRES.HUCKABEE,Mike Huckabee to be elected President in 2012,3,2.6,May/02/2011 03:54:49
743482,2012.PRES.HUCKABEE,Mike Huckabee to be elected President in 2012,2,2.6,May/02/2011 04:09:46
743482,2012.PRES.HUCKABEE,Mike Huckabee to be elected President in 2012,6,2.5,May/02/2011 04:09:48
743482,2012.PRES.HUCKABEE,Mike Huckabee to be elected President in 2012,4,2.5,May/02/2011 04:09:50
743482,2012.PRES.HUCKABEE,Mike Huckabee to be elected President in 2012,1,2.4,May/02/2011 04:09:52
743482,2012.PRES.HUCKABEE,Mike Huckabee to be elected President in 2012,4,2.4,May/02/2011 04:09:54
743482,2012.PRES.HUCKABEE,Mike Huckabee to be elected President in 2012,10,2.4,May/02/2011 04:09:56
743482,2012.PRES.HUCKABEE,Mike Huckabee to be elected President in 2012,5,2.4,May/02/2011 04:09:58
743482,2012.PRES.HUCKABEE,Mike Huckabee to be elected President in 2012,10,2.3,May/02/2011 04:10:00
743482,2012.PRES.HUCKABEE,Mike Huckabee to be elected President in 2012,10,2.3,May/02/2011 04:10:02
743482,2012.PRES.HUCKABEE,Mike Huckabee to be elected President in 2012,6,2.2,May/02/2011 04:10:04
743482,2012.PRES.HUCKABEE,Mike Huckabee to be elected President in 2012,10,2.2,May/02/2011 04:10:06
743482,2012.PRES.HUCKABEE,Mike Huckabee to be elected President in 2012,5,2.3,May/02/2011 04:12:03
743482,2012.PRES.HUCKABEE,Mike Huckabee to be elected President in 2012,10,3.2,May/05/2011 02:56:41
743482,2012.PRES.HUCKABEE,Mike Huckabee to be elected President in 2012,10,3.4,May/05/2011 16:22:10
743482,2012.PRES.HUCKABEE,Mike Huckabee to be elected President in 2012,1,3.5,May/05/2011 16:22:50
743482,2012.PRES.HUCKABEE,Mike Huckabee to be elected President in 2012,10,3.5,May/05/2011 16:22:50
743482,2012.PRES.HUCKABEE,Mike Huckabee to be elected President in 2012,1,3.9,May/05/2011 22:05:01
743482,2012.PRES.HUCKABEE,Mike Huckabee to be elected President in 2012,9,3.9,May/05/2011 22:05:01
743482,2012.PRES.HUCKABEE,Mike Huckabee to be elected President in 2012,10,3.9,May/05/2011 22:05:01
743482,2012.PRES.HUCKABEE,Mike Huckabee to be elected President in 2012,100,3.7,May/05/2011 22:05:01
743482,2012.PRES.HUCKABEE,Mike Huckabee to be elected President in 2012,10,3.5,May/05/2011 22:05:01
743482,2012.PRES.HUCKABEE,Mike Huckabee to be elected President in 2012,10,3.6,May/05/2011 22:05:01
743482,2012.PRES.HUCKABEE,Mike Huckabee to be elected President in 2012,1,3.5,May/06/2011 00:29:33
743482,2012.PRES.HUCKABEE,Mike Huckabee to be elected President in 2012,2,4.0,May/06/2011 01:50:06
743482,2012.PRES.HUCKABEE,Mike Huckabee to be elected President in 2012,88,4.0,May/06/2011 01:50:06
743482,2012.PRES.HUCKABEE,Mike Huckabee to be elected President in 2012,10,3.9,May/06/2011 01:50:06
743482,2012.PRES.HUCKABEE,Mike Huckabee to be elected President in 2012,20,3.5,May/06/2011 02:36:22
743482,2012.PRES.HUCKABEE,Mike Huckabee to be elected President in 2012,3,4.1,May/06/2011 02:59:33
743482,2012.PRES.HUCKABEE,Mike Huckabee to be elected President in 2012,2,4.2,May/06/2011 02:59:33
743482,2012.PRES.HUCKABEE,Mike Huckabee to be elected President in 2012,12,4.0,May/06/2011 02:59:33
743482,2012.PRES.HUCKABEE,Mike Huckabee to be elected President in 2012,10,3.9,May/06/2011 02:59:33
743482,2012.PRES.HUCKABEE,Mike Huckabee to be elected President in 2012,10,3.9,May/06/2011 02:59:33
743482,2012.PRES.HUCKABEE,Mike Huckabee to be elected President in 2012,5,3.7,May/06/2011 02:59:33
743482,2012.PRES.HUCKABEE,Mike Huckabee to be elected President in 2012,10,4.0,May/06/2011 03:43:53
743482,2012.PRES.HUCKABEE,Mike Huckabee to be elected President in 2012,90,4.0,May/06/2011 03:53:21
743482,2012.PRES.HUCKABEE,Mike Huckabee to be elected President in 2012,10,4.0,May/06/2011 17:28:26
743482,2012.PRES.HUCKABEE,Mike Huckabee to be elected President in 2012,2,4.2,May/06/2011 17:28:51
743482,2012.PRES.HUCKABEE,Mike Huckabee to be elected President in 2012,10,4.0,May/06/2011 22:00:47
743482,2012.PRES.HUCKABEE,Mike Huckabee to be elected President in 2012,10,4.0,May/06/2011 22:00:47
743482,2012.PRES.HUCKABEE,Mike Huckabee to be elected President in 2012,1,4.0,May/06/2011 22:00:47
743482,2012.PRES.HUCKABEE,Mike Huckabee to be elected President in 2012,10,4.2,May/06/2011 22:01:06
743482,2012.PRES.HUCKABEE,Mike Huckabee to be elected President in 2012,10,4.2,May/06/2011 22:01:06
743482,2012.PRES.HUCKABEE,Mike Huckabee to be elected President in 2012,2,4.1,May/06/2011 22:01:06
743482,2012.PRES.HUCKABEE,Mike Huckabee to be elected President in 2012,4,4.2,May/06/2011 22:01:06
743482,2012.PRES.HUCKABEE,Mike Huckabee to be elected President in 2012,5,4.3,May/06/2011 22:01:49
743482,2012.PRES.HUCKABEE,Mike Huckabee to be elected President in 2012,10,4.3,May/06/2011 22:01:49
743482,2012.PRES.HUCKABEE,Mike Huckabee to be elected President in 2012,4,4.3,May/06/2011 22:01:49
743482,2012.PRES.HUCKABEE,Mike Huckabee to be elected President in 2012,6,4.4,May/06/2011 22:02:07
743482,2012.PRES.HUCKABEE,Mike Huckabee to be elected President in 2012,7,4.5,May/06/2011 22:02:07
743482,2012.PRES.HUCKABEE,Mike Huckabee to be elected President in 2012,10,4.5,May/06/2011 22:02:07
743482,2012.PRES.HUCKABEE,Mike Huckabee to be elected President in 2012,10,4.5,May/06/2011 22:02:07
743482,2012.PRES.HUCKABEE,Mike Huckabee to be elected President in 2012,5,4.4,May/06/2011 22:02:07
743482,2012.PRES.HUCKABEE,Mike Huckabee to be elected President in 2012,6,4.5,May/06/2011 22:02:07
743482,2012.PRES.HUCKABEE,Mike Huckabee to be elected President in 2012,10,4.9,May/06/2011 22:02:41
743482,2012.PRES.HUCKABEE,Mike Huckabee to be elected President in 2012,8,4.6,May/06/2011 22:02:41
743482,2012.PRES.HUCKABEE,Mike Huckabee to be elected President in 2012,9,4.7,May/06/2011 22:02:41
743482,2012.PRES.HUCKABEE,Mike Huckabee to be elected President in 2012,10,4.8,May/06/2011 22:02:41
743482,2012.PRES.HUCKABEE,Mike Huckabee to be elected President in 2012,11,4.9,May/06/2011 22:02:41
743482,2012.PRES.HUCKABEE,Mike Huckabee to be elected President in 2012,7,4.6,May/06/2011 22:02:41
743482,2012.PRES.HUCKABEE,Mike Huckabee to be elected President in 2012,8,4.7,May/06/2011 22:02:41
743482,2012.PRES.HUCKABEE,Mike Huckabee to be elected President in 2012,7,4.9,May/06/2011 22:02:41
743482,2012.PRES.HUCKABEE,Mike Huckabee to be elected President in 2012,100,5.0,May/06/2011 22:03:01
743482,2012.PRES.HUCKABEE,Mike Huckabee to be elected President in 2012,2,4.9,May/06/2011 22:03:01
743482,2012.PRES.HUCKABEE,Mike Huckabee to be elected President in 2012,40,4.8,May/07/2011 01:35:21
743482,2012.PRES.HUCKABEE,Mike Huckabee to be elected President in 2012,10,4.5,May/07/2011 01:35:21
743482,2012.PRES.HUCKABEE,Mike Huckabee to be elected President in 2012,10,5.0,May/07/2011 01:35:21
743482,2012.PRES.HUCKABEE,Mike Huckabee to be elected President in 2012,1,4.5,May/07/2011 15:27:43
743482,2012.PRES.HUCKABEE,Mike Huckabee to be elected President in 2012,10,4.4,May/07/2011 15:27:43
743482,2012.PRES.HUCKABEE,Mike Huckabee to be elected President in 2012,10,4.3,May/07/2011 15:27:43
743482,2012.PRES.HUCKABEE,Mike Huckabee to be elected President in 2012,10,4.5,May/07/2011 15:27:43
743482,2012.PRES.HUCKABEE,Mike Huckabee to be elected President in 2012,10,4.2,May/08/2011 16:22:49
743482,2012.PRES.HUCKABEE,Mike Huckabee to be elected President in 2012,10,4.1,May/08/2011 16:22:49
743482,2012.PRES.HUCKABEE,Mike Huckabee to be elected President in 2012,10,4.2,May/08/2011 16:22:49
743482,2012.PRES.HUCKABEE,Mike Huckabee to be elected President in 2012,10,4.0,May/08/2011 16:22:49
743482,2012.PRES.HUCKABEE,Mike Huckabee to be elected President in 2012,10,4.0,May/08/2011 16:22:49
743482,2012.PRES.HUCKABEE,Mike Huckabee to be elected President in 2012,10,4.0,May/08/2011 19:37:39
743482,2012.PRES.HUCKABEE,Mike Huckabee to be elected President in 2012,10,3.9,May/08/2011 19:37:39
743482,2012.PRES.HUCKABEE,Mike Huckabee to be elected President in 2012,10,3.9,May/08/2011 19:37:39
743482,2012.PRES.HUCKABEE,Mike Huckabee to be elected President in 2012,10,3.8,May/08/2011 19:37:39
743482,2012.PRES.HUCKABEE,Mike Huckabee to be elected President in 2012,10,3.7,May/08/2011 19:37:39
743482,2012.PRES.HUCKABEE,Mike Huckabee to be elected President in 2012,10,4.1,May/09/2011 00:00:27
743482,2012.PRES.HUCKABEE,Mike Huckabee to be elected President in 2012,10,3.5,May/10/2011 00:28:30
743482,2012.PRES.HUCKABEE,Mike Huckabee to be elected President in 2012,8,3.3,May/10/2011 03:31:19
743482,2012.PRES.HUCKABEE,Mike Huckabee to be elected President in 2012,8,3.2,May/10/2011 03:31:19
743482,2012.PRES.HUCKABEE,Mike Huckabee to be elected President in 2012,8,3.1,May/10/2011 03:31:19
743482,2012.PRES.HUCKABEE,Mike Huckabee to be elected President in 2012,8,3.0,May/10/2011 03:31:19
743482,2012.PRES.HUCKABEE,Mike Huckabee to be elected President in 2012,10,3.0,May/10/2011 03:31:19
743482,2012.PRES.HUCKABEE,Mike Huckabee to be elected President in 2012,10,3.1,May/10/2011 03:31:19
743482,2012.PRES.HUCKABEE,Mike Huckabee to be elected President in 2012,2,2.8,May/10/2011 15:59:41
743482,2012.PRES.HUCKABEE,Mike Huckabee to be elected President in 2012,10,2.8,May/10/2011 21:45:45
743482,2012.PRES.HUCKABEE,Mike Huckabee to be elected President in 2012,85,2.8,May/11/2011 02:43:50
743482,2012.PRES.HUCKABEE,Mike Huckabee to be elected President in 2012,3,2.8,May/11/2011 02:58:45
743482,2012.PRES.HUCKABEE,Mike Huckabee to be elected President in 2012,1,2.7,May/11/2011 03:19:17
743482,2012.PRES.HUCKABEE,Mike Huckabee to be elected President in 2012,1,2.9,May/12/2011 05:32:28
743482,2012.PRES.HUCKABEE,Mike Huckabee to be elected President in 2012,10,2.9,May/12/2011 05:32:28
743482,2012.PRES.HUCKABEE,Mike Huckabee to be elected President in 2012,10,2.9,May/12/2011 05:32:28
743482,2012.PRES.HUCKABEE,Mike Huckabee to be elected President in 2012,9,2.9,May/12/2011 14:28:16
743482,2012.PRES.HUCKABEE,Mike Huckabee to be elected President in 2012,1,2.9,May/12/2011 20:23:44
743482,2012.PRES.HUCKABEE,Mike Huckabee to be elected President in 2012,2,3.0,May/13/2011 01:15:36
743482,2012.PRES.HUCKABEE,Mike Huckabee to be elected President in 2012,3,3.1,May/13/2011 01:15:36
743482,2012.PRES.HUCKABEE,Mike Huckabee to be elected President in 2012,10,3.0,May/13/2011 01:15:36
743482,2012.PRES.HUCKABEE,Mike Huckabee to be elected President in 2012,10,3.0,May/13/2011 01:15:36
743482,2012.PRES.HUCKABEE,Mike Huckabee to be elected President in 2012,10,3.1,May/13/2011 01:15:36
743482,2012.PRES.HUCKABEE,Mike Huckabee to be elected President in 2012,10,3.0,May/13/2011 01:15:36
743482,2012.PRES.HUCKABEE,Mike Huckabee to be elected President in 2012,9,3.1,May/13/2011 01:15:36
743482,2012.PRES.HUCKABEE,Mike Huckabee to be elected President in 2012,1,3.0,May/13/2011 01:15:36
743482,2012.PRES.HUCKABEE,Mike Huckabee to be elected President in 2012,1,3.1,May/13/2011 12:21:21
743482,2012.PRES.HUCKABEE,Mike Huckabee to be elected President in 2012,4,3.2,May/13/2011 15:38:05
743482,2012.PRES.HUCKABEE,Mike Huckabee to be elected President in 2012,10,3.2,May/13/2011 15:38:05
743482,2012.PRES.HUCKABEE,Mike Huckabee to be elected President in 2012,5,3.3,May/13/2011 15:38:24
743482,2012.PRES.HUCKABEE,Mike Huckabee to be elected President in 2012,10,3.3,May/13/2011 15:38:24
743482,2012.PRES.HUCKABEE,Mike Huckabee to be elected President in 2012,10,3.3,May/13/2011 15:38:24
743482,2012.PRES.HUCKABEE,Mike Huckabee to be elected President in 2012,3,3.4,May/13/2011 15:38:36
743482,2012.PRES.HUCKABEE,Mike Huckabee to be elected President in 2012,20,3.4,May/13/2011 15:38:36
743482,2012.PRES.HUCKABEE,Mike Huckabee to be elected President in 2012,6,3.4,May/13/2011 15:38:36
743482,2012.PRES.HUCKABEE,Mike Huckabee to be elected President in 2012,10,3.4,May/13/2011 15:38:36
743482,2012.PRES.HUCKABEE,Mike Huckabee to be elected President in 2012,4,3.5,May/13/2011 15:38:52
743482,2012.PRES.HUCKABEE,Mike Huckabee to be elected President in 2012,20,3.5,May/13/2011 15:38:52
743482,2012.PRES.HUCKABEE,Mike Huckabee to be elected President in 2012,7,3.5,May/13/2011 15:38:52
743482,2012.PRES.HUCKABEE,Mike Huckabee to be elected President in 2012,10,3.5,May/13/2011 15:38:52
743482,2012.PRES.HUCKABEE,Mike Huckabee to be elected President in 2012,5,3.6,May/13/2011 15:39:10
743482,2012.PRES.HUCKABEE,Mike Huckabee to be elected President in 2012,8,3.6,May/13/2011 15:39:10
743482,2012.PRES.HUCKABEE,Mike Huckabee to be elected President in 2012,10,3.6,May/13/2011 15:39:10
743482,2012.PRES.HUCKABEE,Mike Huckabee to be elected President in 2012,6,3.7,May/13/2011 15:39:22
743482,2012.PRES.HUCKABEE,Mike Huckabee to be elected President in 2012,9,3.7,May/13/2011 15:39:22
743482,2012.PRES.HUCKABEE,Mike Huckabee to be elected President in 2012,7,3.8,May/13/2011 15:39:36
743482,2012.PRES.HUCKABEE,Mike Huckabee to be elected President in 2012,10,3.8,May/13/2011 15:39:36
743482,2012.PRES.HUCKABEE,Mike Huckabee to be elected President in 2012,8,3.9,May/13/2011 15:39:56
743482,2012.PRES.HUCKABEE,Mike Huckabee to be elected President in 2012,20,3.9,May/13/2011 15:39:56
743482,2012.PRES.HUCKABEE,Mike Huckabee to be elected President in 2012,9,3.9,May/13/2011 15:39:56
743482,2012.PRES.HUCKABEE,Mike Huckabee to be elected President in 2012,10,3.9,May/13/2011 15:39:56
743482,2012.PRES.HUCKABEE,Mike Huckabee to be elected President in 2012,11,3.9,May/13/2011 15:39:56
743482,2012.PRES.HUCKABEE,Mike Huckabee to be elected President in 2012,9,4.0,May/13/2011 15:40:28
743482,2012.PRES.HUCKABEE,Mike Huckabee to be elected President in 2012,10,4.0,May/13/2011 15:40:28
743482,2012.PRES.HUCKABEE,Mike Huckabee to be elected President in 2012,10,4.0,May/13/2011 15:40:28
743482,2012.PRES.HUCKABEE,Mike Huckabee to be elected President in 2012,10,4.0,May/13/2011 15:40:28
743482,2012.PRES.HUCKABEE,Mike Huckabee to be elected President in 2012,10,4.0,May/13/2011 15:40:28
743482,2012.PRES.HUCKABEE,Mike Huckabee to be elected President in 2012,10,4.0,May/13/2011 15:45:53
743482,2012.PRES.HUCKABEE,Mike Huckabee to be elected President in 2012,58,3.9,May/13/2011 17:03:29
743482,2012.PRES.HUCKABEE,Mike Huckabee to be elected President in 2012,1,2.0,May/13/2011 17:40:32
743482,2012.PRES.HUCKABEE,Mike Huckabee to be elected President in 2012,5,2.5,May/13/2011 17:40:32
743482,2012.PRES.HUCKABEE,Mike Huckabee to be elected President in 2012,10,2.4,May/13/2011 17:40:32
743482,2012.PRES.HUCKABEE,Mike Huckabee to be elected President in 2012,15,2.3,May/13/2011 17:40:32
743482,2012.PRES.HUCKABEE,Mike Huckabee to be elected President in 2012,20,2.2,May/13/2011 17:40:32
743482,2012.PRES.HUCKABEE,Mike Huckabee to be elected President in 2012,25,2.1,May/13/2011 17:40:32
743482,2012.PRES.HUCKABEE,Mike Huckabee to be elected President in 2012,41,2.0,May/13/2011 17:58:17
743482,2012.PRES.HUCKABEE,Mike Huckabee to be elected President in 2012,8,2.0,May/13/2011 18:05:06
743482,2012.PRES.HUCKABEE,Mike Huckabee to be elected President in 2012,5,2.0,May/13/2011 18:55:47
743482,2012.PRES.HUCKABEE,Mike Huckabee to be elected President in 2012,6,2.0,May/13/2011 18:56:11
743482,2012.PRES.HUCKABEE,Mike Huckabee to be elected President in 2012,10,2.5,May/13/2011 19:03:17
743482,2012.PRES.HUCKABEE,Mike Huckabee to be elected President in 2012,10,2.4,May/13/2011 19:03:17
743482,2012.PRES.HUCKABEE,Mike Huckabee to be elected President in 2012,7,2.1,May/13/2011 19:03:17
743482,2012.PRES.HUCKABEE,Mike Huckabee to be elected President in 2012,8,2.3,May/13/2011 19:03:17
743482,2012.PRES.HUCKABEE,Mike Huckabee to be elected President in 2012,6,2.2,May/13/2011 19:03:17
743482,2012.PRES.HUCKABEE,Mike Huckabee to be elected President in 2012,14,2.0,May/13/2011 20:03:56
743482,2012.PRES.HUCKABEE,Mike Huckabee to be elected President in 2012,60,1.0,May/13/2011 21:44:29
743482,2012.PRES.HUCKABEE,Mike Huckabee to be elected President in 2012,10,1.0,May/13/2011 22:28:00
743482,2012.PRES.HUCKABEE,Mike Huckabee to be elected President in 2012,1,1.1,May/13/2011 22:52:14
743482,2012.PRES.HUCKABEE,Mike Huckabee to be elected President in 2012,2,1.2,May/13/2011 23:03:20
743482,2012.PRES.HUCKABEE,Mike Huckabee to be elected President in 2012,5,1.4,May/14/2011 00:40:55
743482,2012.PRES.HUCKABEE,Mike Huckabee to be elected President in 2012,10,1.5,May/14/2011 00:40:55
743482,2012.PRES.HUCKABEE,Mike Huckabee to be elected President in 2012,15,1.6,May/14/2011 00:40:55
743482,2012.PRES.HUCKABEE,Mike Huckabee to be elected President in 2012,12,1.7,May/14/2011 00:40:55
743482,2012.PRES.HUCKABEE,Mike Huckabee to be elected President in 2012,3,1.3,May/14/2011 00:40:55
743482,2012.PRES.HUCKABEE,Mike Huckabee to be elected President in 2012,4,1.4,May/14/2011 00:40:55
743482,2012.PRES.HUCKABEE,Mike Huckabee to be elected President in 2012,5,1.5,May/14/2011 00:40:55
743482,2012.PRES.HUCKABEE,Mike Huckabee to be elected President in 2012,6,1.6,May/14/2011 00:40:55
743482,2012.PRES.HUCKABEE,Mike Huckabee to be elected President in 2012,1,1.1,May/14/2011 02:40:18
743482,2012.PRES.HUCKABEE,Mike Huckabee to be elected President in 2012,10,1.1,May/14/2011 03:41:47
743482,2012.PRES.HUCKABEE,Mike Huckabee to be elected President in 2012,100,1.1,May/14/2011 05:33:11
743482,2012.PRES.HUCKABEE,Mike Huckabee to be elected President in 2012,88,1.1,May/14/2011 10:24:17
743482,2012.PRES.HUCKABEE,Mike Huckabee to be elected President in 2012,2,1.1,May/14/2011 14:02:07
743482,2012.PRES.HUCKABEE,Mike Huckabee to be elected President in 2012,15,1.2,May/14/2011 14:02:26
743482,2012.PRES.HUCKABEE,Mike Huckabee to be elected President in 2012,202,1.3,May/14/2011 14:38:49
743482,2012.PRES.HUCKABEE,Mike Huckabee to be elected President in 2012,18,1.2,May/14/2011 14:38:49
743482,2012.PRES.HUCKABEE,Mike Huckabee to be elected President in 2012,150,1.3,May/14/2011 15:38:52
743482,2012.PRES.HUCKABEE,Mike Huckabee to be elected President in 2012,10,1.1,May/14/2011 16:00:11
743482,2012.PRES.HUCKABEE,Mike Huckabee to be elected President in 2012,2,1.2,May/14/2011 16:00:25
743482,2012.PRES.HUCKABEE,Mike Huckabee to be elected President in 2012,34,1.3,May/14/2011 16:03:01
743482,2012.PRES.HUCKABEE,Mike Huckabee to be elected President in 2012,8,1.2,May/14/2011 16:03:01
743482,2012.PRES.HUCKABEE,Mike Huckabee to be elected President in 2012,7,1.7,May/14/2011 16:12:29
743482,2012.PRES.HUCKABEE,Mike Huckabee to be elected President in 2012,8,1.8,May/14/2011 16:12:29
743482,2012.PRES.HUCKABEE,Mike Huckabee to be elected President in 2012,25,3.0,May/14/2011 18:12:48
743482,2012.PRES.HUCKABEE,Mike Huckabee to be elected President in 2012,6,3.0,May/14/2011 18:16:21
743482,2012.PRES.HUCKABEE,Mike Huckabee to be elected President in 2012,1,6.0,May/14/2011 22:42:18
743482,2012.PRES.HUCKABEE,Mike Huckabee to be elected President in 2012,1,0.1,May/15/2011 00:56:42
743482,2012.PRES.HUCKABEE,Mike Huckabee to be elected President in 2012,57,0.1,May/15/2011 00:56:42
743482,2012.PRES.HUCKABEE,Mike Huckabee to be elected President in 2012,7,0.2,May/15/2011 01:02:09
743482,2012.PRES.HUCKABEE,Mike Huckabee to be elected President in 2012,57,0.1,May/15/2011 01:06:26
743482,2012.PRES.HUCKABEE,Mike Huckabee to be elected President in 2012,119,0.1,May/15/2011 01:07:07
743482,2012.PRES.HUCKABEE,Mike Huckabee to be elected President in 2012,40,0.2,May/15/2011 01:07:59
743482,2012.PRES.HUCKABEE,Mike Huckabee to be elected President in 2012,2,0.1,May/15/2011 03:07:43
743482,2012.PRES.HUCKABEE,Mike Huckabee to be elected President in 2012,45,0.1,May/15/2011 03:35:25
743482,2012.PRES.HUCKABEE,Mike Huckabee to be elected President in 2012,96,0.1,May/15/2011 15:28:07
743482,2012.PRES.HUCKABEE,Mike Huckabee to be elected President in 2012,22,0.1,May/18/2011 16:52:09
743482,2012.PRES.HUCKABEE,Mike Huckabee to be elected President in 2012,400,0.1,May/18/2011 16:54:20
743482,2012.PRES.HUCKABEE,Mike Huckabee to be elected President in 2012,2,0.1,May/18/2011 16:54:20
743482,2012.PRES.HUCKABEE,Mike Huckabee to be elected President in 2012,3,0.1,May/19/2011 01:44:41
743482,2012.PRES.HUCKABEE,Mike Huckabee to be elected President in 2012,116,0.1,May/31/2011 21:49:07
743482,2012.PRES.HUCKABEE,Mike Huckabee to be elected President in 2012,500,0.1,May/31/2011 21:49:07
743482,2012.PRES.HUCKABEE,Mike Huckabee to be elected President in 2012,37,0.1,May/31/2011 21:49:07
743482,2012.PRES.HUCKABEE,Mike Huckabee to be elected President in 2012,30,0.1,May/31/2011 21:49:07
743482,2012.PRES.HUCKABEE,Mike Huckabee to be elected President in 2012,33,0.1,May/31/2011 21:49:07
743482,2012.PRES.HUCKABEE,Mike Huckabee to be elected President in 2012,30,0.1,May/31/2011 21:49:07
743482,2012.PRES.HUCKABEE,Mike Huckabee to be elected President in 2012,20,0.1,May/31/2011 21:49:07
743482,2012.PRES.HUCKABEE,Mike Huckabee to be elected President in 2012,100,0.1,May/31/2011 21:49:07
743482,2012.PRES.HUCKABEE,Mike Huckabee to be elected President in 2012,90,0.1,May/31/2011 21:49:07
743482,2012.PRES.HUCKABEE,Mike Huckabee to be elected President in 2012,10,0.1,May/31/2011 21:49:07
743482,2012.PRES.HUCKABEE,Mike Huckabee to be elected President in 2012,100,0.1,May/31/2011 21:56:36
743482,2012.PRES.HUCKABEE,Mike Huckabee to be elected President in 2012,30,0.1,Jun/01/2011 04:15:17
743482,2012.PRES.HUCKABEE,Mike Huckabee to be elected President in 2012,5,0.1,Jun/01/2011 04:19:26
743482,2012.PRES.HUCKABEE,Mike Huckabee to be elected President in 2012,10,0.2,Jun/01/2011 20:04:01
743482,2012.PRES.HUCKABEE,Mike Huckabee to be elected President in 2012,10,0.2,Jun/01/2011 20:04:01
743482,2012.PRES.HUCKABEE,Mike Huckabee to be elected President in 2012,50,0.2,Jun/01/2011 20:04:01
743482,2012.PRES.HUCKABEE,Mike Huckabee to be elected President in 2012,10,0.2,Jun/01/2011 21:37:36
743482,2012.PRES.HUCKABEE,Mike Huckabee to be elected President in 2012,15,0.1,Jun/01/2011 22:16:53
743482,2012.PRES.HUCKABEE,Mike Huckabee to be elected President in 2012,20,0.1,Jun/02/2011 06:33:48
743482,2012.PRES.HUCKABEE,Mike Huckabee to be elected President in 2012,80,0.2,Jun/02/2011 12:46:55
743482,2012.PRES.HUCKABEE,Mike Huckabee to be elected President in 2012,20,0.3,Jun/02/2011 12:52:43
743482,2012.PRES.HUCKABEE,Mike Huckabee to be elected President in 2012,10,0.3,Jun/02/2011 12:52:43
743482,2012.PRES.HUCKABEE,Mike Huckabee to be elected President in 2012,10,0.3,Jun/02/2011 15:19:22
743482,2012.PRES.HUCKABEE,Mike Huckabee to be elected President in 2012,10,0.4,Jun/02/2011 15:19:35
743482,2012.PRES.HUCKABEE,Mike Huckabee to be elected President in 2012,15,0.2,Jun/02/2011 23:25:25
743482,2012.PRES.HUCKABEE,Mike Huckabee to be elected President in 2012,5,0.2,Jun/02/2011 23:25:35
743482,2012.PRES.HUCKABEE,Mike Huckabee to be elected President in 2012,10,0.2,Jun/02/2011 23:25:35
743482,2012.PRES.HUCKABEE,Mike Huckabee to be elected President in 2012,10,0.2,Jun/02/2011 23:52:58
743482,2012.PRES.HUCKABEE,Mike Huckabee to be elected President in 2012,13,0.2,Jun/03/2011 00:06:50
743482,2012.PRES.HUCKABEE,Mike Huckabee to be elected President in 2012,33,0.2,Jun/03/2011 00:06:50
743482,2012.PRES.HUCKABEE,Mike Huckabee to be elected President in 2012,44,0.2,Jun/03/2011 20:03:08
743482,2012.PRES.HUCKABEE,Mike Huckabee to be elected President in 2012,100,0.2,Jun/03/2011 20:03:08
743482,2012.PRES.HUCKABEE,Mike Huckabee to be elected President in 2012,30,0.2,Jun/03/2011 22:52:52
743482,2012.PRES.HUCKABEE,Mike Huckabee to be elected President in 2012,67,0.2,Jun/06/2011 19:46:13
743482,2012.PRES.HUCKABEE,Mike Huckabee to be elected President in 2012,5,0.2,Jun/06/2011 19:46:13
743482,2012.PRES.HUCKABEE,Mike Huckabee to be elected President in 2012,99,0.2,Jun/06/2011 19:46:13
743482,2012.PRES.HUCKABEE,Mike Huckabee to be elected President in 2012,63,0.1,Jun/09/2011 22:22:58
743482,2012.PRES.HUCKABEE,Mike Huckabee to be elected President in 2012,171,0.1,Jun/11/2011 14:01:31
743482,2012.PRES.HUCKABEE,Mike Huckabee to be elected President in 2012,10,0.1,Jun/14/2011 14:20:16
743482,2012.PRES.HUCKABEE,Mike Huckabee to be elected President in 2012,10,0.1,Jun/14/2011 17:16:58
743482,2012.PRES.HUCKABEE,Mike Huckabee to be elected President in 2012,10,0.1,Jun/14/2011 21:42:13
743482,2012.PRES.HUCKABEE,Mike Huckabee to be elected President in 2012,10,0.1,Jun/15/2011 02:02:06
743482,2012.PRES.HUCKABEE,Mike Huckabee to be elected President in 2012,10,0.1,Jun/15/2011 02:39:11
743482,2012.PRES.HUCKABEE,Mike Huckabee to be elected President in 2012,30,0.1,Jun/15/2011 14:33:31
743482,2012.PRES.HUCKABEE,Mike Huckabee to be elected President in 2012,10,0.1,Jun/15/2011 18:40:58
743482,2012.PRES.HUCKABEE,Mike Huckabee to be elected President in 2012,10,0.1,Jun/16/2011 14:19:46
743482,2012.PRES.HUCKABEE,Mike Huckabee to be elected President in 2012,10,0.1,Jun/16/2011 17:33:08
743482,2012.PRES.HUCKABEE,Mike Huckabee to be elected President in 2012,20,0.1,Jun/16/2011 21:40:50
743482,2012.PRES.HUCKABEE,Mike Huckabee to be elected President in 2012,52,0.1,Jun/16/2011 23:00:13
743482,2012.PRES.HUCKABEE,Mike Huckabee to be elected President in 2012,10,0.2,Jun/17/2011 00:11:51
743482,2012.PRES.HUCKABEE,Mike Huckabee to be elected President in 2012,10,0.2,Jun/17/2011 00:11:51
743482,2012.PRES.HUCKABEE,Mike Huckabee to be elected President in 2012,10,0.2,Jun/17/2011 00:11:51
743482,2012.PRES.HUCKABEE,Mike Huckabee to be elected President in 2012,10,0.2,Jun/17/2011 00:11:51
743482,2012.PRES.HUCKABEE,Mike Huckabee to be elected President in 2012,10,0.2,Jun/17/2011 00:11:51
743482,2012.PRES.HUCKABEE,Mike Huckabee to be elected President in 2012,2,0.2,Jun/17/2011 00:11:51
743482,2012.PRES.HUCKABEE,Mike Huckabee to be elected President in 2012,5,0.1,Jun/21/2011 22:15:20
743482,2012.PRES.HUCKABEE,Mike Huckabee to be elected President in 2012,598,0.1,Jul/13/2011 23:11:15
743482,2012.PRES.HUCKABEE,Mike Huckabee to be elected President in 2012,80,0.1,Jul/16/2011 03:53:19
743482,2012.PRES.HUCKABEE,Mike Huckabee to be elected President in 2012,80,0.1,Jul/18/2011 17:44:52
743482,2012.PRES.HUCKABEE,Mike Huckabee to be elected President in 2012,1,0.1,Aug/01/2011 18:30:32
743482,2012.PRES.HUCKABEE,Mike Huckabee to be elected President in 2012,2,0.1,Aug/01/2011 21:32:47
743482,2012.PRES.HUCKABEE,Mike Huckabee to be elected President in 2012,1,0.1,Aug/01/2011 22:33:45
743482,2012.PRES.HUCKABEE,Mike Huckabee to be elected President in 2012,30,0.1,Aug/01/2011 23:39:06
743482,2012.PRES.HUCKABEE,Mike Huckabee to be elected President in 2012,4,0.1,Aug/02/2011 00:34:10
743482,2012.PRES.HUCKABEE,Mike Huckabee to be elected President in 2012,10,0.1,Aug/02/2011 20:09:39
743482,2012.PRES.HUCKABEE,Mike Huckabee to be elected President in 2012,10,0.1,Aug/02/2011 22:16:01
743482,2012.PRES.HUCKABEE,Mike Huckabee to be elected President in 2012,10,0.1,Aug/02/2011 22:17:14
743482,2012.PRES.HUCKABEE,Mike Huckabee to be elected President in 2012,10,0.1,Aug/02/2011 22:32:14
743482,2012.PRES.HUCKABEE,Mike Huckabee to be elected President in 2012,1,0.1,Aug/02/2011 22:38:46
743482,2012.PRES.HUCKABEE,Mike Huckabee to be elected President in 2012,1,0.1,Aug/02/2011 22:40:55
743482,2012.PRES.HUCKABEE,Mike Huckabee to be elected President in 2012,1,0.1,Aug/02/2011 22:49:47
743482,2012.PRES.HUCKABEE,Mike Huckabee to be elected President in 2012,10,0.1,Aug/02/2011 22:56:06
743482,2012.PRES.HUCKABEE,Mike Huckabee to be elected President in 2012,10,0.1,Aug/03/2011 14:17:59
743482,2012.PRES.HUCKABEE,Mike Huckabee to be elected President in 2012,10,0.1,Aug/03/2011 14:18:06
743482,2012.PRES.HUCKABEE,Mike Huckabee to be elected President in 2012,9,0.1,Aug/03/2011 14:18:49
743482,2012.PRES.HUCKABEE,Mike Huckabee to be elected President in 2012,10,0.1,Aug/03/2011 14:31:23
743482,2012.PRES.HUCKABEE,Mike Huckabee to be elected President in 2012,10,0.1,Aug/03/2011 17:45:37
743482,2012.PRES.HUCKABEE,Mike Huckabee to be elected President in 2012,10,0.1,Aug/03/2011 21:33:40
743482,2012.PRES.HUCKABEE,Mike Huckabee to be elected President in 2012,10,0.1,Aug/04/2011 03:38:18
743482,2012.PRES.HUCKABEE,Mike Huckabee to be elected President in 2012,10,0.1,Aug/04/2011 03:47:40
743482,2012.PRES.HUCKABEE,Mike Huckabee to be elected President in 2012,1,0.1,Aug/04/2011 11:53:51
743482,2012.PRES.HUCKABEE,Mike Huckabee to be elected President in 2012,10,0.1,Aug/04/2011 15:17:54
743482,2012.PRES.HUCKABEE,Mike Huckabee to be elected President in 2012,2,0.1,Aug/04/2011 18:01:14
743482,2012.PRES.HUCKABEE,Mike Huckabee to be elected President in 2012,10,0.1,Aug/04/2011 20:17:26
743482,2012.PRES.HUCKABEE,Mike Huckabee to be elected President in 2012,10,0.1,Aug/04/2011 23:33:33
743482,2012.PRES.HUCKABEE,Mike Huckabee to be elected President in 2012,10,0.1,Aug/05/2011 01:16:58
743482,2012.PRES.HUCKABEE,Mike Huckabee to be elected President in 2012,1,0.1,Aug/05/2011 01:17:07
743482,2012.PRES.HUCKABEE,Mike Huckabee to be elected President in 2012,10,0.1,Aug/05/2011 01:18:11
743482,2012.PRES.HUCKABEE,Mike Huckabee to be elected President in 2012,10,0.1,Aug/05/2011 01:20:12
743482,2012.PRES.HUCKABEE,Mike Huckabee to be elected President in 2012,10,0.1,Aug/05/2011 02:36:04
743482,2012.PRES.HUCKABEE,Mike Huckabee to be elected President in 2012,10,0.1,Aug/05/2011 03:39:26
743482,2012.PRES.HUCKABEE,Mike Huckabee to be elected President in 2012,10,0.1,Aug/05/2011 13:09:10
743482,2012.PRES.HUCKABEE,Mike Huckabee to be elected President in 2012,10,0.1,Aug/05/2011 13:09:17
743482,2012.PRES.HUCKABEE,Mike Huckabee to be elected President in 2012,4,0.1,Aug/05/2011 13:09:44
743482,2012.PRES.HUCKABEE,Mike Huckabee to be elected President in 2012,10,0.1,Aug/05/2011 15:14:44
743482,2012.PRES.HUCKABEE,Mike Huckabee to be elected President in 2012,10,0.1,Aug/06/2011 00:33:45
743482,2012.PRES.HUCKABEE,Mike Huckabee to be elected President in 2012,10,0.1,Aug/06/2011 03:16:27
743482,2012.PRES.HUCKABEE,Mike Huckabee to be elected President in 2012,10,0.1,Aug/06/2011 16:30:22
743482,2012.PRES.HUCKABEE,Mike Huckabee to be elected President in 2012,10,0.1,Aug/07/2011 16:03:43
743482,2012.PRES.HUCKABEE,Mike Huckabee to be elected President in 2012,10,0.1,Aug/07/2011 21:46:49
743482,2012.PRES.HUCKABEE,Mike Huckabee to be elected President in 2012,10,0.1,Aug/08/2011 02:17:20
743482,2012.PRES.HUCKABEE,Mike Huckabee to be elected President in 2012,10,0.1,Aug/08/2011 15:08:48
743482,2012.PRES.HUCKABEE,Mike Huckabee to be elected President in 2012,2,0.1,Aug/08/2011 16:24:43
743482,2012.PRES.HUCKABEE,Mike Huckabee to be elected President in 2012,1,0.1,Aug/08/2011 16:24:51
743482,2012.PRES.HUCKABEE,Mike Huckabee to be elected President in 2012,10,0.1,Aug/08/2011 16:27:04
743482,2012.PRES.HUCKABEE,Mike Huckabee to be elected President in 2012,150,0.1,Aug/09/2011 21:50:00
743482,2012.PRES.HUCKABEE,Mike Huckabee to be elected President in 2012,10,0.1,Aug/11/2011 21:41:30
743482,2012.PRES.HUCKABEE,Mike Huckabee to be elected President in 2012,1,0.1,Aug/11/2011 21:41:37
743482,2012.PRES.HUCKABEE,Mike Huckabee to be elected President in 2012,119,0.1,Aug/11/2011 23:34:17
743482,2012.PRES.HUCKABEE,Mike Huckabee to be elected President in 2012,10,0.1,Aug/11/2011 23:34:17
743482,2012.PRES.HUCKABEE,Mike Huckabee to be elected President in 2012,111,0.1,Aug/14/2011 13:13:20
743482,2012.PRES.HUCKABEE,Mike Huckabee to be elected President in 2012,170,0.1,Aug/14/2011 13:13:20
743482,2012.PRES.HUCKABEE,Mike Huckabee to be elected President in 2012,144,0.1,Aug/14/2011 13:13:20
743482,2012.PRES.HUCKABEE,Mike Huckabee to be elected President in 2012,10,0.1,Aug/29/2011 18:11:04
743482,2012.PRES.HUCKABEE,Mike Huckabee to be elected President in 2012,106,0.1,Aug/29/2011 18:11:04
743482,2012.PRES.HUCKABEE,Mike Huckabee to be elected President in 2012,309,0.1,Aug/29/2011 18:11:04
743482,2012.PRES.HUCKABEE,Mike Huckabee to be elected President in 2012,21,0.1,Sep/01/2011 21:00:07
743482,2012.PRES.HUCKABEE,Mike Huckabee to be elected President in 2012,10,0.1,Sep/01/2011 21:00:07
743482,2012.PRES.HUCKABEE,Mike Huckabee to be elected President in 2012,175,0.1,Sep/01/2011 21:16:17
743482,2012.PRES.HUCKABEE,Mike Huckabee to be elected President in 2012,10,0.1,Sep/04/2011 01:58:21
743482,2012.PRES.HUCKABEE,Mike Huckabee to be elected President in 2012,88,0.1,Sep/04/2011 01:58:21
743482,2012.PRES.HUCKABEE,Mike Huckabee to be elected President in 2012,500,0.1,Sep/04/2011 01:58:21
743482,2012.PRES.HUCKABEE,Mike Huckabee to be elected President in 2012,2,0.1,Sep/04/2011 01:59:12
743482,2012.PRES.HUCKABEE,Mike Huckabee to be elected President in 2012,10,0.1,Sep/04/2011 02:00:01
743482,2012.PRES.HUCKABEE,Mike Huckabee to be elected President in 2012,40,0.1,Sep/04/2011 02:02:39
743482,2012.PRES.HUCKABEE,Mike Huckabee to be elected President in 2012,10,0.1,Sep/04/2011 02:15:33
743482,2012.PRES.HUCKABEE,Mike Huckabee to be elected President in 2012,90,0.1,Sep/04/2011 02:16:54
743482,2012.PRES.HUCKABEE,Mike Huckabee to be elected President in 2012,10,0.1,Sep/04/2011 02:37:35
743482,2012.PRES.HUCKABEE,Mike Huckabee to be elected President in 2012,90,0.1,Sep/04/2011 02:43:06
743482,2012.PRES.HUCKABEE,Mike Huckabee to be elected President in 2012,10,0.1,Sep/04/2011 02:47:15
743482,2012.PRES.HUCKABEE,Mike Huckabee to be elected President in 2012,90,0.1,Sep/04/2011 18:49:53
743482,2012.PRES.HUCKABEE,Mike Huckabee to be elected President in 2012,100,0.1,Sep/04/2011 18:50:47
743482,2012.PRES.HUCKABEE,Mike Huckabee to be elected President in 2012,10,0.1,Sep/04/2011 20:49:25
743482,2012.PRES.HUCKABEE,Mike Huckabee to be elected President in 2012,10,0.1,Sep/04/2011 20:50:00
743482,2012.PRES.HUCKABEE,Mike Huckabee to be elected President in 2012,9,0.1,Sep/04/2011 23:42:40
743482,2012.PRES.HUCKABEE,Mike Huckabee to be elected President in 2012,1,0.1,Sep/05/2011 20:19:08
743482,2012.PRES.HUCKABEE,Mike Huckabee to be elected President in 2012,20,0.1,Sep/05/2011 20:19:08
743482,2012.PRES.HUCKABEE,Mike Huckabee to be elected President in 2012,50,0.1,Sep/06/2011 21:16:39
743482,2012.PRES.HUCKABEE,Mike Huckabee to be elected President in 2012,50,0.1,Sep/26/2011 21:55:28
743482,2012.PRES.HUCKABEE,Mike Huckabee to be elected President in 2012,10,0.1,Sep/26/2011 21:55:28
743482,2012.PRES.HUCKABEE,Mike Huckabee to be elected President in 2012,50,0.1,Sep/26/2011 21:55:28
743482,2012.PRES.HUCKABEE,Mike Huckabee to be elected President in 2012,90,0.1,Sep/26/2011 21:55:28
743482,2012.PRES.HUCKABEE,Mike Huckabee to be elected President in 2012,560,0.1,Sep/27/2011 02:18:39
743482,2012.PRES.HUCKABEE,Mike Huckabee to be elected President in 2012,10,0.1,Sep/27/2011 02:18:39
743482,2012.PRES.HUCKABEE,Mike Huckabee to be elected President in 2012,1,0.1,Sep/27/2011 02:18:39
743482,2012.PRES.HUCKABEE,Mike Huckabee to be elected President in 2012,66,0.1,Sep/27/2011 20:06:35
743482,2012.PRES.HUCKABEE,Mike Huckabee to be elected President in 2012,9,0.2,Sep/29/2011 18:07:42
743482,2012.PRES.HUCKABEE,Mike Huckabee to be elected President in 2012,10,0.2,Sep/29/2011 18:07:42
743482,2012.PRES.HUCKABEE,Mike Huckabee to be elected President in 2012,100,0.2,Sep/29/2011 18:07:42
743482,2012.PRES.HUCKABEE,Mike Huckabee to be elected President in 2012,200,0.2,Sep/29/2011 18:07:42
743482,2012.PRES.HUCKABEE,Mike Huckabee to be elected President in 2012,1,0.2,Sep/29/2011 18:07:42
743482,2012.PRES.HUCKABEE,Mike Huckabee to be elected President in 2012,200,0.3,Sep/29/2011 18:07:56
743482,2012.PRES.HUCKABEE,Mike Huckabee to be elected President in 2012,10,0.3,Sep/29/2011 18:07:56
743482,2012.PRES.HUCKABEE,Mike Huckabee to be elected President in 2012,400,0.3,Sep/29/2011 18:07:56
743482,2012.PRES.HUCKABEE,Mike Huckabee to be elected President in 2012,50,0.3,Sep/29/2011 18:07:56
743482,2012.PRES.HUCKABEE,Mike Huckabee to be elected President in 2012,20,0.3,Sep/29/2011 18:07:56
743482,2012.PRES.HUCKABEE,Mike Huckabee to be elected President in 2012,30,0.3,Sep/29/2011 18:12:41
743482,2012.PRES.HUCKABEE,Mike Huckabee to be elected President in 2012,10,0.4,Sep/29/2011 18:13:29
743482,2012.PRES.HUCKABEE,Mike Huckabee to be elected President in 2012,10,0.4,Sep/29/2011 18:13:29
743482,2012.PRES.HUCKABEE,Mike Huckabee to be elected President in 2012,10,0.5,Sep/29/2011 18:13:41
743482,2012.PRES.HUCKABEE,Mike Huckabee to be elected President in 2012,100,0.5,Sep/29/2011 18:13:41
743482,2012.PRES.HUCKABEE,Mike Huckabee to be elected President in 2012,10,0.6,Sep/29/2011 18:14:21
743482,2012.PRES.HUCKABEE,Mike Huckabee to be elected President in 2012,100,0.3,Sep/30/2011 18:59:33
743482,2012.PRES.HUCKABEE,Mike Huckabee to be elected President in 2012,100,0.3,Sep/30/2011 18:59:33
743482,2012.PRES.HUCKABEE,Mike Huckabee to be elected President in 2012,1,0.3,Sep/30/2011 18:59:33
743482,2012.PRES.HUCKABEE,Mike Huckabee to be elected President in 2012,50,0.3,Sep/30/2011 18:59:33
743482,2012.PRES.HUCKABEE,Mike Huckabee to be elected President in 2012,50,0.3,Sep/30/2011 18:59:33
743482,2012.PRES.HUCKABEE,Mike Huckabee to be elected President in 2012,50,0.5,Sep/30/2011 19:04:54
743482,2012.PRES.HUCKABEE,Mike Huckabee to be elected President in 2012,10,0.7,Sep/30/2011 19:05:52
743482,2012.PRES.HUCKABEE,Mike Huckabee to be elected President in 2012,10,0.8,Sep/30/2011 19:05:52
743482,2012.PRES.HUCKABEE,Mike Huckabee to be elected President in 2012,10,0.9,Sep/30/2011 19:05:52
743482,2012.PRES.HUCKABEE,Mike Huckabee to be elected President in 2012,10,1.0,Sep/30/2011 19:05:52
743482,2012.PRES.HUCKABEE,Mike Huckabee to be elected President in 2012,160,1.0,Sep/30/2011 19:10:18
743482,2012.PRES.HUCKABEE,Mike Huckabee to be elected President in 2012,200,1.0,Sep/30/2011 19:23:31
743482,2012.PRES.HUCKABEE,Mike Huckabee to be elected President in 2012,100,1.1,Sep/30/2011 19:47:58
743482,2012.PRES.HUCKABEE,Mike Huckabee to be elected President in 2012,100,0.6,Sep/30/2011 20:44:36
743482,2012.PRES.HUCKABEE,Mike Huckabee to be elected President in 2012,100,0.5,Sep/30/2011 20:44:50
743482,2012.PRES.HUCKABEE,Mike Huckabee to be elected President in 2012,249,0.5,Oct/01/2011 02:45:05
743482,2012.PRES.HUCKABEE,Mike Huckabee to be elected President in 2012,951,0.5,Oct/01/2011 02:45:05
743482,2012.PRES.HUCKABEE,Mike Huckabee to be elected President in 2012,5,0.5,Oct/01/2011 09:46:24
743482,2012.PRES.HUCKABEE,Mike Huckabee to be elected President in 2012,20,0.5,Oct/01/2011 14:32:35
743482,2012.PRES.HUCKABEE,Mike Huckabee to be elected President in 2012,24,0.5,Oct/01/2011 15:13:57
743482,2012.PRES.HUCKABEE,Mike Huckabee to be elected President in 2012,26,0.5,Oct/02/2011 15:31:22
743482,2012.PRES.HUCKABEE,Mike Huckabee to be elected President in 2012,1,0.5,Oct/02/2011 15:31:22
743482,2012.PRES.HUCKABEE,Mike Huckabee to be elected President in 2012,100,0.5,Oct/02/2011 15:31:22
743482,2012.PRES.HUCKABEE,Mike Huckabee to be elected President in 2012,50,0.3,Oct/04/2011 14:26:35
743482,2012.PRES.HUCKABEE,Mike Huckabee to be elected President in 2012,1,0.2,Oct/04/2011 23:22:05
743482,2012.PRES.HUCKABEE,Mike Huckabee to be elected President in 2012,9,0.2,Oct/05/2011 00:21:36
743482,2012.PRES.HUCKABEE,Mike Huckabee to be elected President in 2012,35,0.2,Oct/05/2011 00:30:58
743482,2012.PRES.HUCKABEE,Mike Huckabee to be elected President in 2012,10,0.2,Oct/05/2011 18:04:03
743482,2012.PRES.HUCKABEE,Mike Huckabee to be elected President in 2012,5,0.2,Oct/05/2011 18:04:39
743482,2012.PRES.HUCKABEE,Mike Huckabee to be elected President in 2012,9,0.2,Oct/05/2011 18:11:45
743482,2012.PRES.HUCKABEE,Mike Huckabee to be elected President in 2012,1,0.2,Oct/05/2011 18:12:40
743482,2012.PRES.HUCKABEE,Mike Huckabee to be elected President in 2012,200,0.2,Oct/07/2011 02:43:10
743482,2012.PRES.HUCKABEE,Mike Huckabee to be elected President in 2012,559,0.2,Oct/07/2011 21:48:52
743482,2012.PRES.HUCKABEE,Mike Huckabee to be elected President in 2012,5,0.2,Oct/08/2011 01:53:18
743482,2012.PRES.HUCKABEE,Mike Huckabee to be elected President in 2012,5,0.2,Oct/08/2011 10:52:02
743482,2012.PRES.HUCKABEE,Mike Huckabee to be elected President in 2012,8,0.2,Oct/08/2011 19:45:52
743482,2012.PRES.HUCKABEE,Mike Huckabee to be elected President in 2012,1,0.2,Oct/08/2011 19:58:53
743482,2012.PRES.HUCKABEE,Mike Huckabee to be elected President in 2012,1,0.2,Oct/08/2011 19:59:43
743482,2012.PRES.HUCKABEE,Mike Huckabee to be elected President in 2012,50,0.2,Oct/08/2011 20:02:57
743482,2012.PRES.HUCKABEE,Mike Huckabee to be elected President in 2012,50,0.2,Oct/08/2011 20:07:19
743482,2012.PRES.HUCKABEE,Mike Huckabee to be elected President in 2012,1,0.2,Oct/09/2011 04:49:17
743482,2012.PRES.HUCKABEE,Mike Huckabee to be elected President in 2012,10,0.1,Oct/10/2011 20:20:50
743482,2012.PRES.HUCKABEE,Mike Huckabee to be elected President in 2012,52,0.1,Oct/10/2011 20:55:21
743482,2012.PRES.HUCKABEE,Mike Huckabee to be elected President in 2012,1,0.1,Oct/10/2011 20:59:50
743482,2012.PRES.HUCKABEE,Mike Huckabee to be elected President in 2012,6,0.1,Oct/11/2011 21:19:43
743482,2012.PRES.HUCKABEE,Mike Huckabee to be elected President in 2012,10,0.1,Oct/11/2011 21:23:28
743482,2012.PRES.HUCKABEE,Mike Huckabee to be elected President in 2012,10,0.1,Oct/11/2011 21:26:44
743482,2012.PRES.HUCKABEE,Mike Huckabee to be elected President in 2012,13,0.1,Oct/11/2011 23:33:23
743482,2012.PRES.HUCKABEE,Mike Huckabee to be elected President in 2012,66,0.1,Oct/11/2011 23:37:01
743482,2012.PRES.HUCKABEE,Mike Huckabee to be elected President in 2012,21,0.1,Oct/11/2011 23:37:49
743482,2012.PRES.HUCKABEE,Mike Huckabee to be elected President in 2012,5,0.1,Oct/12/2011 14:57:15
743482,2012.PRES.HUCKABEE,Mike Huckabee to be elected President in 2012,5,0.1,Oct/12/2011 15:01:05
743482,2012.PRES.HUCKABEE,Mike Huckabee to be elected President in 2012,19,0.1,Oct/12/2011 15:49:46
743482,2012.PRES.HUCKABEE,Mike Huckabee to be elected President in 2012,41,0.1,Oct/12/2011 15:53:25
743482,2012.PRES.HUCKABEE,Mike Huckabee to be elected President in 2012,7,0.1,Oct/12/2011 18:25:48
743482,2012.PRES.HUCKABEE,Mike Huckabee to be elected President in 2012,5,0.1,Oct/12/2011 20:53:46
743482,2012.PRES.HUCKABEE,Mike Huckabee to be elected President in 2012,10,0.1,Oct/12/2011 21:03:12
743482,2012.PRES.HUCKABEE,Mike Huckabee to be elected President in 2012,5,0.1,Oct/12/2011 22:05:24
743482,2012.PRES.HUCKABEE,Mike Huckabee to be elected President in 2012,10,0.1,Oct/12/2011 22:16:53
743482,2012.PRES.HUCKABEE,Mike Huckabee to be elected President in 2012,10,0.1,Oct/13/2011 00:30:52
743482,2012.PRES.HUCKABEE,Mike Huckabee to be elected President in 2012,1,0.2,Oct/13/2011 18:31:33
743482,2012.PRES.HUCKABEE,Mike Huckabee to be elected President in 2012,600,0.2,Oct/13/2011 18:31:33
743482,2012.PRES.HUCKABEE,Mike Huckabee to be elected President in 2012,50,0.2,Oct/13/2011 18:31:33
743482,2012.PRES.HUCKABEE,Mike Huckabee to be elected President in 2012,50,0.2,Oct/13/2011 18:31:33
743482,2012.PRES.HUCKABEE,Mike Huckabee to be elected President in 2012,100,0.2,Oct/13/2011 18:31:33
743482,2012.PRES.HUCKABEE,Mike Huckabee to be elected President in 2012,150,0.2,Oct/13/2011 18:31:33
743482,2012.PRES.HUCKABEE,Mike Huckabee to be elected President in 2012,50,0.2,Oct/13/2011 18:31:33
743482,2012.PRES.HUCKABEE,Mike Huckabee to be elected President in 2012,11,0.1,Oct/14/2011 18:54:13
743482,2012.PRES.HUCKABEE,Mike Huckabee to be elected President in 2012,50,0.3,Oct/16/2011 19:53:32
743482,2012.PRES.HUCKABEE,Mike Huckabee to be elected President in 2012,1,0.3,Oct/16/2011 19:53:32
743482,2012.PRES.HUCKABEE,Mike Huckabee to be elected President in 2012,50,0.3,Oct/16/2011 19:53:32
743482,2012.PRES.HUCKABEE,Mike Huckabee to be elected President in 2012,50,0.3,Oct/16/2011 19:53:32
743482,2012.PRES.HUCKABEE,Mike Huckabee to be elected President in 2012,1,0.1,Oct/18/2011 14:21:40
743482,2012.PRES.HUCKABEE,Mike Huckabee to be elected President in 2012,1,0.1,Oct/18/2011 14:27:39
743482,2012.PRES.HUCKABEE,Mike Huckabee to be elected President in 2012,1,0.1,Oct/18/2011 21:53:53
743482,2012.PRES.HUCKABEE,Mike Huckabee to be elected President in 2012,43,0.1,Nov/03/2011 07:53:22
743482,2012.PRES.HUCKABEE,Mike Huckabee to be elected President in 2012,15,0.1,Nov/03/2011 07:53:22
743482,2012.PRES.HUCKABEE,Mike Huckabee to be elected President in 2012,10,0.1,Nov/03/2011 07:53:22
743482,2012.PRES.HUCKABEE,Mike Huckabee to be elected President in 2012,1254,0.1,Nov/03/2011 07:53:22
743482,2012.PRES.HUCKABEE,Mike Huckabee to be elected President in 2012,1,0.1,Nov/03/2011 17:25:35
743482,2012.PRES.HUCKABEE,Mike Huckabee to be elected President in 2012,40,0.2,Nov/03/2011 20:48:26
743482,2012.PRES.HUCKABEE,Mike Huckabee to be elected President in 2012,100,0.2,Nov/03/2011 20:48:26
743482,2012.PRES.HUCKABEE,Mike Huckabee to be elected President in 2012,50,0.2,Nov/03/2011 20:48:26
743482,2012.PRES.HUCKABEE,Mike Huckabee to be elected President in 2012,50,0.2,Nov/03/2011 20:48:26
743482,2012.PRES.HUCKABEE,Mike Huckabee to be elected President in 2012,1,0.1,Nov/04/2011 18:28:19
743482,2012.PRES.HUCKABEE,Mike Huckabee to be elected President in 2012,3,0.1,Nov/05/2011 15:30:31
743482,2012.PRES.HUCKABEE,Mike Huckabee to be elected President in 2012,1,0.1,Nov/05/2011 16:44:19
743482,2012.PRES.HUCKABEE,Mike Huckabee to be elected President in 2012,1,0.1,Nov/05/2011 20:28:51
743482,2012.PRES.HUCKABEE,Mike Huckabee to be elected President in 2012,3,0.1,Nov/06/2011 16:21:58
743482,2012.PRES.HUCKABEE,Mike Huckabee to be elected President in 2012,100,0.1,Nov/09/2011 13:36:12
743482,2012.PRES.HUCKABEE,Mike Huckabee to be elected President in 2012,1,0.1,Nov/09/2011 17:58:07
743482,2012.PRES.HUCKABEE,Mike Huckabee to be elected President in 2012,10,0.1,Nov/11/2011 14:12:00
743482,2012.PRES.HUCKABEE,Mike Huckabee to be elected President in 2012,126,0.1,Nov/14/2011 06:04:52
743482,2012.PRES.HUCKABEE,Mike Huckabee to be elected President in 2012,48,0.1,Nov/14/2011 06:08:32
743482,2012.PRES.HUCKABEE,Mike Huckabee to be elected President in 2012,50,0.2,Nov/18/2011 13:45:10
743482,2012.PRES.HUCKABEE,Mike Huckabee to be elected President in 2012,1,0.2,Nov/18/2011 13:45:10
743482,2012.PRES.HUCKABEE,Mike Huckabee to be elected President in 2012,50,0.2,Nov/18/2011 13:45:10
743482,2012.PRES.HUCKABEE,Mike Huckabee to be elected President in 2012,50,0.2,Nov/18/2011 13:45:10
743482,2012.PRES.HUCKABEE,Mike Huckabee to be elected President in 2012,15,0.2,Nov/18/2011 13:45:10
743482,2012.PRES.HUCKABEE,Mike Huckabee to be elected President in 2012,50,0.2,Nov/18/2011 13:45:10
743482,2012.PRES.HUCKABEE,Mike Huckabee to be elected President in 2012,10,0.2,Nov/18/2011 13:45:10
743482,2012.PRES.HUCKABEE,Mike Huckabee to be elected President in 2012,50,0.2,Nov/18/2011 13:45:10
743482,2012.PRES.HUCKABEE,Mike Huckabee to be elected President in 2012,100,0.2,Nov/18/2011 13:45:10
743482,2012.PRES.HUCKABEE,Mike Huckabee to be elected President in 2012,100,0.2,Nov/18/2011 13:45:10
743482,2012.PRES.HUCKABEE,Mike Huckabee to be elected President in 2012,24,0.2,Nov/18/2011 13:45:10
743482,2012.PRES.HUCKABEE,Mike Huckabee to be elected President in 2012,11,0.1,Nov/18/2011 19:38:19
743482,2012.PRES.HUCKABEE,Mike Huckabee to be elected President in 2012,65,0.1,Nov/20/2011 19:00:58
743482,2012.PRES.HUCKABEE,Mike Huckabee to be elected President in 2012,5,0.2,Nov/21/2011 00:30:55
743482,2012.PRES.HUCKABEE,Mike Huckabee to be elected President in 2012,5,0.1,Nov/22/2011 15:42:36
743482,2012.PRES.HUCKABEE,Mike Huckabee to be elected President in 2012,3,0.1,Nov/22/2011 19:06:45
743482,2012.PRES.HUCKABEE,Mike Huckabee to be elected President in 2012,5,0.1,Nov/22/2011 23:19:01
743482,2012.PRES.HUCKABEE,Mike Huckabee to be elected President in 2012,1,0.1,Nov/23/2011 16:13:34
743482,2012.PRES.HUCKABEE,Mike Huckabee to be elected President in 2012,2,0.1,Nov/25/2011 14:52:40
743482,2012.PRES.HUCKABEE,Mike Huckabee to be elected President in 2012,6,0.1,Nov/25/2011 14:58:09
743482,2012.PRES.HUCKABEE,Mike Huckabee to be elected President in 2012,3,0.1,Nov/25/2011 19:32:04
743482,2012.PRES.HUCKABEE,Mike Huckabee to be elected President in 2012,5,0.1,Nov/27/2011 13:34:58
743482,2012.PRES.HUCKABEE,Mike Huckabee to be elected President in 2012,7,0.1,Nov/27/2011 13:45:58
743482,2012.PRES.HUCKABEE,Mike Huckabee to be elected President in 2012,16,0.1,Nov/28/2011 20:03:26
743482,2012.PRES.HUCKABEE,Mike Huckabee to be elected President in 2012,285,0.1,Nov/28/2011 23:26:33
743482,2012.PRES.HUCKABEE,Mike Huckabee to be elected President in 2012,120,0.1,Nov/29/2011 05:08:12
743482,2012.PRES.HUCKABEE,Mike Huckabee to be elected President in 2012,13,0.1,Nov/30/2011 23:48:15
743482,2012.PRES.HUCKABEE,Mike Huckabee to be elected President in 2012,150,0.1,Dec/02/2011 00:11:37
743482,2012.PRES.HUCKABEE,Mike Huckabee to be elected President in 2012,1754,0.1,Dec/02/2011 06:59:23
743482,2012.PRES.HUCKABEE,Mike Huckabee to be elected President in 2012,21,0.1,Dec/02/2011 06:59:23
743482,2012.PRES.HUCKABEE,Mike Huckabee to be elected President in 2012,5,0.1,Dec/02/2011 06:59:23
743482,2012.PRES.HUCKABEE,Mike Huckabee to be elected President in 2012,1,0.1,Dec/10/2011 11:40:33
743482,2012.PRES.HUCKABEE,Mike Huckabee to be elected President in 2012,149,0.1,Jan/19/2012 22:06:43
743482,2012.PRES.HUCKABEE,Mike Huckabee to be elected President in 2012,10,0.1,Jan/19/2012 22:06:43
743482,2012.PRES.HUCKABEE,Mike Huckabee to be elected President in 2012,6,0.1,Jan/19/2012 22:06:43
743482,2012.PRES.HUCKABEE,Mike Huckabee to be elected President in 2012,1781,0.1,Jan/19/2012 22:06:43
743482,2012.PRES.HUCKABEE,Mike Huckabee to be elected President in 2012,2,0.1,Jan/19/2012 22:06:43
743482,2012.PRES.HUCKABEE,Mike Huckabee to be elected President in 2012,6,0.1,Jan/19/2012 22:06:43
743482,2012.PRES.HUCKABEE,Mike Huckabee to be elected President in 2012,400,0.1,Jan/19/2012 22:06:43
743482,2012.PRES.HUCKABEE,Mike Huckabee to be elected President in 2012,2,0.1,Jan/19/2012 22:06:43
743482,2012.PRES.HUCKABEE,Mike Huckabee to be elected President in 2012,600,0.1,Jan/19/2012 22:06:43
743482,2012.PRES.HUCKABEE,Mike Huckabee to be elected President in 2012,1,0.1,Jan/19/2012 22:06:43
743482,2012.PRES.HUCKABEE,Mike Huckabee to be elected President in 2012,260,0.1,Jan/19/2012 22:06:43
743482,2012.PRES.HUCKABEE,Mike Huckabee to be elected President in 2012,13,0.1,Jan/19/2012 22:06:43
743482,2012.PRES.HUCKABEE,Mike Huckabee to be elected President in 2012,8,0.1,Jan/19/2012 22:06:43
743482,2012.PRES.HUCKABEE,Mike Huckabee to be elected President in 2012,1850,0.1,Jan/19/2012 22:06:43
743482,2012.PRES.HUCKABEE,Mike Huckabee to be elected President in 2012,100,0.1,Jan/19/2012 22:06:43
743482,2012.PRES.HUCKABEE,Mike Huckabee to be elected President in 2012,24,0.1,Jan/19/2012 22:06:43
743482,2012.PRES.HUCKABEE,Mike Huckabee to be elected President in 2012,500,0.1,Jan/19/2012 22:06:43
743482,2012.PRES.HUCKABEE,Mike Huckabee to be elected President in 2012,1350,0.1,Jan/19/2012 22:06:43
743482,2012.PRES.HUCKABEE,Mike Huckabee to be elected President in 2012,560,0.1,Jan/20/2012 03:35:24
743482,2012.PRES.HUCKABEE,Mike Huckabee to be elected President in 2012,16,0.1,Jan/21/2012 22:59:52
743482,2012.PRES.HUCKABEE,Mike Huckabee to be elected President in 2012,1,0.1,Jan/21/2012 22:59:52
743482,2012.PRES.HUCKABEE,Mike Huckabee to be elected President in 2012,18,0.1,Jan/21/2012 23:36:51
743482,2012.PRES.HUCKABEE,Mike Huckabee to be elected President in 2012,176,0.1,Jan/22/2012 11:58:53
743482,2012.PRES.HUCKABEE,Mike Huckabee to be elected President in 2012,10,0.2,Jan/22/2012 12:02:18
743482,2012.PRES.HUCKABEE,Mike Huckabee to be elected President in 2012,3,0.1,Jan/22/2012 12:36:41
743482,2012.PRES.HUCKABEE,Mike Huckabee to be elected President in 2012,17,0.1,Jan/22/2012 14:03:12
743482,2012.PRES.HUCKABEE,Mike Huckabee to be elected President in 2012,3,0.1,Jan/22/2012 14:33:06
743482,2012.PRES.HUCKABEE,Mike Huckabee to be elected President in 2012,50,0.1,Jan/22/2012 16:20:12
743482,2012.PRES.HUCKABEE,Mike Huckabee to be elected President in 2012,50,0.1,Jan/22/2012 17:50:38
743482,2012.PRES.HUCKABEE,Mike Huckabee to be elected President in 2012,75,0.1,Jan/22/2012 18:27:37
743482,2012.PRES.HUCKABEE,Mike Huckabee to be elected President in 2012,50,0.1,Jan/22/2012 18:41:48
743482,2012.PRES.HUCKABEE,Mike Huckabee to be elected President in 2012,20,0.1,Jan/22/2012 19:02:24
743482,2012.PRES.HUCKABEE,Mike Huckabee to be elected President in 2012,25,0.2,Jan/23/2012 03:18:46
743482,2012.PRES.HUCKABEE,Mike Huckabee to be elected President in 2012,50,0.1,Jan/23/2012 15:15:18
743482,2012.PRES.HUCKABEE,Mike Huckabee to be elected President in 2012,348,0.2,Jan/23/2012 19:59:38
743482,2012.PRES.HUCKABEE,Mike Huckabee to be elected President in 2012,340,0.2,Jan/23/2012 19:59:38
743482,2012.PRES.HUCKABEE,Mike Huckabee to be elected President in 2012,20,0.2,Jan/23/2012 19:59:38
743482,2012.PRES.HUCKABEE,Mike Huckabee to be elected President in 2012,1,0.2,Jan/23/2012 19:59:38
743482,2012.PRES.HUCKABEE,Mike Huckabee to be elected President in 2012,190,0.2,Jan/23/2012 19:59:38
743482,2012.PRES.HUCKABEE,Mike Huckabee to be elected President in 2012,7,0.2,Jan/23/2012 19:59:38
743482,2012.PRES.HUCKABEE,Mike Huckabee to be elected President in 2012,1,0.1,Jan/23/2012 21:42:35
743482,2012.PRES.HUCKABEE,Mike Huckabee to be elected President in 2012,1,0.1,Jan/23/2012 21:42:43
743482,2012.PRES.HUCKABEE,Mike Huckabee to be elected President in 2012,1,0.1,Jan/23/2012 21:42:49
743482,2012.PRES.HUCKABEE,Mike Huckabee to be elected President in 2012,1,0.1,Jan/23/2012 21:42:58
743482,2012.PRES.HUCKABEE,Mike Huckabee to be elected President in 2012,246,0.1,Jan/24/2012 23:40:12
743482,2012.PRES.HUCKABEE,Mike Huckabee to be elected President in 2012,30,0.1,Jan/24/2012 23:40:12
743482,2012.PRES.HUCKABEE,Mike Huckabee to be elected President in 2012,25,0.1,Jan/27/2012 23:15:06
743482,2012.PRES.HUCKABEE,Mike Huckabee to be elected President in 2012,1,0.1,Jan/27/2012 23:15:06
743482,2012.PRES.HUCKABEE,Mike Huckabee to be elected President in 2012,904,0.1,Jan/27/2012 23:15:06
743482,2012.PRES.HUCKABEE,Mike Huckabee to be elected President in 2012,30,0.2,Jan/27/2012 23:15:27
743482,2012.PRES.HUCKABEE,Mike Huckabee to be elected President in 2012,29,0.2,Jan/27/2012 23:15:27
743482,2012.PRES.HUCKABEE,Mike Huckabee to be elected President in 2012,50,0.2,Jan/27/2012 23:15:27
743482,2012.PRES.HUCKABEE,Mike Huckabee to be elected President in 2012,1,0.2,Jan/27/2012 23:15:27
743482,2012.PRES.HUCKABEE,Mike Huckabee to be elected President in 2012,44,0.1,Jan/28/2012 00:38:46
743482,2012.PRES.HUCKABEE,Mike Huckabee to be elected President in 2012,20,0.1,Feb/09/2012 16:01:29
743482,2012.PRES.HUCKABEE,Mike Huckabee to be elected President in 2012,320,0.1,Feb/09/2012 16:01:29
743482,2012.PRES.HUCKABEE,Mike Huckabee to be elected President in 2012,100,0.1,Feb/09/2012 16:01:29
743482,2012.PRES.HUCKABEE,Mike Huckabee to be elected President in 2012,200,0.1,Feb/09/2012 16:01:29
743482,2012.PRES.HUCKABEE,Mike Huckabee to be elected President in 2012,20,0.1,Feb/09/2012 16:01:29
743482,2012.PRES.HUCKABEE,Mike Huckabee to be elected President in 2012,25,0.1,Feb/09/2012 16:01:29
743482,2012.PRES.HUCKABEE,Mike Huckabee to be elected President in 2012,2,0.1,Feb/09/2012 16:01:29
743482,2012.PRES.HUCKABEE,Mike Huckabee to be elected President in 2012,313,0.1,Feb/09/2012 16:01:29
743482,2012.PRES.HUCKABEE,Mike Huckabee to be elected President in 2012,1,0.1,Feb/09/2012 16:01:29
743482,2012.PRES.HUCKABEE,Mike Huckabee to be elected President in 2012,100,0.1,Feb/09/2012 16:01:29
743482,2012.PRES.HUCKABEE,Mike Huckabee to be elected President in 2012,44,0.2,Feb/09/2012 16:01:55
743482,2012.PRES.HUCKABEE,Mike Huckabee to be elected President in 2012,1000,0.2,Feb/09/2012 16:01:55
743482,2012.PRES.HUCKABEE,Mike Huckabee to be elected President in 2012,1,0.2,Feb/09/2012 16:01:55
743482,2012.PRES.HUCKABEE,Mike Huckabee to be elected President in 2012,5,0.3,Feb/09/2012 16:02:20
743482,2012.PRES.HUCKABEE,Mike Huckabee to be elected President in 2012,60,0.3,Feb/09/2012 16:02:20
743482,2012.PRES.HUCKABEE,Mike Huckabee to be elected President in 2012,1000,0.3,Feb/09/2012 16:02:20
743482,2012.PRES.HUCKABEE,Mike Huckabee to be elected President in 2012,1,0.3,Feb/09/2012 16:02:20
743482,2012.PRES.HUCKABEE,Mike Huckabee to be elected President in 2012,19,0.4,Feb/09/2012 16:02:50
743482,2012.PRES.HUCKABEE,Mike Huckabee to be elected President in 2012,28,0.4,Feb/09/2012 16:02:50
743482,2012.PRES.HUCKABEE,Mike Huckabee to be elected President in 2012,1000,0.4,Feb/09/2012 16:02:50
743482,2012.PRES.HUCKABEE,Mike Huckabee to be elected President in 2012,1,0.4,Feb/09/2012 16:02:50
743482,2012.PRES.HUCKABEE,Mike Huckabee to be elected President in 2012,100,0.5,Feb/09/2012 16:03:08
743482,2012.PRES.HUCKABEE,Mike Huckabee to be elected President in 2012,1000,0.5,Feb/09/2012 16:03:08
743482,2012.PRES.HUCKABEE,Mike Huckabee to be elected President in 2012,1,0.5,Feb/09/2012 16:03:08
743482,2012.PRES.HUCKABEE,Mike Huckabee to be elected President in 2012,1,0.1,Feb/09/2012 19:34:28
743482,2012.PRES.HUCKABEE,Mike Huckabee to be elected President in 2012,9,0.1,Feb/09/2012 20:52:24
743482,2012.PRES.HUCKABEE,Mike Huckabee to be elected President in 2012,30,0.1,Feb/10/2012 01:02:54
743482,2012.PRES.HUCKABEE,Mike Huckabee to be elected President in 2012,36,0.1,Feb/10/2012 01:03:16
743482,2012.PRES.HUCKABEE,Mike Huckabee to be elected President in 2012,50,0.1,Feb/10/2012 07:38:38
743482,2012.PRES.HUCKABEE,Mike Huckabee to be elected President in 2012,1,0.1,Feb/10/2012 07:38:38
743482,2012.PRES.HUCKABEE,Mike Huckabee to be elected President in 2012,1,0.2,Feb/10/2012 07:40:16
743482,2012.PRES.HUCKABEE,Mike Huckabee to be elected President in 2012,1,0.2,Feb/10/2012 07:45:40
743482,2012.PRES.HUCKABEE,Mike Huckabee to be elected President in 2012,1,0.1,Feb/10/2012 14:09:14
743482,2012.PRES.HUCKABEE,Mike Huckabee to be elected President in 2012,1,0.1,Feb/10/2012 14:09:14
743482,2012.PRES.HUCKABEE,Mike Huckabee to be elected President in 2012,5,0.1,Feb/10/2012 16:17:52
743482,2012.PRES.HUCKABEE,Mike Huckabee to be elected President in 2012,5,0.1,Feb/10/2012 16:18:44
743482,2012.PRES.HUCKABEE,Mike Huckabee to be elected President in 2012,40,0.1,Feb/10/2012 23:57:02
743482,2012.PRES.HUCKABEE,Mike Huckabee to be elected President in 2012,550,0.1,Feb/12/2012 05:36:41
743482,2012.PRES.HUCKABEE,Mike Huckabee to be elected President in 2012,1,0.1,Feb/12/2012 05:36:41
743482,2012.PRES.HUCKABEE,Mike Huckabee to be elected President in 2012,100,0.1,Feb/15/2012 19:56:21
743482,2012.PRES.HUCKABEE,Mike Huckabee to be elected President in 2012,19,0.1,Feb/15/2012 19:56:45
743482,2012.PRES.HUCKABEE,Mike Huckabee to be elected President in 2012,31,0.1,Feb/23/2012 11:22:34
743482,2012.PRES.HUCKABEE,Mike Huckabee to be elected President in 2012,50,0.1,Feb/23/2012 11:22:34
743482,2012.PRES.HUCKABEE,Mike Huckabee to be elected President in 2012,1,0.1,Feb/23/2012 11:22:34
743482,2012.PRES.HUCKABEE,Mike Huckabee to be elected President in 2012,611,0.1,Feb/23/2012 11:22:34
743482,2012.PRES.HUCKABEE,Mike Huckabee to be elected President in 2012,47,0.2,Feb/23/2012 11:22:52
743482,2012.PRES.HUCKABEE,Mike Huckabee to be elected President in 2012,32,0.2,Feb/23/2012 11:22:52
743482,2012.PRES.HUCKABEE,Mike Huckabee to be elected President in 2012,223,0.2,Feb/23/2012 11:22:52
743482,2012.PRES.HUCKABEE,Mike Huckabee to be elected President in 2012,10,0.2,Feb/23/2012 11:22:52
743482,2012.PRES.HUCKABEE,Mike Huckabee to be elected President in 2012,50,0.2,Feb/23/2012 11:22:52
743482,2012.PRES.HUCKABEE,Mike Huckabee to be elected President in 2012,1,0.2,Feb/23/2012 11:22:52
743482,2012.PRES.HUCKABEE,Mike Huckabee to be elected President in 2012,10,0.3,Feb/23/2012 11:27:32
743482,2012.PRES.HUCKABEE,Mike Huckabee to be elected President in 2012,1,0.3,Feb/23/2012 11:27:32
743482,2012.PRES.HUCKABEE,Mike Huckabee to be elected President in 2012,1,0.3,Feb/23/2012 11:27:32
743482,2012.PRES.HUCKABEE,Mike Huckabee to be elected President in 2012,5,0.1,Feb/23/2012 12:22:23
743482,2012.PRES.HUCKABEE,Mike Huckabee to be elected President in 2012,200,0.4,Feb/23/2012 12:42:14
743482,2012.PRES.HUCKABEE,Mike Huckabee to be elected President in 2012,1,0.4,Feb/23/2012 12:42:14
743482,2012.PRES.HUCKABEE,Mike Huckabee to be elected President in 2012,200,0.5,Feb/23/2012 12:42:30
743482,2012.PRES.HUCKABEE,Mike Huckabee to be elected President in 2012,1,0.5,Feb/23/2012 12:42:30
743482,2012.PRES.HUCKABEE,Mike Huckabee to be elected President in 2012,1,0.1,Feb/23/2012 13:03:09
743482,2012.PRES.HUCKABEE,Mike Huckabee to be elected President in 2012,5,0.1,Feb/23/2012 13:33:04
743482,2012.PRES.HUCKABEE,Mike Huckabee to be elected President in 2012,1,0.3,Feb/23/2012 13:52:16
743482,2012.PRES.HUCKABEE,Mike Huckabee to be elected President in 2012,5,0.3,Feb/23/2012 13:52:16
743482,2012.PRES.HUCKABEE,Mike Huckabee to be elected President in 2012,76,0.4,Feb/23/2012 13:52:47
743482,2012.PRES.HUCKABEE,Mike Huckabee to be elected President in 2012,1,0.4,Feb/23/2012 13:52:47
743482,2012.PRES.HUCKABEE,Mike Huckabee to be elected President in 2012,300,0.5,Feb/23/2012 13:53:10
743482,2012.PRES.HUCKABEE,Mike Huckabee to be elected President in 2012,1,0.5,Feb/23/2012 13:53:10
743482,2012.PRES.HUCKABEE,Mike Huckabee to be elected President in 2012,9,0.4,Feb/23/2012 14:12:42
743482,2012.PRES.HUCKABEE,Mike Huckabee to be elected President in 2012,50,0.5,Feb/23/2012 14:13:08
743482,2012.PRES.HUCKABEE,Mike Huckabee to be elected President in 2012,200,0.5,Feb/23/2012 14:13:08
743482,2012.PRES.HUCKABEE,Mike Huckabee to be elected President in 2012,200,0.5,Feb/23/2012 14:13:40
743482,2012.PRES.HUCKABEE,Mike Huckabee to be elected President in 2012,5,0.2,Feb/23/2012 14:27:17
743482,2012.PRES.HUCKABEE,Mike Huckabee to be elected President in 2012,4500,0.5,Feb/23/2012 14:28:44
743482,2012.PRES.HUCKABEE,Mike Huckabee to be elected President in 2012,1,0.5,Feb/23/2012 14:28:44
743482,2012.PRES.HUCKABEE,Mike Huckabee to be elected President in 2012,5,0.2,Feb/23/2012 14:45:20
743482,2012.PRES.HUCKABEE,Mike Huckabee to be elected President in 2012,5,0.2,Feb/23/2012 14:57:39
743482,2012.PRES.HUCKABEE,Mike Huckabee to be elected President in 2012,15,0.5,Feb/23/2012 15:24:45
743482,2012.PRES.HUCKABEE,Mike Huckabee to be elected President in 2012,1185,0.5,Feb/23/2012 16:30:38
743482,2012.PRES.HUCKABEE,Mike Huckabee to be elected President in 2012,1,0.5,Feb/23/2012 16:30:38
743482,2012.PRES.HUCKABEE,Mike Huckabee to be elected President in 2012,50,0.5,Feb/23/2012 16:30:38
743482,2012.PRES.HUCKABEE,Mike Huckabee to be elected President in 2012,200,0.6,Feb/23/2012 16:41:49
743482,2012.PRES.HUCKABEE,Mike Huckabee to be elected President in 2012,1,0.6,Feb/23/2012 16:41:49
743482,2012.PRES.HUCKABEE,Mike Huckabee to be elected President in 2012,800,0.6,Feb/23/2012 16:41:49
743482,2012.PRES.HUCKABEE,Mike Huckabee to be elected President in 2012,5,0.4,Feb/23/2012 16:45:13
743482,2012.PRES.HUCKABEE,Mike Huckabee to be elected President in 2012,5,0.4,Feb/23/2012 16:45:39
743482,2012.PRES.HUCKABEE,Mike Huckabee to be elected President in 2012,2,0.4,Feb/23/2012 16:45:55
743482,2012.PRES.HUCKABEE,Mike Huckabee to be elected President in 2012,5,0.4,Feb/23/2012 16:46:22
743482,2012.PRES.HUCKABEE,Mike Huckabee to be elected President in 2012,5,0.4,Feb/23/2012 16:46:40
743482,2012.PRES.HUCKABEE,Mike Huckabee to be elected President in 2012,3,0.4,Feb/23/2012 16:47:25
743482,2012.PRES.HUCKABEE,Mike Huckabee to be elected President in 2012,2,0.3,Feb/23/2012 16:48:01
743482,2012.PRES.HUCKABEE,Mike Huckabee to be elected President in 2012,5,0.3,Feb/23/2012 16:49:13
743482,2012.PRES.HUCKABEE,Mike Huckabee to be elected President in 2012,3,0.3,Feb/23/2012 16:50:00
743482,2012.PRES.HUCKABEE,Mike Huckabee to be elected President in 2012,5,0.3,Feb/23/2012 16:50:39
743482,2012.PRES.HUCKABEE,Mike Huckabee to be elected President in 2012,5,0.3,Feb/23/2012 16:50:58
743482,2012.PRES.HUCKABEE,Mike Huckabee to be elected President in 2012,5,0.3,Feb/23/2012 16:51:09
743482,2012.PRES.HUCKABEE,Mike Huckabee to be elected President in 2012,200,0.7,Feb/23/2012 16:58:41
743482,2012.PRES.HUCKABEE,Mike Huckabee to be elected President in 2012,747,0.7,Feb/23/2012 16:58:41
743482,2012.PRES.HUCKABEE,Mike Huckabee to be elected President in 2012,50,0.5,Feb/23/2012 16:58:41
743482,2012.PRES.HUCKABEE,Mike Huckabee to be elected President in 2012,5,0.5,Feb/23/2012 16:58:41
743482,2012.PRES.HUCKABEE,Mike Huckabee to be elected President in 2012,5,0.6,Feb/23/2012 16:59:07
743482,2012.PRES.HUCKABEE,Mike Huckabee to be elected President in 2012,53,0.7,Feb/23/2012 16:59:23
743482,2012.PRES.HUCKABEE,Mike Huckabee to be elected President in 2012,2,0.7,Feb/23/2012 16:59:23
743482,2012.PRES.HUCKABEE,Mike Huckabee to be elected President in 2012,5,0.4,Feb/23/2012 17:00:25
743482,2012.PRES.HUCKABEE,Mike Huckabee to be elected President in 2012,1,0.4,Feb/23/2012 17:00:42
743482,2012.PRES.HUCKABEE,Mike Huckabee to be elected President in 2012,5,0.4,Feb/23/2012 17:05:54
743482,2012.PRES.HUCKABEE,Mike Huckabee to be elected President in 2012,50,0.5,Feb/23/2012 17:07:42
743482,2012.PRES.HUCKABEE,Mike Huckabee to be elected President in 2012,5,0.4,Feb/23/2012 17:18:10
743482,2012.PRES.HUCKABEE,Mike Huckabee to be elected President in 2012,5,0.4,Feb/23/2012 17:19:35
743482,2012.PRES.HUCKABEE,Mike Huckabee to be elected President in 2012,3,0.4,Feb/23/2012 17:20:34
743482,2012.PRES.HUCKABEE,Mike Huckabee to be elected President in 2012,2,0.4,Feb/23/2012 17:20:52
743482,2012.PRES.HUCKABEE,Mike Huckabee to be elected President in 2012,3,0.4,Feb/23/2012 17:21:04
743482,2012.PRES.HUCKABEE,Mike Huckabee to be elected President in 2012,1,0.4,Feb/23/2012 17:22:07
743482,2012.PRES.HUCKABEE,Mike Huckabee to be elected President in 2012,2,0.4,Feb/23/2012 17:22:07
743482,2012.PRES.HUCKABEE,Mike Huckabee to be elected President in 2012,3,0.4,Feb/23/2012 17:22:26
743482,2012.PRES.HUCKABEE,Mike Huckabee to be elected President in 2012,5,0.4,Feb/23/2012 17:22:42
743482,2012.PRES.HUCKABEE,Mike Huckabee to be elected President in 2012,3,0.4,Feb/23/2012 17:23:30
743482,2012.PRES.HUCKABEE,Mike Huckabee to be elected President in 2012,2,0.4,Feb/23/2012 17:23:47
743482,2012.PRES.HUCKABEE,Mike Huckabee to be elected President in 2012,3,0.4,Feb/23/2012 17:24:18
743482,2012.PRES.HUCKABEE,Mike Huckabee to be elected President in 2012,2,0.4,Feb/23/2012 17:24:34
743482,2012.PRES.HUCKABEE,Mike Huckabee to be elected President in 2012,3,0.4,Feb/23/2012 17:24:49
743482,2012.PRES.HUCKABEE,Mike Huckabee to be elected President in 2012,2,0.4,Feb/23/2012 17:25:05
743482,2012.PRES.HUCKABEE,Mike Huckabee to be elected President in 2012,3,0.4,Feb/23/2012 17:25:26
743482,2012.PRES.HUCKABEE,Mike Huckabee to be elected President in 2012,2,0.4,Feb/23/2012 17:25:42
743482,2012.PRES.HUCKABEE,Mike Huckabee to be elected President in 2012,3,0.4,Feb/23/2012 17:26:28
743482,2012.PRES.HUCKABEE,Mike Huckabee to be elected President in 2012,1,0.4,Feb/23/2012 17:26:44
743482,2012.PRES.HUCKABEE,Mike Huckabee to be elected President in 2012,2,0.4,Feb/23/2012 17:30:16
743482,2012.PRES.HUCKABEE,Mike Huckabee to be elected President in 2012,2,0.4,Feb/23/2012 17:35:07
743482,2012.PRES.HUCKABEE,Mike Huckabee to be elected President in 2012,3,0.3,Feb/23/2012 17:37:28
743482,2012.PRES.HUCKABEE,Mike Huckabee to be elected President in 2012,2,0.4,Feb/23/2012 17:37:28
743482,2012.PRES.HUCKABEE,Mike Huckabee to be elected President in 2012,5,0.3,Feb/23/2012 17:37:44
743482,2012.PRES.HUCKABEE,Mike Huckabee to be elected President in 2012,5,0.3,Feb/23/2012 17:38:24
743482,2012.PRES.HUCKABEE,Mike Huckabee to be elected President in 2012,1,0.3,Feb/23/2012 17:38:58
743482,2012.PRES.HUCKABEE,Mike Huckabee to be elected President in 2012,5,0.3,Feb/23/2012 17:49:28
743482,2012.PRES.HUCKABEE,Mike Huckabee to be elected President in 2012,1,0.3,Feb/23/2012 18:12:43
743482,2012.PRES.HUCKABEE,Mike Huckabee to be elected President in 2012,1,0.3,Feb/23/2012 18:12:43
743482,2012.PRES.HUCKABEE,Mike Huckabee to be elected President in 2012,5,0.3,Feb/23/2012 18:18:54
743482,2012.PRES.HUCKABEE,Mike Huckabee to be elected President in 2012,4,0.3,Feb/23/2012 18:19:00
743482,2012.PRES.HUCKABEE,Mike Huckabee to be elected President in 2012,50,0.5,Feb/23/2012 19:31:28
743482,2012.PRES.HUCKABEE,Mike Huckabee to be elected President in 2012,1,0.5,Feb/23/2012 19:31:28
743482,2012.PRES.HUCKABEE,Mike Huckabee to be elected President in 2012,5,0.4,Feb/23/2012 19:32:26
743482,2012.PRES.HUCKABEE,Mike Huckabee to be elected President in 2012,28,0.4,Feb/23/2012 19:41:17
743482,2012.PRES.HUCKABEE,Mike Huckabee to be elected President in 2012,2,0.4,Feb/23/2012 19:44:13
743482,2012.PRES.HUCKABEE,Mike Huckabee to be elected President in 2012,2,0.4,Feb/23/2012 20:08:29
743482,2012.PRES.HUCKABEE,Mike Huckabee to be elected President in 2012,50,0.5,Feb/23/2012 20:26:09
743482,2012.PRES.HUCKABEE,Mike Huckabee to be elected President in 2012,1,0.5,Feb/23/2012 20:26:09
743482,2012.PRES.HUCKABEE,Mike Huckabee to be elected President in 2012,100,0.5,Feb/23/2012 20:27:07
743482,2012.PRES.HUCKABEE,Mike Huckabee to be elected President in 2012,50,0.6,Feb/23/2012 20:33:48
743482,2012.PRES.HUCKABEE,Mike Huckabee to be elected President in 2012,100,0.7,Feb/23/2012 20:34:08
743482,2012.PRES.HUCKABEE,Mike Huckabee to be elected President in 2012,200,0.7,Feb/23/2012 20:34:08
743482,2012.PRES.HUCKABEE,Mike Huckabee to be elected President in 2012,2,0.7,Feb/23/2012 20:34:08
743482,2012.PRES.HUCKABEE,Mike Huckabee to be elected President in 2012,300,0.8,Feb/23/2012 20:34:45
743482,2012.PRES.HUCKABEE,Mike Huckabee to be elected President in 2012,601,0.8,Feb/23/2012 20:34:45
743482,2012.PRES.HUCKABEE,Mike Huckabee to be elected President in 2012,100,0.7,Feb/23/2012 20:34:45
743482,2012.PRES.HUCKABEE,Mike Huckabee to be elected President in 2012,50,0.7,Feb/23/2012 20:58:39
743482,2012.PRES.HUCKABEE,Mike Huckabee to be elected President in 2012,5,0.7,Feb/23/2012 20:58:39
743482,2012.PRES.HUCKABEE,Mike Huckabee to be elected President in 2012,1,0.7,Feb/23/2012 20:58:39
743482,2012.PRES.HUCKABEE,Mike Huckabee to be elected President in 2012,5,0.7,Feb/23/2012 21:02:16
743482,2012.PRES.HUCKABEE,Mike Huckabee to be elected President in 2012,99,0.8,Feb/23/2012 21:02:28
743482,2012.PRES.HUCKABEE,Mike Huckabee to be elected President in 2012,1,0.8,Feb/23/2012 21:02:28
743482,2012.PRES.HUCKABEE,Mike Huckabee to be elected President in 2012,3,0.4,Feb/23/2012 22:00:17
743482,2012.PRES.HUCKABEE,Mike Huckabee to be elected President in 2012,2,0.4,Feb/23/2012 22:00:17
743482,2012.PRES.HUCKABEE,Mike Huckabee to be elected President in 2012,15,0.7,Feb/23/2012 22:19:01
743482,2012.PRES.HUCKABEE,Mike Huckabee to be elected President in 2012,1,0.7,Feb/23/2012 22:19:01
743482,2012.PRES.HUCKABEE,Mike Huckabee to be elected President in 2012,6,0.4,Feb/23/2012 22:22:14
743482,2012.PRES.HUCKABEE,Mike Huckabee to be elected President in 2012,10,0.4,Feb/23/2012 22:23:01
743482,2012.PRES.HUCKABEE,Mike Huckabee to be elected President in 2012,12,0.4,Feb/23/2012 22:23:58
743482,2012.PRES.HUCKABEE,Mike Huckabee to be elected President in 2012,10,0.4,Feb/23/2012 22:50:50
743482,2012.PRES.HUCKABEE,Mike Huckabee to be elected President in 2012,5,0.3,Feb/23/2012 23:35:17
743482,2012.PRES.HUCKABEE,Mike Huckabee to be elected President in 2012,5,0.3,Feb/24/2012 00:32:53
743482,2012.PRES.HUCKABEE,Mike Huckabee to be elected President in 2012,4,0.3,Feb/24/2012 00:32:59
743482,2012.PRES.HUCKABEE,Mike Huckabee to be elected President in 2012,5,0.3,Feb/24/2012 00:35:07
743482,2012.PRES.HUCKABEE,Mike Huckabee to be elected President in 2012,1,0.3,Feb/24/2012 03:22:25
743482,2012.PRES.HUCKABEE,Mike Huckabee to be elected President in 2012,4,0.3,Feb/24/2012 03:22:25
743482,2012.PRES.HUCKABEE,Mike Huckabee to be elected President in 2012,96,0.3,Feb/24/2012 04:43:49
743482,2012.PRES.HUCKABEE,Mike Huckabee to be elected President in 2012,16,0.3,Feb/24/2012 05:34:25
743482,2012.PRES.HUCKABEE,Mike Huckabee to be elected President in 2012,1,0.3,Feb/24/2012 05:34:25
743482,2012.PRES.HUCKABEE,Mike Huckabee to be elected President in 2012,5,0.2,Feb/24/2012 09:52:54
743482,2012.PRES.HUCKABEE,Mike Huckabee to be elected President in 2012,5,0.2,Feb/24/2012 09:53:23
743482,2012.PRES.HUCKABEE,Mike Huckabee to be elected President in 2012,5,0.2,Feb/24/2012 09:56:56
743482,2012.PRES.HUCKABEE,Mike Huckabee to be elected President in 2012,5,0.2,Feb/24/2012 09:57:57
743482,2012.PRES.HUCKABEE,Mike Huckabee to be elected President in 2012,5,0.2,Feb/24/2012 09:58:23
743482,2012.PRES.HUCKABEE,Mike Huckabee to be elected President in 2012,5,0.2,Feb/24/2012 15:14:10
743482,2012.PRES.HUCKABEE,Mike Huckabee to be elected President in 2012,50,0.5,Feb/24/2012 16:27:43
743482,2012.PRES.HUCKABEE,Mike Huckabee to be elected President in 2012,1,0.5,Feb/24/2012 16:27:43
743482,2012.PRES.HUCKABEE,Mike Huckabee to be elected President in 2012,5,0.4,Feb/24/2012 16:30:14
743482,2012.PRES.HUCKABEE,Mike Huckabee to be elected President in 2012,3,0.4,Feb/24/2012 17:02:23
743482,2012.PRES.HUCKABEE,Mike Huckabee to be elected President in 2012,5,0.4,Feb/24/2012 17:02:49
743482,2012.PRES.HUCKABEE,Mike Huckabee to be elected President in 2012,2,0.4,Feb/24/2012 17:03:05
743482,2012.PRES.HUCKABEE,Mike Huckabee to be elected President in 2012,5,0.4,Feb/24/2012 17:11:54
743482,2012.PRES.HUCKABEE,Mike Huckabee to be elected President in 2012,5,0.4,Feb/24/2012 17:12:15
743482,2012.PRES.HUCKABEE,Mike Huckabee to be elected President in 2012,20,0.3,Feb/24/2012 17:12:19
743482,2012.PRES.HUCKABEE,Mike Huckabee to be elected President in 2012,5,0.4,Feb/24/2012 17:12:19
743482,2012.PRES.HUCKABEE,Mike Huckabee to be elected President in 2012,5,0.2,Feb/24/2012 17:23:09
743482,2012.PRES.HUCKABEE,Mike Huckabee to be elected President in 2012,5,0.2,Feb/24/2012 21:33:25
743482,2012.PRES.HUCKABEE,Mike Huckabee to be elected President in 2012,2,0.2,Feb/24/2012 21:57:46
743482,2012.PRES.HUCKABEE,Mike Huckabee to be elected President in 2012,5,0.2,Feb/24/2012 21:58:24
743482,2012.PRES.HUCKABEE,Mike Huckabee to be elected President in 2012,5,0.2,Feb/24/2012 21:59:16
743482,2012.PRES.HUCKABEE,Mike Huckabee to be elected President in 2012,5,0.2,Feb/24/2012 21:59:21
743482,2012.PRES.HUCKABEE,Mike Huckabee to be elected President in 2012,4,0.2,Feb/24/2012 22:58:06
743482,2012.PRES.HUCKABEE,Mike Huckabee to be elected President in 2012,5,0.2,Feb/24/2012 23:28:12
743482,2012.PRES.HUCKABEE,Mike Huckabee to be elected President in 2012,5,0.2,Feb/24/2012 23:29:27
743482,2012.PRES.HUCKABEE,Mike Huckabee to be elected President in 2012,5,0.2,Feb/24/2012 23:29:56
743482,2012.PRES.HUCKABEE,Mike Huckabee to be elected President in 2012,5,0.2,Feb/24/2012 23:30:42
743482,2012.PRES.HUCKABEE,Mike Huckabee to be elected President in 2012,10,0.2,Feb/25/2012 02:11:50
743482,2012.PRES.HUCKABEE,Mike Huckabee to be elected President in 2012,100,0.4,Feb/25/2012 03:20:18
743482,2012.PRES.HUCKABEE,Mike Huckabee to be elected President in 2012,1,0.4,Feb/25/2012 03:20:18
743482,2012.PRES.HUCKABEE,Mike Huckabee to be elected President in 2012,10,0.4,Feb/25/2012 03:20:18
743482,2012.PRES.HUCKABEE,Mike Huckabee to be elected President in 2012,50,0.5,Feb/25/2012 03:21:27
743482,2012.PRES.HUCKABEE,Mike Huckabee to be elected President in 2012,50,0.5,Feb/25/2012 03:21:27
743482,2012.PRES.HUCKABEE,Mike Huckabee to be elected President in 2012,1,0.5,Feb/25/2012 03:21:27
743482,2012.PRES.HUCKABEE,Mike Huckabee to be elected President in 2012,5,0.4,Feb/25/2012 03:23:36
743482,2012.PRES.HUCKABEE,Mike Huckabee to be elected President in 2012,50,0.5,Feb/25/2012 03:24:24
743482,2012.PRES.HUCKABEE,Mike Huckabee to be elected President in 2012,9,0.6,Feb/25/2012 03:26:33
743482,2012.PRES.HUCKABEE,Mike Huckabee to be elected President in 2012,1,0.6,Feb/25/2012 03:26:33
743482,2012.PRES.HUCKABEE,Mike Huckabee to be elected President in 2012,161,0.6,Feb/25/2012 03:26:33
743482,2012.PRES.HUCKABEE,Mike Huckabee to be elected President in 2012,5,0.4,Feb/25/2012 03:33:49
743482,2012.PRES.HUCKABEE,Mike Huckabee to be elected President in 2012,5,0.4,Feb/25/2012 03:38:40
743482,2012.PRES.HUCKABEE,Mike Huckabee to be elected President in 2012,4,0.4,Feb/25/2012 03:39:01
743482,2012.PRES.HUCKABEE,Mike Huckabee to be elected President in 2012,10,0.4,Feb/25/2012 03:41:50
743482,2012.PRES.HUCKABEE,Mike Huckabee to be elected President in 2012,1,0.4,Feb/25/2012 04:11:25
743482,2012.PRES.HUCKABEE,Mike Huckabee to be elected President in 2012,4,0.4,Feb/25/2012 04:11:25
743482,2012.PRES.HUCKABEE,Mike Huckabee to be elected President in 2012,5,0.4,Feb/25/2012 04:13:12
743482,2012.PRES.HUCKABEE,Mike Huckabee to be elected President in 2012,21,0.4,Feb/25/2012 06:07:22
743482,2012.PRES.HUCKABEE,Mike Huckabee to be elected President in 2012,5,0.3,Feb/25/2012 06:39:49
743482,2012.PRES.HUCKABEE,Mike Huckabee to be elected President in 2012,5,0.3,Feb/25/2012 19:30:04
743482,2012.PRES.HUCKABEE,Mike Huckabee to be elected President in 2012,2,0.3,Feb/25/2012 19:30:32
743482,2012.PRES.HUCKABEE,Mike Huckabee to be elected President in 2012,4,0.3,Feb/25/2012 19:34:54
743482,2012.PRES.HUCKABEE,Mike Huckabee to be elected President in 2012,4,0.3,Feb/25/2012 20:00:30
743482,2012.PRES.HUCKABEE,Mike Huckabee to be elected President in 2012,20,0.3,Feb/25/2012 20:00:30
743482,2012.PRES.HUCKABEE,Mike Huckabee to be elected President in 2012,176,0.3,Feb/26/2012 00:18:42
743482,2012.PRES.HUCKABEE,Mike Huckabee to be elected President in 2012,1,0.3,Feb/26/2012 00:18:42
743482,2012.PRES.HUCKABEE,Mike Huckabee to be elected President in 2012,394,0.2,Feb/26/2012 00:37:45
743482,2012.PRES.HUCKABEE,Mike Huckabee to be elected President in 2012,15,0.2,Feb/26/2012 00:37:45
743482,2012.PRES.HUCKABEE,Mike Huckabee to be elected President in 2012,9,0.2,Feb/26/2012 00:37:45
743482,2012.PRES.HUCKABEE,Mike Huckabee to be elected President in 2012,1,0.2,Feb/26/2012 00:37:45
743482,2012.PRES.HUCKABEE,Mike Huckabee to be elected President in 2012,15,0.2,Feb/26/2012 00:37:45
743482,2012.PRES.HUCKABEE,Mike Huckabee to be elected President in 2012,200,0.2,Feb/26/2012 00:37:45
743482,2012.PRES.HUCKABEE,Mike Huckabee to be elected President in 2012,9,0.2,Feb/26/2012 00:37:45
743482,2012.PRES.HUCKABEE,Mike Huckabee to be elected President in 2012,1000,0.1,Feb/26/2012 00:38:02
743482,2012.PRES.HUCKABEE,Mike Huckabee to be elected President in 2012,489,0.1,Feb/26/2012 00:38:20
743482,2012.PRES.HUCKABEE,Mike Huckabee to be elected President in 2012,11,0.1,Feb/26/2012 00:38:20
743482,2012.PRES.HUCKABEE,Mike Huckabee to be elected President in 2012,21,0.2,Feb/26/2012 14:20:41
743482,2012.PRES.HUCKABEE,Mike Huckabee to be elected President in 2012,1,0.2,Feb/26/2012 14:20:41
743482,2012.PRES.HUCKABEE,Mike Huckabee to be elected President in 2012,50,0.3,Feb/26/2012 14:21:16
743482,2012.PRES.HUCKABEE,Mike Huckabee to be elected President in 2012,1,0.3,Feb/26/2012 14:21:16
743482,2012.PRES.HUCKABEE,Mike Huckabee to be elected President in 2012,10,0.3,Feb/26/2012 14:21:16
743482,2012.PRES.HUCKABEE,Mike Huckabee to be elected President in 2012,75,0.3,Feb/26/2012 14:21:16
743482,2012.PRES.HUCKABEE,Mike Huckabee to be elected President in 2012,3,0.2,Feb/26/2012 16:19:39
743482,2012.PRES.HUCKABEE,Mike Huckabee to be elected President in 2012,79,0.4,Feb/26/2012 19:01:18
743482,2012.PRES.HUCKABEE,Mike Huckabee to be elected President in 2012,1,0.4,Feb/26/2012 19:01:18
743482,2012.PRES.HUCKABEE,Mike Huckabee to be elected President in 2012,50,0.4,Feb/26/2012 19:01:18
743482,2012.PRES.HUCKABEE,Mike Huckabee to be elected President in 2012,50,0.5,Feb/26/2012 19:02:09
743482,2012.PRES.HUCKABEE,Mike Huckabee to be elected President in 2012,1,0.5,Feb/26/2012 19:02:09
743482,2012.PRES.HUCKABEE,Mike Huckabee to be elected President in 2012,71,0.5,Feb/26/2012 19:02:09
743482,2012.PRES.HUCKABEE,Mike Huckabee to be elected President in 2012,3,0.4,Feb/26/2012 22:58:58
743482,2012.PRES.HUCKABEE,Mike Huckabee to be elected President in 2012,5,0.4,Feb/27/2012 03:05:06
743482,2012.PRES.HUCKABEE,Mike Huckabee to be elected President in 2012,5,0.4,Feb/27/2012 04:50:08
743482,2012.PRES.HUCKABEE,Mike Huckabee to be elected President in 2012,8,0.4,Feb/27/2012 04:50:09
743482,2012.PRES.HUCKABEE,Mike Huckabee to be elected President in 2012,1,0.4,Feb/27/2012 05:28:42
743482,2012.PRES.HUCKABEE,Mike Huckabee to be elected President in 2012,2,0.4,Feb/27/2012 05:39:13
743482,2012.PRES.HUCKABEE,Mike Huckabee to be elected President in 2012,1,0.4,Feb/27/2012 05:46:41
743482,2012.PRES.HUCKABEE,Mike Huckabee to be elected President in 2012,5,0.3,Feb/27/2012 06:33:23
743482,2012.PRES.HUCKABEE,Mike Huckabee to be elected President in 2012,5,0.3,Feb/27/2012 07:05:29
743482,2012.PRES.HUCKABEE,Mike Huckabee to be elected President in 2012,13,0.3,Feb/27/2012 07:29:10
743482,2012.PRES.HUCKABEE,Mike Huckabee to be elected President in 2012,2,0.3,Feb/27/2012 07:46:45
743482,2012.PRES.HUCKABEE,Mike Huckabee to be elected President in 2012,1,0.3,Feb/27/2012 07:46:45
743482,2012.PRES.HUCKABEE,Mike Huckabee to be elected President in 2012,8,0.2,Feb/27/2012 09:30:54
743482,2012.PRES.HUCKABEE,Mike Huckabee to be elected President in 2012,5,0.2,Feb/27/2012 09:49:48
743482,2012.PRES.HUCKABEE,Mike Huckabee to be elected President in 2012,5,0.2,Feb/27/2012 10:00:04
743482,2012.PRES.HUCKABEE,Mike Huckabee to be elected President in 2012,5,0.2,Feb/27/2012 10:00:25
743482,2012.PRES.HUCKABEE,Mike Huckabee to be elected President in 2012,2,0.2,Feb/27/2012 10:00:47
743482,2012.PRES.HUCKABEE,Mike Huckabee to be elected President in 2012,7,0.2,Feb/27/2012 10:06:45
743482,2012.PRES.HUCKABEE,Mike Huckabee to be elected President in 2012,15,0.2,Feb/27/2012 14:51:08
743482,2012.PRES.HUCKABEE,Mike Huckabee to be elected President in 2012,5,0.1,Feb/27/2012 14:56:07
743482,2012.PRES.HUCKABEE,Mike Huckabee to be elected President in 2012,5,0.1,Feb/27/2012 14:59:25
743482,2012.PRES.HUCKABEE,Mike Huckabee to be elected President in 2012,5,0.1,Feb/27/2012 14:59:58
743482,2012.PRES.HUCKABEE,Mike Huckabee to be elected President in 2012,8,0.2,Feb/27/2012 15:50:04
743482,2012.PRES.HUCKABEE,Mike Huckabee to be elected President in 2012,5,0.2,Feb/27/2012 15:50:25
743482,2012.PRES.HUCKABEE,Mike Huckabee to be elected President in 2012,5,0.2,Feb/27/2012 15:50:46
743482,2012.PRES.HUCKABEE,Mike Huckabee to be elected President in 2012,5,0.2,Feb/27/2012 15:52:18
743482,2012.PRES.HUCKABEE,Mike Huckabee to be elected President in 2012,15,0.2,Feb/27/2012 15:52:23
743482,2012.PRES.HUCKABEE,Mike Huckabee to be elected President in 2012,5,0.2,Feb/27/2012 16:03:51
743482,2012.PRES.HUCKABEE,Mike Huckabee to be elected President in 2012,5,0.2,Feb/27/2012 16:04:13
743482,2012.PRES.HUCKABEE,Mike Huckabee to be elected President in 2012,5,0.2,Feb/27/2012 16:14:15
743482,2012.PRES.HUCKABEE,Mike Huckabee to be elected President in 2012,5,0.2,Feb/27/2012 16:39:48
743482,2012.PRES.HUCKABEE,Mike Huckabee to be elected President in 2012,4,0.2,Feb/27/2012 16:40:23
743482,2012.PRES.HUCKABEE,Mike Huckabee to be elected President in 2012,25,0.2,Feb/27/2012 16:48:00
743482,2012.PRES.HUCKABEE,Mike Huckabee to be elected President in 2012,5,0.2,Feb/27/2012 17:17:59
743482,2012.PRES.HUCKABEE,Mike Huckabee to be elected President in 2012,5,0.2,Feb/27/2012 17:18:03
743482,2012.PRES.HUCKABEE,Mike Huckabee to be elected President in 2012,3,0.2,Feb/27/2012 17:18:05
743482,2012.PRES.HUCKABEE,Mike Huckabee to be elected President in 2012,6,0.2,Feb/27/2012 17:18:05
743482,2012.PRES.HUCKABEE,Mike Huckabee to be elected President in 2012,5,0.2,Feb/27/2012 17:18:46
743482,2012.PRES.HUCKABEE,Mike Huckabee to be elected President in 2012,5,0.2,Feb/27/2012 17:19:58
743482,2012.PRES.HUCKABEE,Mike Huckabee to be elected President in 2012,5,0.2,Feb/27/2012 17:26:25
743482,2012.PRES.HUCKABEE,Mike Huckabee to be elected President in 2012,18,0.2,Feb/27/2012 17:26:31
743482,2012.PRES.HUCKABEE,Mike Huckabee to be elected President in 2012,5,0.2,Feb/27/2012 17:33:22
743482,2012.PRES.HUCKABEE,Mike Huckabee to be elected President in 2012,10,0.2,Feb/27/2012 17:33:47
743482,2012.PRES.HUCKABEE,Mike Huckabee to be elected President in 2012,5,0.2,Feb/27/2012 17:33:57
743482,2012.PRES.HUCKABEE,Mike Huckabee to be elected President in 2012,5,0.2,Feb/27/2012 17:51:24
743482,2012.PRES.HUCKABEE,Mike Huckabee to be elected President in 2012,1,0.2,Feb/27/2012 17:54:49
743482,2012.PRES.HUCKABEE,Mike Huckabee to be elected President in 2012,5,0.2,Feb/27/2012 18:19:00
743482,2012.PRES.HUCKABEE,Mike Huckabee to be elected President in 2012,5,0.2,Feb/27/2012 18:42:21
743482,2012.PRES.HUCKABEE,Mike Huckabee to be elected President in 2012,25,0.2,Feb/27/2012 18:42:24
743482,2012.PRES.HUCKABEE,Mike Huckabee to be elected President in 2012,14,0.2,Feb/27/2012 18:42:24
743482,2012.PRES.HUCKABEE,Mike Huckabee to be elected President in 2012,5,0.2,Feb/27/2012 18:42:56
743482,2012.PRES.HUCKABEE,Mike Huckabee to be elected President in 2012,5,0.2,Feb/27/2012 18:43:40
743482,2012.PRES.HUCKABEE,Mike Huckabee to be elected President in 2012,5,0.2,Feb/27/2012 19:09:13
743482,2012.PRES.HUCKABEE,Mike Huckabee to be elected President in 2012,5,0.2,Feb/27/2012 19:28:00
743482,2012.PRES.HUCKABEE,Mike Huckabee to be elected President in 2012,5,0.2,Feb/27/2012 19:28:28
743482,2012.PRES.HUCKABEE,Mike Huckabee to be elected President in 2012,5,0.2,Feb/27/2012 19:29:24
743482,2012.PRES.HUCKABEE,Mike Huckabee to be elected President in 2012,5,0.1,Feb/27/2012 21:52:51
743482,2012.PRES.HUCKABEE,Mike Huckabee to be elected President in 2012,5,0.1,Feb/27/2012 21:54:58
743482,2012.PRES.HUCKABEE,Mike Huckabee to be elected President in 2012,5,0.1,Feb/27/2012 23:29:18
743482,2012.PRES.HUCKABEE,Mike Huckabee to be elected President in 2012,5,0.1,Feb/28/2012 00:07:04
743482,2012.PRES.HUCKABEE,Mike Huckabee to be elected President in 2012,3,0.1,Feb/28/2012 00:24:54
743482,2012.PRES.HUCKABEE,Mike Huckabee to be elected President in 2012,5,0.1,Feb/28/2012 00:51:20
743482,2012.PRES.HUCKABEE,Mike Huckabee to be elected President in 2012,5,0.1,Feb/28/2012 00:59:38
743482,2012.PRES.HUCKABEE,Mike Huckabee to be elected President in 2012,5,0.1,Feb/28/2012 01:07:48
743482,2012.PRES.HUCKABEE,Mike Huckabee to be elected President in 2012,10,0.1,Feb/28/2012 01:13:13
743482,2012.PRES.HUCKABEE,Mike Huckabee to be elected President in 2012,5,0.1,Feb/28/2012 01:22:39
743482,2012.PRES.HUCKABEE,Mike Huckabee to be elected President in 2012,5,0.1,Feb/28/2012 01:28:30
743482,2012.PRES.HUCKABEE,Mike Huckabee to be elected President in 2012,5,0.1,Feb/28/2012 01:54:11
743482,2012.PRES.HUCKABEE,Mike Huckabee to be elected President in 2012,5,0.1,Feb/28/2012 02:00:26
743482,2012.PRES.HUCKABEE,Mike Huckabee to be elected President in 2012,5,0.1,Feb/28/2012 02:04:55
743482,2012.PRES.HUCKABEE,Mike Huckabee to be elected President in 2012,1,0.2,Feb/28/2012 02:06:43
743482,2012.PRES.HUCKABEE,Mike Huckabee to be elected President in 2012,1,0.2,Feb/28/2012 02:07:00
743482,2012.PRES.HUCKABEE,Mike Huckabee to be elected President in 2012,5,0.1,Feb/28/2012 02:07:04
743482,2012.PRES.HUCKABEE,Mike Huckabee to be elected President in 2012,5,0.1,Feb/28/2012 02:39:31
743482,2012.PRES.HUCKABEE,Mike Huckabee to be elected President in 2012,5,0.1,Feb/28/2012 02:45:06
743482,2012.PRES.HUCKABEE,Mike Huckabee to be elected President in 2012,5,0.1,Feb/28/2012 03:32:51
743482,2012.PRES.HUCKABEE,Mike Huckabee to be elected President in 2012,5,0.1,Feb/28/2012 03:42:34
743482,2012.PRES.HUCKABEE,Mike Huckabee to be elected President in 2012,5,0.1,Feb/28/2012 06:15:20
743482,2012.PRES.HUCKABEE,Mike Huckabee to be elected President in 2012,1,0.1,Feb/28/2012 11:13:25
743482,2012.PRES.HUCKABEE,Mike Huckabee to be elected President in 2012,4,0.1,Feb/28/2012 11:13:25
743482,2012.PRES.HUCKABEE,Mike Huckabee to be elected President in 2012,5,0.1,Feb/28/2012 17:49:13
743482,2012.PRES.HUCKABEE,Mike Huckabee to be elected President in 2012,5,0.1,Feb/28/2012 17:49:40
743482,2012.PRES.HUCKABEE,Mike Huckabee to be elected President in 2012,5,0.1,Feb/28/2012 19:51:38
743482,2012.PRES.HUCKABEE,Mike Huckabee to be elected President in 2012,5,0.1,Feb/28/2012 19:58:13
743482,2012.PRES.HUCKABEE,Mike Huckabee to be elected President in 2012,5,0.1,Feb/28/2012 20:19:08
743482,2012.PRES.HUCKABEE,Mike Huckabee to be elected President in 2012,5,0.1,Feb/28/2012 20:21:18
743482,2012.PRES.HUCKABEE,Mike Huckabee to be elected President in 2012,5,0.1,Feb/28/2012 20:51:10
743482,2012.PRES.HUCKABEE,Mike Huckabee to be elected President in 2012,5,0.1,Feb/28/2012 20:57:32
743482,2012.PRES.HUCKABEE,Mike Huckabee to be elected President in 2012,1,0.1,Feb/28/2012 21:00:56
743482,2012.PRES.HUCKABEE,Mike Huckabee to be elected President in 2012,5,0.1,Feb/28/2012 21:02:10
743482,2012.PRES.HUCKABEE,Mike Huckabee to be elected President in 2012,1,0.1,Feb/28/2012 23:06:39
743482,2012.PRES.HUCKABEE,Mike Huckabee to be elected President in 2012,5,0.1,Feb/29/2012 01:46:46
743482,2012.PRES.HUCKABEE,Mike Huckabee to be elected President in 2012,4,0.1,Feb/29/2012 01:47:45
743482,2012.PRES.HUCKABEE,Mike Huckabee to be elected President in 2012,5,0.1,Feb/29/2012 01:48:03
743482,2012.PRES.HUCKABEE,Mike Huckabee to be elected President in 2012,5,0.1,Feb/29/2012 02:09:44
743482,2012.PRES.HUCKABEE,Mike Huckabee to be elected President in 2012,2,0.1,Feb/29/2012 02:18:29
743482,2012.PRES.HUCKABEE,Mike Huckabee to be elected President in 2012,5,0.1,Feb/29/2012 02:19:26
743482,2012.PRES.HUCKABEE,Mike Huckabee to be elected President in 2012,5,0.1,Feb/29/2012 02:27:07
743482,2012.PRES.HUCKABEE,Mike Huckabee to be elected President in 2012,5,0.1,Feb/29/2012 02:29:56
743482,2012.PRES.HUCKABEE,Mike Huckabee to be elected President in 2012,5,0.1,Feb/29/2012 02:32:29
743482,2012.PRES.HUCKABEE,Mike Huckabee to be elected President in 2012,5,0.1,Feb/29/2012 02:34:58
743482,2012.PRES.HUCKABEE,Mike Huckabee to be elected President in 2012,5,0.1,Feb/29/2012 02:36:47
743482,2012.PRES.HUCKABEE,Mike Huckabee to be elected President in 2012,5,0.1,Feb/29/2012 02:44:47
743482,2012.PRES.HUCKABEE,Mike Huckabee to be elected President in 2012,1,0.1,Feb/29/2012 02:54:35
743482,2012.PRES.HUCKABEE,Mike Huckabee to be elected President in 2012,5,0.1,Feb/29/2012 02:54:50
743482,2012.PRES.HUCKABEE,Mike Huckabee to be elected President in 2012,5,0.1,Feb/29/2012 03:01:39
743482,2012.PRES.HUCKABEE,Mike Huckabee to be elected President in 2012,5,0.1,Feb/29/2012 09:22:15
743482,2012.PRES.HUCKABEE,Mike Huckabee to be elected President in 2012,5,0.1,Feb/29/2012 14:05:54
743482,2012.PRES.HUCKABEE,Mike Huckabee to be elected President in 2012,5,0.1,Feb/29/2012 14:06:05
743482,2012.PRES.HUCKABEE,Mike Huckabee to be elected President in 2012,5,0.1,Feb/29/2012 15:17:02
743482,2012.PRES.HUCKABEE,Mike Huckabee to be elected President in 2012,5,0.1,Feb/29/2012 15:20:39
743482,2012.PRES.HUCKABEE,Mike Huckabee to be elected President in 2012,5,0.1,Feb/29/2012 18:59:50
743482,2012.PRES.HUCKABEE,Mike Huckabee to be elected President in 2012,5,0.1,Feb/29/2012 19:56:51
743482,2012.PRES.HUCKABEE,Mike Huckabee to be elected President in 2012,5,0.1,Feb/29/2012 23:45:17
743482,2012.PRES.HUCKABEE,Mike Huckabee to be elected President in 2012,3,0.1,Feb/29/2012 23:45:38
743482,2012.PRES.HUCKABEE,Mike Huckabee to be elected President in 2012,2,0.1,Feb/29/2012 23:45:38
743482,2012.PRES.HUCKABEE,Mike Huckabee to be elected President in 2012,5,0.1,Mar/01/2012 00:20:30
743482,2012.PRES.HUCKABEE,Mike Huckabee to be elected President in 2012,5,0.1,Mar/01/2012 00:21:29
743482,2012.PRES.HUCKABEE,Mike Huckabee to be elected President in 2012,5,0.1,Mar/01/2012 16:11:57
743482,2012.PRES.HUCKABEE,Mike Huckabee to be elected President in 2012,4,0.1,Mar/01/2012 18:15:00
743482,2012.PRES.HUCKABEE,Mike Huckabee to be elected President in 2012,29,0.1,Mar/01/2012 23:22:08
743482,2012.PRES.HUCKABEE,Mike Huckabee to be elected President in 2012,11,0.1,Mar/01/2012 23:22:08
743482,2012.PRES.HUCKABEE,Mike Huckabee to be elected President in 2012,5,0.1,Mar/01/2012 23:24:17
743482,2012.PRES.HUCKABEE,Mike Huckabee to be elected President in 2012,29,0.1,Mar/01/2012 23:29:27
743482,2012.PRES.HUCKABEE,Mike Huckabee to be elected President in 2012,5,0.1,Mar/01/2012 23:37:52
743482,2012.PRES.HUCKABEE,Mike Huckabee to be elected President in 2012,15,0.1,Mar/01/2012 23:37:52
743482,2012.PRES.HUCKABEE,Mike Huckabee to be elected President in 2012,5,0.1,Mar/01/2012 23:41:30
743482,2012.PRES.HUCKABEE,Mike Huckabee to be elected President in 2012,10,0.1,Mar/01/2012 23:45:30
