market id,market symbol,market name,trade quantity,trade price,date/time [utc]
749967,2012.PRES.SANTORUM,Rick Santorum to be elected President in 2012,1,0.1,Jun/10/2011 15:16:59
749967,2012.PRES.SANTORUM,Rick Santorum to be elected President in 2012,100,0.2,Jun/10/2011 18:58:01
749967,2012.PRES.SANTORUM,Rick Santorum to be elected President in 2012,100,0.2,Jun/10/2011 18:58:01
749967,2012.PRES.SANTORUM,Rick Santorum to be elected President in 2012,99,0.2,Jun/10/2011 18:58:01
749967,2012.PRES.SANTORUM,Rick Santorum to be elected President in 2012,100,0.2,Jun/10/2011 21:11:33
749967,2012.PRES.SANTORUM,Rick Santorum to be elected President in 2012,100,0.3,Jun/10/2011 21:21:51
749967,2012.PRES.SANTORUM,Rick Santorum to be elected President in 2012,350,0.2,Jun/11/2011 03:10:06
749967,2012.PRES.SANTORUM,Rick Santorum to be elected President in 2012,100,0.2,Jun/11/2011 03:10:06
749967,2012.PRES.SANTORUM,Rick Santorum to be elected President in 2012,175,0.2,Jun/11/2011 04:50:22
749967,2012.PRES.SANTORUM,Rick Santorum to be elected President in 2012,100,0.2,Jun/11/2011 04:50:22
749967,2012.PRES.SANTORUM,Rick Santorum to be elected President in 2012,100,0.3,Jun/11/2011 04:51:41
749967,2012.PRES.SANTORUM,Rick Santorum to be elected President in 2012,175,0.3,Jun/11/2011 04:51:41
749967,2012.PRES.SANTORUM,Rick Santorum to be elected President in 2012,100,0.3,Jun/11/2011 19:44:11
749967,2012.PRES.SANTORUM,Rick Santorum to be elected President in 2012,140,0.3,Jun/11/2011 19:44:11
749967,2012.PRES.SANTORUM,Rick Santorum to be elected President in 2012,100,0.3,Jun/11/2011 20:19:03
749967,2012.PRES.SANTORUM,Rick Santorum to be elected President in 2012,10,0.3,Jun/12/2011 21:06:22
749967,2012.PRES.SANTORUM,Rick Santorum to be elected President in 2012,20,0.3,Jun/12/2011 21:06:22
749967,2012.PRES.SANTORUM,Rick Santorum to be elected President in 2012,10,0.3,Jun/13/2011 05:10:59
749967,2012.PRES.SANTORUM,Rick Santorum to be elected President in 2012,1,0.1,Jun/13/2011 12:20:05
749967,2012.PRES.SANTORUM,Rick Santorum to be elected President in 2012,10,0.3,Jun/13/2011 23:22:52
749967,2012.PRES.SANTORUM,Rick Santorum to be elected President in 2012,10,0.4,Jun/13/2011 23:40:17
749967,2012.PRES.SANTORUM,Rick Santorum to be elected President in 2012,10,0.3,Jun/14/2011 20:27:01
749967,2012.PRES.SANTORUM,Rick Santorum to be elected President in 2012,10,0.3,Jun/14/2011 20:27:01
749967,2012.PRES.SANTORUM,Rick Santorum to be elected President in 2012,10,0.4,Jun/14/2011 20:27:24
749967,2012.PRES.SANTORUM,Rick Santorum to be elected President in 2012,30,0.3,Jun/15/2011 21:15:41
749967,2012.PRES.SANTORUM,Rick Santorum to be elected President in 2012,10,0.3,Jun/16/2011 20:52:03
749967,2012.PRES.SANTORUM,Rick Santorum to be elected President in 2012,10,0.3,Jun/16/2011 20:52:03
749967,2012.PRES.SANTORUM,Rick Santorum to be elected President in 2012,15,0.3,Jun/16/2011 21:41:03
749967,2012.PRES.SANTORUM,Rick Santorum to be elected President in 2012,1,0.3,Jun/24/2011 06:58:40
749967,2012.PRES.SANTORUM,Rick Santorum to be elected President in 2012,20,0.2,Jun/25/2011 13:30:02
749967,2012.PRES.SANTORUM,Rick Santorum to be elected President in 2012,10,0.2,Jun/25/2011 23:14:20
749967,2012.PRES.SANTORUM,Rick Santorum to be elected President in 2012,10,0.2,Jun/26/2011 14:48:07
749967,2012.PRES.SANTORUM,Rick Santorum to be elected President in 2012,10,0.2,Jun/26/2011 20:50:56
749967,2012.PRES.SANTORUM,Rick Santorum to be elected President in 2012,4,0.3,Jun/27/2011 08:00:19
749967,2012.PRES.SANTORUM,Rick Santorum to be elected President in 2012,10,0.3,Jun/27/2011 08:00:19
749967,2012.PRES.SANTORUM,Rick Santorum to be elected President in 2012,10,0.3,Jun/27/2011 08:00:19
749967,2012.PRES.SANTORUM,Rick Santorum to be elected President in 2012,100,0.3,Jun/27/2011 08:00:19
749967,2012.PRES.SANTORUM,Rick Santorum to be elected President in 2012,10,0.3,Jun/27/2011 08:00:19
749967,2012.PRES.SANTORUM,Rick Santorum to be elected President in 2012,20,0.3,Jun/27/2011 08:00:19
749967,2012.PRES.SANTORUM,Rick Santorum to be elected President in 2012,10,0.3,Jun/27/2011 08:00:19
749967,2012.PRES.SANTORUM,Rick Santorum to be elected President in 2012,10,0.3,Jun/27/2011 08:00:19
749967,2012.PRES.SANTORUM,Rick Santorum to be elected President in 2012,10,0.3,Jun/27/2011 08:00:19
749967,2012.PRES.SANTORUM,Rick Santorum to be elected President in 2012,10,0.2,Jun/28/2011 01:56:25
749967,2012.PRES.SANTORUM,Rick Santorum to be elected President in 2012,10,0.3,Jun/28/2011 07:15:16
749967,2012.PRES.SANTORUM,Rick Santorum to be elected President in 2012,200,0.3,Jun/28/2011 07:15:16
749967,2012.PRES.SANTORUM,Rick Santorum to be elected President in 2012,20,0.3,Jun/28/2011 07:15:16
749967,2012.PRES.SANTORUM,Rick Santorum to be elected President in 2012,100,0.3,Jun/28/2011 07:15:16
749967,2012.PRES.SANTORUM,Rick Santorum to be elected President in 2012,10,0.3,Jun/28/2011 07:15:16
749967,2012.PRES.SANTORUM,Rick Santorum to be elected President in 2012,10,0.3,Jun/30/2011 09:13:44
749967,2012.PRES.SANTORUM,Rick Santorum to be elected President in 2012,10,0.3,Jun/30/2011 09:13:44
749967,2012.PRES.SANTORUM,Rick Santorum to be elected President in 2012,10,0.3,Jun/30/2011 09:13:44
749967,2012.PRES.SANTORUM,Rick Santorum to be elected President in 2012,10,0.3,Jun/30/2011 09:13:44
749967,2012.PRES.SANTORUM,Rick Santorum to be elected President in 2012,10,0.3,Jun/30/2011 09:13:44
749967,2012.PRES.SANTORUM,Rick Santorum to be elected President in 2012,20,0.3,Jun/30/2011 23:40:57
749967,2012.PRES.SANTORUM,Rick Santorum to be elected President in 2012,20,0.3,Jun/30/2011 23:40:57
749967,2012.PRES.SANTORUM,Rick Santorum to be elected President in 2012,10,0.3,Jul/01/2011 12:28:53
749967,2012.PRES.SANTORUM,Rick Santorum to be elected President in 2012,10,0.3,Jul/01/2011 12:28:53
749967,2012.PRES.SANTORUM,Rick Santorum to be elected President in 2012,10,0.3,Jul/02/2011 04:49:44
749967,2012.PRES.SANTORUM,Rick Santorum to be elected President in 2012,10,0.3,Jul/02/2011 04:49:44
749967,2012.PRES.SANTORUM,Rick Santorum to be elected President in 2012,10,0.3,Jul/02/2011 04:49:44
749967,2012.PRES.SANTORUM,Rick Santorum to be elected President in 2012,10,0.3,Jul/02/2011 04:49:44
749967,2012.PRES.SANTORUM,Rick Santorum to be elected President in 2012,10,0.3,Jul/03/2011 01:58:41
749967,2012.PRES.SANTORUM,Rick Santorum to be elected President in 2012,10,0.3,Jul/03/2011 01:58:41
749967,2012.PRES.SANTORUM,Rick Santorum to be elected President in 2012,11,0.3,Jul/03/2011 01:58:41
749967,2012.PRES.SANTORUM,Rick Santorum to be elected President in 2012,10,0.3,Jul/03/2011 01:58:41
749967,2012.PRES.SANTORUM,Rick Santorum to be elected President in 2012,30,0.3,Jul/03/2011 01:58:41
749967,2012.PRES.SANTORUM,Rick Santorum to be elected President in 2012,30,0.3,Jul/03/2011 01:58:41
749967,2012.PRES.SANTORUM,Rick Santorum to be elected President in 2012,190,0.3,Jul/03/2011 19:40:42
749967,2012.PRES.SANTORUM,Rick Santorum to be elected President in 2012,1,0.3,Jul/03/2011 19:40:42
749967,2012.PRES.SANTORUM,Rick Santorum to be elected President in 2012,5,0.2,Jul/04/2011 01:12:43
749967,2012.PRES.SANTORUM,Rick Santorum to be elected President in 2012,20,0.3,Jul/06/2011 06:25:29
749967,2012.PRES.SANTORUM,Rick Santorum to be elected President in 2012,10,0.3,Jul/06/2011 06:25:29
749967,2012.PRES.SANTORUM,Rick Santorum to be elected President in 2012,10,0.3,Jul/06/2011 06:25:29
749967,2012.PRES.SANTORUM,Rick Santorum to be elected President in 2012,10,0.3,Jul/06/2011 06:25:29
749967,2012.PRES.SANTORUM,Rick Santorum to be elected President in 2012,10,0.3,Jul/11/2011 08:31:36
749967,2012.PRES.SANTORUM,Rick Santorum to be elected President in 2012,20,0.3,Jul/11/2011 08:31:36
749967,2012.PRES.SANTORUM,Rick Santorum to be elected President in 2012,10,0.3,Jul/11/2011 08:31:36
749967,2012.PRES.SANTORUM,Rick Santorum to be elected President in 2012,10,0.3,Jul/11/2011 08:31:36
749967,2012.PRES.SANTORUM,Rick Santorum to be elected President in 2012,10,0.3,Jul/11/2011 08:31:36
749967,2012.PRES.SANTORUM,Rick Santorum to be elected President in 2012,10,0.3,Jul/11/2011 08:31:36
749967,2012.PRES.SANTORUM,Rick Santorum to be elected President in 2012,10,0.3,Jul/11/2011 08:31:36
749967,2012.PRES.SANTORUM,Rick Santorum to be elected President in 2012,10,0.3,Jul/11/2011 08:31:36
749967,2012.PRES.SANTORUM,Rick Santorum to be elected President in 2012,10,0.3,Jul/11/2011 08:31:36
749967,2012.PRES.SANTORUM,Rick Santorum to be elected President in 2012,1,0.1,Jul/12/2011 21:51:43
749967,2012.PRES.SANTORUM,Rick Santorum to be elected President in 2012,1,0.3,Jul/14/2011 23:41:57
749967,2012.PRES.SANTORUM,Rick Santorum to be elected President in 2012,80,0.3,Jul/16/2011 23:27:51
749967,2012.PRES.SANTORUM,Rick Santorum to be elected President in 2012,10,0.3,Jul/16/2011 23:27:51
749967,2012.PRES.SANTORUM,Rick Santorum to be elected President in 2012,20,0.3,Jul/16/2011 23:27:51
749967,2012.PRES.SANTORUM,Rick Santorum to be elected President in 2012,10,0.3,Jul/16/2011 23:27:51
749967,2012.PRES.SANTORUM,Rick Santorum to be elected President in 2012,20,0.3,Jul/16/2011 23:27:51
749967,2012.PRES.SANTORUM,Rick Santorum to be elected President in 2012,20,0.3,Jul/16/2011 23:27:51
749967,2012.PRES.SANTORUM,Rick Santorum to be elected President in 2012,10,0.3,Jul/16/2011 23:27:51
749967,2012.PRES.SANTORUM,Rick Santorum to be elected President in 2012,10,0.2,Jul/30/2011 02:53:48
749967,2012.PRES.SANTORUM,Rick Santorum to be elected President in 2012,10,0.2,Aug/01/2011 23:39:22
749967,2012.PRES.SANTORUM,Rick Santorum to be elected President in 2012,10,0.2,Aug/02/2011 03:07:02
749967,2012.PRES.SANTORUM,Rick Santorum to be elected President in 2012,10,0.2,Aug/02/2011 22:15:52
749967,2012.PRES.SANTORUM,Rick Santorum to be elected President in 2012,1,0.2,Aug/02/2011 22:49:47
749967,2012.PRES.SANTORUM,Rick Santorum to be elected President in 2012,10,0.2,Aug/02/2011 22:55:59
749967,2012.PRES.SANTORUM,Rick Santorum to be elected President in 2012,10,0.2,Aug/03/2011 14:17:59
749967,2012.PRES.SANTORUM,Rick Santorum to be elected President in 2012,10,0.2,Aug/03/2011 14:18:06
749967,2012.PRES.SANTORUM,Rick Santorum to be elected President in 2012,9,0.2,Aug/03/2011 14:18:49
749967,2012.PRES.SANTORUM,Rick Santorum to be elected President in 2012,10,0.2,Aug/03/2011 14:31:17
749967,2012.PRES.SANTORUM,Rick Santorum to be elected President in 2012,10,0.2,Aug/03/2011 17:45:31
749967,2012.PRES.SANTORUM,Rick Santorum to be elected President in 2012,10,0.2,Aug/03/2011 21:33:34
749967,2012.PRES.SANTORUM,Rick Santorum to be elected President in 2012,10,0.2,Aug/04/2011 03:38:11
749967,2012.PRES.SANTORUM,Rick Santorum to be elected President in 2012,10,0.2,Aug/04/2011 03:47:32
749967,2012.PRES.SANTORUM,Rick Santorum to be elected President in 2012,1,0.2,Aug/04/2011 11:53:51
749967,2012.PRES.SANTORUM,Rick Santorum to be elected President in 2012,10,0.2,Aug/04/2011 15:17:48
749967,2012.PRES.SANTORUM,Rick Santorum to be elected President in 2012,2,0.2,Aug/04/2011 18:01:14
749967,2012.PRES.SANTORUM,Rick Santorum to be elected President in 2012,8,0.2,Aug/04/2011 20:17:19
749967,2012.PRES.SANTORUM,Rick Santorum to be elected President in 2012,1,0.1,Aug/08/2011 16:38:10
749967,2012.PRES.SANTORUM,Rick Santorum to be elected President in 2012,2,0.2,Aug/09/2011 23:42:13
749967,2012.PRES.SANTORUM,Rick Santorum to be elected President in 2012,10,0.2,Aug/09/2011 23:42:13
749967,2012.PRES.SANTORUM,Rick Santorum to be elected President in 2012,10,0.2,Aug/09/2011 23:42:13
749967,2012.PRES.SANTORUM,Rick Santorum to be elected President in 2012,10,0.2,Aug/09/2011 23:42:13
749967,2012.PRES.SANTORUM,Rick Santorum to be elected President in 2012,10,0.2,Aug/09/2011 23:42:13
749967,2012.PRES.SANTORUM,Rick Santorum to be elected President in 2012,10,0.2,Aug/09/2011 23:42:13
749967,2012.PRES.SANTORUM,Rick Santorum to be elected President in 2012,10,0.2,Aug/09/2011 23:42:13
749967,2012.PRES.SANTORUM,Rick Santorum to be elected President in 2012,10,0.2,Aug/09/2011 23:42:13
749967,2012.PRES.SANTORUM,Rick Santorum to be elected President in 2012,10,0.2,Aug/09/2011 23:42:13
749967,2012.PRES.SANTORUM,Rick Santorum to be elected President in 2012,10,0.2,Aug/09/2011 23:42:13
749967,2012.PRES.SANTORUM,Rick Santorum to be elected President in 2012,10,0.2,Aug/09/2011 23:42:13
749967,2012.PRES.SANTORUM,Rick Santorum to be elected President in 2012,10,0.2,Aug/09/2011 23:42:13
749967,2012.PRES.SANTORUM,Rick Santorum to be elected President in 2012,10,0.2,Aug/09/2011 23:42:13
749967,2012.PRES.SANTORUM,Rick Santorum to be elected President in 2012,10,0.2,Aug/09/2011 23:42:13
749967,2012.PRES.SANTORUM,Rick Santorum to be elected President in 2012,10,0.2,Aug/09/2011 23:42:13
749967,2012.PRES.SANTORUM,Rick Santorum to be elected President in 2012,150,0.2,Aug/09/2011 23:42:13
749967,2012.PRES.SANTORUM,Rick Santorum to be elected President in 2012,60,0.2,Aug/09/2011 23:52:17
749967,2012.PRES.SANTORUM,Rick Santorum to be elected President in 2012,10,0.2,Aug/09/2011 23:52:17
749967,2012.PRES.SANTORUM,Rick Santorum to be elected President in 2012,10,0.2,Aug/10/2011 05:42:37
749967,2012.PRES.SANTORUM,Rick Santorum to be elected President in 2012,10,0.2,Aug/10/2011 05:42:37
749967,2012.PRES.SANTORUM,Rick Santorum to be elected President in 2012,10,0.2,Aug/11/2011 05:02:03
749967,2012.PRES.SANTORUM,Rick Santorum to be elected President in 2012,10,0.2,Aug/11/2011 05:02:03
749967,2012.PRES.SANTORUM,Rick Santorum to be elected President in 2012,10,0.2,Aug/11/2011 05:02:03
749967,2012.PRES.SANTORUM,Rick Santorum to be elected President in 2012,10,0.2,Aug/11/2011 23:15:19
749967,2012.PRES.SANTORUM,Rick Santorum to be elected President in 2012,10,0.2,Aug/11/2011 23:15:19
749967,2012.PRES.SANTORUM,Rick Santorum to be elected President in 2012,10,0.2,Aug/11/2011 23:15:19
749967,2012.PRES.SANTORUM,Rick Santorum to be elected President in 2012,100,0.2,Aug/12/2011 05:35:32
749967,2012.PRES.SANTORUM,Rick Santorum to be elected President in 2012,10,0.2,Aug/12/2011 05:35:32
749967,2012.PRES.SANTORUM,Rick Santorum to be elected President in 2012,10,0.2,Aug/12/2011 05:35:32
749967,2012.PRES.SANTORUM,Rick Santorum to be elected President in 2012,10,0.2,Aug/12/2011 05:35:32
749967,2012.PRES.SANTORUM,Rick Santorum to be elected President in 2012,10,0.2,Aug/12/2011 05:35:32
749967,2012.PRES.SANTORUM,Rick Santorum to be elected President in 2012,10,0.2,Aug/12/2011 05:35:32
749967,2012.PRES.SANTORUM,Rick Santorum to be elected President in 2012,10,0.2,Aug/12/2011 05:35:32
749967,2012.PRES.SANTORUM,Rick Santorum to be elected President in 2012,88,0.2,Aug/13/2011 02:22:05
749967,2012.PRES.SANTORUM,Rick Santorum to be elected President in 2012,10,0.2,Aug/13/2011 02:22:05
749967,2012.PRES.SANTORUM,Rick Santorum to be elected President in 2012,20,0.2,Aug/13/2011 02:22:05
749967,2012.PRES.SANTORUM,Rick Santorum to be elected President in 2012,20,0.2,Aug/13/2011 02:22:05
749967,2012.PRES.SANTORUM,Rick Santorum to be elected President in 2012,10,0.2,Aug/13/2011 02:22:05
749967,2012.PRES.SANTORUM,Rick Santorum to be elected President in 2012,10,0.2,Aug/13/2011 09:02:25
749967,2012.PRES.SANTORUM,Rick Santorum to be elected President in 2012,10,0.2,Aug/13/2011 09:02:25
749967,2012.PRES.SANTORUM,Rick Santorum to be elected President in 2012,10,0.2,Aug/13/2011 20:08:08
749967,2012.PRES.SANTORUM,Rick Santorum to be elected President in 2012,10,0.2,Aug/13/2011 23:33:08
749967,2012.PRES.SANTORUM,Rick Santorum to be elected President in 2012,1,0.2,Aug/14/2011 02:24:28
749967,2012.PRES.SANTORUM,Rick Santorum to be elected President in 2012,9,0.2,Aug/14/2011 09:06:23
749967,2012.PRES.SANTORUM,Rick Santorum to be elected President in 2012,20,0.2,Aug/14/2011 09:06:23
749967,2012.PRES.SANTORUM,Rick Santorum to be elected President in 2012,1,0.2,Aug/14/2011 15:41:33
749967,2012.PRES.SANTORUM,Rick Santorum to be elected President in 2012,1,0.2,Aug/14/2011 19:15:21
749967,2012.PRES.SANTORUM,Rick Santorum to be elected President in 2012,1,0.2,Aug/14/2011 19:15:44
749967,2012.PRES.SANTORUM,Rick Santorum to be elected President in 2012,1,0.2,Aug/14/2011 19:16:04
749967,2012.PRES.SANTORUM,Rick Santorum to be elected President in 2012,16,0.2,Aug/15/2011 02:29:37
749967,2012.PRES.SANTORUM,Rick Santorum to be elected President in 2012,10,0.2,Aug/15/2011 02:29:37
749967,2012.PRES.SANTORUM,Rick Santorum to be elected President in 2012,20,0.2,Aug/15/2011 02:29:37
749967,2012.PRES.SANTORUM,Rick Santorum to be elected President in 2012,20,0.2,Aug/15/2011 10:40:18
749967,2012.PRES.SANTORUM,Rick Santorum to be elected President in 2012,10,0.2,Aug/15/2011 10:40:18
749967,2012.PRES.SANTORUM,Rick Santorum to be elected President in 2012,20,0.2,Aug/15/2011 23:37:08
749967,2012.PRES.SANTORUM,Rick Santorum to be elected President in 2012,20,0.2,Aug/15/2011 23:37:08
749967,2012.PRES.SANTORUM,Rick Santorum to be elected President in 2012,20,0.2,Aug/15/2011 23:37:08
749967,2012.PRES.SANTORUM,Rick Santorum to be elected President in 2012,10,0.2,Aug/16/2011 07:23:29
749967,2012.PRES.SANTORUM,Rick Santorum to be elected President in 2012,20,0.2,Aug/16/2011 14:42:58
749967,2012.PRES.SANTORUM,Rick Santorum to be elected President in 2012,20,0.2,Aug/16/2011 23:25:59
749967,2012.PRES.SANTORUM,Rick Santorum to be elected President in 2012,162,0.2,Aug/17/2011 20:14:45
749967,2012.PRES.SANTORUM,Rick Santorum to be elected President in 2012,20,0.2,Aug/18/2011 02:41:08
749967,2012.PRES.SANTORUM,Rick Santorum to be elected President in 2012,20,0.2,Aug/19/2011 06:36:00
749967,2012.PRES.SANTORUM,Rick Santorum to be elected President in 2012,10,0.2,Aug/19/2011 06:36:00
749967,2012.PRES.SANTORUM,Rick Santorum to be elected President in 2012,20,0.2,Aug/20/2011 05:22:41
749967,2012.PRES.SANTORUM,Rick Santorum to be elected President in 2012,20,0.2,Aug/20/2011 21:27:33
749967,2012.PRES.SANTORUM,Rick Santorum to be elected President in 2012,10,0.2,Aug/20/2011 21:27:33
749967,2012.PRES.SANTORUM,Rick Santorum to be elected President in 2012,1,0.1,Aug/22/2011 23:19:23
749967,2012.PRES.SANTORUM,Rick Santorum to be elected President in 2012,30,0.2,Aug/23/2011 23:14:24
749967,2012.PRES.SANTORUM,Rick Santorum to be elected President in 2012,2,0.1,Aug/26/2011 23:51:50
749967,2012.PRES.SANTORUM,Rick Santorum to be elected President in 2012,21,0.1,Sep/01/2011 15:20:11
749967,2012.PRES.SANTORUM,Rick Santorum to be elected President in 2012,1,0.1,Sep/01/2011 15:30:45
749967,2012.PRES.SANTORUM,Rick Santorum to be elected President in 2012,1,0.1,Sep/01/2011 15:31:58
749967,2012.PRES.SANTORUM,Rick Santorum to be elected President in 2012,1,0.1,Sep/01/2011 15:32:22
749967,2012.PRES.SANTORUM,Rick Santorum to be elected President in 2012,1,0.1,Sep/01/2011 15:32:44
749967,2012.PRES.SANTORUM,Rick Santorum to be elected President in 2012,1,0.1,Sep/02/2011 02:16:26
749967,2012.PRES.SANTORUM,Rick Santorum to be elected President in 2012,9,0.1,Sep/02/2011 05:10:08
749967,2012.PRES.SANTORUM,Rick Santorum to be elected President in 2012,7,0.1,Sep/02/2011 17:33:55
749967,2012.PRES.SANTORUM,Rick Santorum to be elected President in 2012,10,0.2,Sep/02/2011 18:53:22
749967,2012.PRES.SANTORUM,Rick Santorum to be elected President in 2012,1,0.1,Sep/02/2011 18:58:48
749967,2012.PRES.SANTORUM,Rick Santorum to be elected President in 2012,1,0.1,Sep/02/2011 21:16:43
749967,2012.PRES.SANTORUM,Rick Santorum to be elected President in 2012,1,0.1,Sep/03/2011 14:20:11
749967,2012.PRES.SANTORUM,Rick Santorum to be elected President in 2012,100,0.2,Sep/03/2011 23:32:49
749967,2012.PRES.SANTORUM,Rick Santorum to be elected President in 2012,100,0.2,Sep/04/2011 06:31:05
749967,2012.PRES.SANTORUM,Rick Santorum to be elected President in 2012,2,0.2,Sep/05/2011 15:27:58
749967,2012.PRES.SANTORUM,Rick Santorum to be elected President in 2012,1,0.2,Sep/06/2011 15:11:05
749967,2012.PRES.SANTORUM,Rick Santorum to be elected President in 2012,1,0.2,Sep/06/2011 15:16:05
749967,2012.PRES.SANTORUM,Rick Santorum to be elected President in 2012,1,0.2,Sep/07/2011 03:20:19
749967,2012.PRES.SANTORUM,Rick Santorum to be elected President in 2012,1,0.2,Sep/07/2011 10:33:49
749967,2012.PRES.SANTORUM,Rick Santorum to be elected President in 2012,1,0.2,Sep/07/2011 10:36:00
749967,2012.PRES.SANTORUM,Rick Santorum to be elected President in 2012,4,0.2,Sep/07/2011 17:10:35
749967,2012.PRES.SANTORUM,Rick Santorum to be elected President in 2012,2,0.2,Sep/07/2011 20:31:18
749967,2012.PRES.SANTORUM,Rick Santorum to be elected President in 2012,20,0.2,Sep/08/2011 01:11:43
749967,2012.PRES.SANTORUM,Rick Santorum to be elected President in 2012,167,0.2,Sep/08/2011 01:13:59
749967,2012.PRES.SANTORUM,Rick Santorum to be elected President in 2012,250,0.2,Sep/08/2011 01:14:36
749967,2012.PRES.SANTORUM,Rick Santorum to be elected President in 2012,33,0.2,Sep/08/2011 01:14:53
749967,2012.PRES.SANTORUM,Rick Santorum to be elected President in 2012,1,0.2,Sep/08/2011 12:32:49
749967,2012.PRES.SANTORUM,Rick Santorum to be elected President in 2012,1,0.3,Sep/10/2011 22:27:44
749967,2012.PRES.SANTORUM,Rick Santorum to be elected President in 2012,50,0.2,Sep/12/2011 05:52:51
749967,2012.PRES.SANTORUM,Rick Santorum to be elected President in 2012,5,0.2,Sep/13/2011 13:50:44
749967,2012.PRES.SANTORUM,Rick Santorum to be elected President in 2012,5,0.2,Sep/13/2011 14:09:35
749967,2012.PRES.SANTORUM,Rick Santorum to be elected President in 2012,1,0.2,Sep/13/2011 14:24:05
749967,2012.PRES.SANTORUM,Rick Santorum to be elected President in 2012,18,0.2,Sep/13/2011 15:29:59
749967,2012.PRES.SANTORUM,Rick Santorum to be elected President in 2012,1,0.3,Sep/13/2011 16:14:22
749967,2012.PRES.SANTORUM,Rick Santorum to be elected President in 2012,2,0.2,Sep/13/2011 17:22:48
749967,2012.PRES.SANTORUM,Rick Santorum to be elected President in 2012,61,0.2,Sep/14/2011 15:08:46
749967,2012.PRES.SANTORUM,Rick Santorum to be elected President in 2012,50,0.2,Sep/15/2011 02:53:54
749967,2012.PRES.SANTORUM,Rick Santorum to be elected President in 2012,8,0.2,Sep/16/2011 01:09:46
749967,2012.PRES.SANTORUM,Rick Santorum to be elected President in 2012,1,0.2,Sep/16/2011 01:09:46
749967,2012.PRES.SANTORUM,Rick Santorum to be elected President in 2012,15,0.2,Sep/20/2011 16:58:45
749967,2012.PRES.SANTORUM,Rick Santorum to be elected President in 2012,10,0.2,Sep/24/2011 16:51:52
749967,2012.PRES.SANTORUM,Rick Santorum to be elected President in 2012,40,0.2,Sep/24/2011 23:59:17
749967,2012.PRES.SANTORUM,Rick Santorum to be elected President in 2012,213,0.3,Sep/25/2011 19:49:38
749967,2012.PRES.SANTORUM,Rick Santorum to be elected President in 2012,10,0.3,Sep/25/2011 19:49:38
749967,2012.PRES.SANTORUM,Rick Santorum to be elected President in 2012,150,0.3,Sep/25/2011 19:49:38
749967,2012.PRES.SANTORUM,Rick Santorum to be elected President in 2012,11,0.3,Sep/25/2011 19:49:38
749967,2012.PRES.SANTORUM,Rick Santorum to be elected President in 2012,1,0.3,Sep/25/2011 19:49:38
749967,2012.PRES.SANTORUM,Rick Santorum to be elected President in 2012,10,0.3,Sep/26/2011 03:27:32
749967,2012.PRES.SANTORUM,Rick Santorum to be elected President in 2012,1,0.3,Sep/26/2011 03:27:32
749967,2012.PRES.SANTORUM,Rick Santorum to be elected President in 2012,30,0.3,Sep/26/2011 03:27:32
749967,2012.PRES.SANTORUM,Rick Santorum to be elected President in 2012,10,0.3,Sep/26/2011 03:27:32
749967,2012.PRES.SANTORUM,Rick Santorum to be elected President in 2012,10,0.2,Sep/26/2011 03:37:31
749967,2012.PRES.SANTORUM,Rick Santorum to be elected President in 2012,5,0.2,Sep/26/2011 03:37:31
749967,2012.PRES.SANTORUM,Rick Santorum to be elected President in 2012,30,0.2,Sep/26/2011 03:37:31
749967,2012.PRES.SANTORUM,Rick Santorum to be elected President in 2012,200,0.2,Sep/26/2011 03:37:31
749967,2012.PRES.SANTORUM,Rick Santorum to be elected President in 2012,300,0.2,Sep/26/2011 18:54:57
749967,2012.PRES.SANTORUM,Rick Santorum to be elected President in 2012,5,0.2,Sep/26/2011 21:08:27
749967,2012.PRES.SANTORUM,Rick Santorum to be elected President in 2012,8,0.2,Sep/28/2011 02:10:09
749967,2012.PRES.SANTORUM,Rick Santorum to be elected President in 2012,2,0.2,Sep/28/2011 02:10:45
749967,2012.PRES.SANTORUM,Rick Santorum to be elected President in 2012,3,0.2,Sep/28/2011 02:11:23
749967,2012.PRES.SANTORUM,Rick Santorum to be elected President in 2012,1,0.2,Sep/28/2011 02:13:12
749967,2012.PRES.SANTORUM,Rick Santorum to be elected President in 2012,5,0.2,Sep/29/2011 16:45:36
749967,2012.PRES.SANTORUM,Rick Santorum to be elected President in 2012,5,0.2,Sep/29/2011 16:46:13
749967,2012.PRES.SANTORUM,Rick Santorum to be elected President in 2012,5,0.2,Sep/29/2011 17:27:35
749967,2012.PRES.SANTORUM,Rick Santorum to be elected President in 2012,1,0.2,Sep/29/2011 17:58:42
749967,2012.PRES.SANTORUM,Rick Santorum to be elected President in 2012,1,0.2,Sep/29/2011 18:59:36
749967,2012.PRES.SANTORUM,Rick Santorum to be elected President in 2012,3,0.2,Sep/29/2011 18:59:36
749967,2012.PRES.SANTORUM,Rick Santorum to be elected President in 2012,2,0.2,Sep/30/2011 02:29:26
749967,2012.PRES.SANTORUM,Rick Santorum to be elected President in 2012,3,0.2,Sep/30/2011 04:19:03
749967,2012.PRES.SANTORUM,Rick Santorum to be elected President in 2012,4,0.2,Sep/30/2011 14:57:52
749967,2012.PRES.SANTORUM,Rick Santorum to be elected President in 2012,12,0.2,Sep/30/2011 15:19:24
749967,2012.PRES.SANTORUM,Rick Santorum to be elected President in 2012,4,0.2,Sep/30/2011 15:19:37
749967,2012.PRES.SANTORUM,Rick Santorum to be elected President in 2012,7,0.2,Sep/30/2011 15:26:33
749967,2012.PRES.SANTORUM,Rick Santorum to be elected President in 2012,3,0.2,Sep/30/2011 15:26:59
749967,2012.PRES.SANTORUM,Rick Santorum to be elected President in 2012,7,0.2,Sep/30/2011 15:27:19
749967,2012.PRES.SANTORUM,Rick Santorum to be elected President in 2012,5,0.2,Sep/30/2011 15:27:59
749967,2012.PRES.SANTORUM,Rick Santorum to be elected President in 2012,5,0.2,Sep/30/2011 15:28:54
749967,2012.PRES.SANTORUM,Rick Santorum to be elected President in 2012,2,0.2,Sep/30/2011 15:29:29
749967,2012.PRES.SANTORUM,Rick Santorum to be elected President in 2012,10,0.2,Sep/30/2011 15:36:25
749967,2012.PRES.SANTORUM,Rick Santorum to be elected President in 2012,10,0.2,Sep/30/2011 15:36:50
749967,2012.PRES.SANTORUM,Rick Santorum to be elected President in 2012,5,0.2,Sep/30/2011 15:37:10
749967,2012.PRES.SANTORUM,Rick Santorum to be elected President in 2012,5,0.2,Sep/30/2011 15:37:55
749967,2012.PRES.SANTORUM,Rick Santorum to be elected President in 2012,1,0.2,Sep/30/2011 15:38:35
749967,2012.PRES.SANTORUM,Rick Santorum to be elected President in 2012,4,0.2,Sep/30/2011 15:38:55
749967,2012.PRES.SANTORUM,Rick Santorum to be elected President in 2012,6,0.2,Sep/30/2011 15:39:35
749967,2012.PRES.SANTORUM,Rick Santorum to be elected President in 2012,7,0.2,Sep/30/2011 15:40:30
749967,2012.PRES.SANTORUM,Rick Santorum to be elected President in 2012,300,0.3,Sep/30/2011 16:11:43
749967,2012.PRES.SANTORUM,Rick Santorum to be elected President in 2012,10,0.3,Sep/30/2011 16:11:43
749967,2012.PRES.SANTORUM,Rick Santorum to be elected President in 2012,1,0.3,Sep/30/2011 16:11:43
749967,2012.PRES.SANTORUM,Rick Santorum to be elected President in 2012,100,0.3,Sep/30/2011 16:11:43
749967,2012.PRES.SANTORUM,Rick Santorum to be elected President in 2012,50,0.3,Sep/30/2011 16:11:43
749967,2012.PRES.SANTORUM,Rick Santorum to be elected President in 2012,539,0.3,Sep/30/2011 16:12:34
749967,2012.PRES.SANTORUM,Rick Santorum to be elected President in 2012,500,0.3,Sep/30/2011 16:23:12
749967,2012.PRES.SANTORUM,Rick Santorum to be elected President in 2012,90,0.4,Sep/30/2011 18:10:16
749967,2012.PRES.SANTORUM,Rick Santorum to be elected President in 2012,10,0.3,Sep/30/2011 18:44:01
749967,2012.PRES.SANTORUM,Rick Santorum to be elected President in 2012,10,0.4,Oct/01/2011 00:46:39
749967,2012.PRES.SANTORUM,Rick Santorum to be elected President in 2012,100,0.5,Oct/01/2011 00:46:39
749967,2012.PRES.SANTORUM,Rick Santorum to be elected President in 2012,100,0.6,Oct/01/2011 00:46:39
749967,2012.PRES.SANTORUM,Rick Santorum to be elected President in 2012,10,0.4,Oct/01/2011 00:46:39
749967,2012.PRES.SANTORUM,Rick Santorum to be elected President in 2012,10,0.5,Oct/01/2011 00:46:39
749967,2012.PRES.SANTORUM,Rick Santorum to be elected President in 2012,10,0.6,Oct/01/2011 00:46:39
749967,2012.PRES.SANTORUM,Rick Santorum to be elected President in 2012,1,0.4,Oct/01/2011 00:46:39
749967,2012.PRES.SANTORUM,Rick Santorum to be elected President in 2012,50,0.5,Oct/01/2011 00:46:39
749967,2012.PRES.SANTORUM,Rick Santorum to be elected President in 2012,50,0.5,Oct/01/2011 00:46:39
749967,2012.PRES.SANTORUM,Rick Santorum to be elected President in 2012,90,0.4,Oct/01/2011 00:46:39
749967,2012.PRES.SANTORUM,Rick Santorum to be elected President in 2012,5,0.2,Oct/01/2011 09:46:18
749967,2012.PRES.SANTORUM,Rick Santorum to be elected President in 2012,50,0.3,Oct/04/2011 14:26:28
749967,2012.PRES.SANTORUM,Rick Santorum to be elected President in 2012,50,0.3,Oct/04/2011 17:21:30
749967,2012.PRES.SANTORUM,Rick Santorum to be elected President in 2012,50,0.3,Oct/04/2011 21:00:16
749967,2012.PRES.SANTORUM,Rick Santorum to be elected President in 2012,50,0.3,Oct/04/2011 21:30:55
749967,2012.PRES.SANTORUM,Rick Santorum to be elected President in 2012,1,0.2,Oct/04/2011 23:22:05
749967,2012.PRES.SANTORUM,Rick Santorum to be elected President in 2012,9,0.2,Oct/05/2011 00:21:36
749967,2012.PRES.SANTORUM,Rick Santorum to be elected President in 2012,35,0.2,Oct/05/2011 00:30:58
749967,2012.PRES.SANTORUM,Rick Santorum to be elected President in 2012,10,0.2,Oct/05/2011 18:04:03
749967,2012.PRES.SANTORUM,Rick Santorum to be elected President in 2012,5,0.2,Oct/05/2011 18:04:39
749967,2012.PRES.SANTORUM,Rick Santorum to be elected President in 2012,9,0.2,Oct/05/2011 18:11:45
749967,2012.PRES.SANTORUM,Rick Santorum to be elected President in 2012,1,0.2,Oct/05/2011 18:12:40
749967,2012.PRES.SANTORUM,Rick Santorum to be elected President in 2012,531,0.3,Oct/05/2011 23:14:09
749967,2012.PRES.SANTORUM,Rick Santorum to be elected President in 2012,50,0.3,Oct/05/2011 23:14:09
749967,2012.PRES.SANTORUM,Rick Santorum to be elected President in 2012,1,0.3,Oct/05/2011 23:14:09
749967,2012.PRES.SANTORUM,Rick Santorum to be elected President in 2012,50,0.3,Oct/05/2011 23:14:09
749967,2012.PRES.SANTORUM,Rick Santorum to be elected President in 2012,50,0.3,Oct/05/2011 23:14:09
749967,2012.PRES.SANTORUM,Rick Santorum to be elected President in 2012,50,0.3,Oct/06/2011 04:54:52
749967,2012.PRES.SANTORUM,Rick Santorum to be elected President in 2012,20,0.2,Oct/07/2011 02:47:12
749967,2012.PRES.SANTORUM,Rick Santorum to be elected President in 2012,80,0.2,Oct/07/2011 02:47:12
749967,2012.PRES.SANTORUM,Rick Santorum to be elected President in 2012,5,0.2,Oct/08/2011 01:53:18
749967,2012.PRES.SANTORUM,Rick Santorum to be elected President in 2012,50,0.3,Oct/08/2011 10:11:51
749967,2012.PRES.SANTORUM,Rick Santorum to be elected President in 2012,1,0.3,Oct/08/2011 10:11:51
749967,2012.PRES.SANTORUM,Rick Santorum to be elected President in 2012,80,0.3,Oct/08/2011 10:11:51
749967,2012.PRES.SANTORUM,Rick Santorum to be elected President in 2012,50,0.3,Oct/08/2011 10:11:51
749967,2012.PRES.SANTORUM,Rick Santorum to be elected President in 2012,50,0.2,Oct/09/2011 00:24:16
749967,2012.PRES.SANTORUM,Rick Santorum to be elected President in 2012,25,0.2,Oct/09/2011 00:24:16
749967,2012.PRES.SANTORUM,Rick Santorum to be elected President in 2012,100,0.2,Oct/09/2011 00:24:16
749967,2012.PRES.SANTORUM,Rick Santorum to be elected President in 2012,1,0.2,Oct/09/2011 00:24:16
749967,2012.PRES.SANTORUM,Rick Santorum to be elected President in 2012,5,0.2,Oct/10/2011 20:45:05
749967,2012.PRES.SANTORUM,Rick Santorum to be elected President in 2012,16,0.2,Oct/10/2011 20:50:17
749967,2012.PRES.SANTORUM,Rick Santorum to be elected President in 2012,31,0.2,Oct/10/2011 20:54:05
749967,2012.PRES.SANTORUM,Rick Santorum to be elected President in 2012,1,0.2,Oct/10/2011 20:59:41
749967,2012.PRES.SANTORUM,Rick Santorum to be elected President in 2012,25,0.2,Oct/11/2011 04:25:56
749967,2012.PRES.SANTORUM,Rick Santorum to be elected President in 2012,6,0.2,Oct/11/2011 21:19:32
749967,2012.PRES.SANTORUM,Rick Santorum to be elected President in 2012,10,0.2,Oct/11/2011 21:23:22
749967,2012.PRES.SANTORUM,Rick Santorum to be elected President in 2012,10,0.2,Oct/11/2011 21:26:39
749967,2012.PRES.SANTORUM,Rick Santorum to be elected President in 2012,13,0.2,Oct/11/2011 23:33:13
749967,2012.PRES.SANTORUM,Rick Santorum to be elected President in 2012,66,0.2,Oct/11/2011 23:36:53
749967,2012.PRES.SANTORUM,Rick Santorum to be elected President in 2012,7,0.2,Oct/12/2011 18:25:41
749967,2012.PRES.SANTORUM,Rick Santorum to be elected President in 2012,5,0.2,Oct/12/2011 20:53:37
749967,2012.PRES.SANTORUM,Rick Santorum to be elected President in 2012,10,0.2,Oct/12/2011 21:03:06
749967,2012.PRES.SANTORUM,Rick Santorum to be elected President in 2012,5,0.2,Oct/12/2011 22:05:19
749967,2012.PRES.SANTORUM,Rick Santorum to be elected President in 2012,10,0.2,Oct/12/2011 22:16:47
749967,2012.PRES.SANTORUM,Rick Santorum to be elected President in 2012,10,0.2,Oct/13/2011 00:30:42
749967,2012.PRES.SANTORUM,Rick Santorum to be elected President in 2012,100,0.3,Oct/13/2011 23:43:18
749967,2012.PRES.SANTORUM,Rick Santorum to be elected President in 2012,100,0.3,Oct/13/2011 23:43:18
749967,2012.PRES.SANTORUM,Rick Santorum to be elected President in 2012,25,0.3,Oct/13/2011 23:43:18
749967,2012.PRES.SANTORUM,Rick Santorum to be elected President in 2012,1,0.3,Oct/13/2011 23:43:18
749967,2012.PRES.SANTORUM,Rick Santorum to be elected President in 2012,50,0.3,Oct/13/2011 23:43:18
749967,2012.PRES.SANTORUM,Rick Santorum to be elected President in 2012,50,0.3,Oct/13/2011 23:43:18
749967,2012.PRES.SANTORUM,Rick Santorum to be elected President in 2012,50,0.3,Oct/13/2011 23:43:18
749967,2012.PRES.SANTORUM,Rick Santorum to be elected President in 2012,50,0.3,Oct/13/2011 23:43:18
749967,2012.PRES.SANTORUM,Rick Santorum to be elected President in 2012,50,0.3,Oct/13/2011 23:43:18
749967,2012.PRES.SANTORUM,Rick Santorum to be elected President in 2012,50,0.3,Oct/13/2011 23:43:18
749967,2012.PRES.SANTORUM,Rick Santorum to be elected President in 2012,50,0.3,Oct/13/2011 23:43:18
749967,2012.PRES.SANTORUM,Rick Santorum to be elected President in 2012,11,0.2,Oct/14/2011 18:54:05
749967,2012.PRES.SANTORUM,Rick Santorum to be elected President in 2012,50,0.3,Oct/17/2011 04:03:56
749967,2012.PRES.SANTORUM,Rick Santorum to be elected President in 2012,100,0.3,Oct/17/2011 04:03:56
749967,2012.PRES.SANTORUM,Rick Santorum to be elected President in 2012,1,0.3,Oct/17/2011 04:03:56
749967,2012.PRES.SANTORUM,Rick Santorum to be elected President in 2012,50,0.3,Oct/17/2011 04:03:56
749967,2012.PRES.SANTORUM,Rick Santorum to be elected President in 2012,50,0.3,Oct/17/2011 04:03:56
749967,2012.PRES.SANTORUM,Rick Santorum to be elected President in 2012,1,0.2,Oct/18/2011 14:21:40
749967,2012.PRES.SANTORUM,Rick Santorum to be elected President in 2012,1,0.2,Oct/18/2011 14:27:39
749967,2012.PRES.SANTORUM,Rick Santorum to be elected President in 2012,1,0.2,Oct/18/2011 21:53:52
749967,2012.PRES.SANTORUM,Rick Santorum to be elected President in 2012,20,0.3,Oct/20/2011 00:11:48
749967,2012.PRES.SANTORUM,Rick Santorum to be elected President in 2012,30,0.3,Oct/20/2011 10:15:25
749967,2012.PRES.SANTORUM,Rick Santorum to be elected President in 2012,55,0.3,Oct/20/2011 10:15:25
749967,2012.PRES.SANTORUM,Rick Santorum to be elected President in 2012,50,0.3,Oct/20/2011 10:15:25
749967,2012.PRES.SANTORUM,Rick Santorum to be elected President in 2012,135,0.3,Oct/20/2011 10:15:25
749967,2012.PRES.SANTORUM,Rick Santorum to be elected President in 2012,70,0.4,Oct/21/2011 21:44:52
749967,2012.PRES.SANTORUM,Rick Santorum to be elected President in 2012,30,0.4,Oct/21/2011 21:44:52
749967,2012.PRES.SANTORUM,Rick Santorum to be elected President in 2012,25,0.3,Oct/23/2011 07:49:59
749967,2012.PRES.SANTORUM,Rick Santorum to be elected President in 2012,75,0.3,Oct/25/2011 02:17:03
749967,2012.PRES.SANTORUM,Rick Santorum to be elected President in 2012,425,0.3,Oct/27/2011 12:33:47
749967,2012.PRES.SANTORUM,Rick Santorum to be elected President in 2012,1,0.3,Oct/27/2011 12:33:47
749967,2012.PRES.SANTORUM,Rick Santorum to be elected President in 2012,100,0.3,Oct/27/2011 12:33:47
749967,2012.PRES.SANTORUM,Rick Santorum to be elected President in 2012,50,0.3,Oct/27/2011 12:33:47
749967,2012.PRES.SANTORUM,Rick Santorum to be elected President in 2012,1,0.2,Nov/04/2011 18:28:19
749967,2012.PRES.SANTORUM,Rick Santorum to be elected President in 2012,3,0.2,Nov/05/2011 15:30:31
749967,2012.PRES.SANTORUM,Rick Santorum to be elected President in 2012,1,0.2,Nov/05/2011 16:44:19
749967,2012.PRES.SANTORUM,Rick Santorum to be elected President in 2012,1,0.2,Nov/05/2011 20:28:51
749967,2012.PRES.SANTORUM,Rick Santorum to be elected President in 2012,3,0.2,Nov/06/2011 16:21:39
749967,2012.PRES.SANTORUM,Rick Santorum to be elected President in 2012,177,0.2,Nov/08/2011 02:19:10
749967,2012.PRES.SANTORUM,Rick Santorum to be elected President in 2012,254,0.2,Nov/08/2011 02:19:10
749967,2012.PRES.SANTORUM,Rick Santorum to be elected President in 2012,46,0.2,Nov/08/2011 10:35:24
749967,2012.PRES.SANTORUM,Rick Santorum to be elected President in 2012,1,0.1,Nov/09/2011 17:58:07
749967,2012.PRES.SANTORUM,Rick Santorum to be elected President in 2012,50,0.2,Nov/11/2011 05:58:06
749967,2012.PRES.SANTORUM,Rick Santorum to be elected President in 2012,2,0.2,Nov/11/2011 17:52:18
749967,2012.PRES.SANTORUM,Rick Santorum to be elected President in 2012,148,0.2,Nov/16/2011 04:37:31
749967,2012.PRES.SANTORUM,Rick Santorum to be elected President in 2012,1,0.2,Nov/16/2011 04:37:31
749967,2012.PRES.SANTORUM,Rick Santorum to be elected President in 2012,50,0.2,Nov/16/2011 04:37:31
749967,2012.PRES.SANTORUM,Rick Santorum to be elected President in 2012,50,0.2,Nov/16/2011 04:37:31
749967,2012.PRES.SANTORUM,Rick Santorum to be elected President in 2012,76,0.2,Nov/16/2011 04:37:31
749967,2012.PRES.SANTORUM,Rick Santorum to be elected President in 2012,50,0.2,Nov/16/2011 04:37:31
749967,2012.PRES.SANTORUM,Rick Santorum to be elected President in 2012,50,0.2,Nov/16/2011 04:37:31
749967,2012.PRES.SANTORUM,Rick Santorum to be elected President in 2012,50,0.2,Nov/16/2011 04:37:31
749967,2012.PRES.SANTORUM,Rick Santorum to be elected President in 2012,50,0.2,Nov/16/2011 04:37:31
749967,2012.PRES.SANTORUM,Rick Santorum to be elected President in 2012,50,0.2,Nov/16/2011 04:37:31
749967,2012.PRES.SANTORUM,Rick Santorum to be elected President in 2012,50,0.2,Nov/16/2011 04:37:31
749967,2012.PRES.SANTORUM,Rick Santorum to be elected President in 2012,50,0.2,Nov/16/2011 04:37:31
749967,2012.PRES.SANTORUM,Rick Santorum to be elected President in 2012,50,0.2,Nov/16/2011 04:37:31
749967,2012.PRES.SANTORUM,Rick Santorum to be elected President in 2012,221,0.2,Nov/16/2011 04:37:31
749967,2012.PRES.SANTORUM,Rick Santorum to be elected President in 2012,50,0.2,Nov/16/2011 04:37:31
749967,2012.PRES.SANTORUM,Rick Santorum to be elected President in 2012,50,0.2,Nov/16/2011 04:37:31
749967,2012.PRES.SANTORUM,Rick Santorum to be elected President in 2012,50,0.2,Nov/16/2011 04:37:31
749967,2012.PRES.SANTORUM,Rick Santorum to be elected President in 2012,126,0.2,Nov/16/2011 04:37:31
749967,2012.PRES.SANTORUM,Rick Santorum to be elected President in 2012,48,0.2,Nov/16/2011 04:37:31
749967,2012.PRES.SANTORUM,Rick Santorum to be elected President in 2012,50,0.2,Nov/16/2011 04:37:31
749967,2012.PRES.SANTORUM,Rick Santorum to be elected President in 2012,100,0.2,Nov/16/2011 04:37:31
749967,2012.PRES.SANTORUM,Rick Santorum to be elected President in 2012,50,0.2,Nov/16/2011 04:37:31
749967,2012.PRES.SANTORUM,Rick Santorum to be elected President in 2012,450,0.2,Nov/17/2011 09:52:42
749967,2012.PRES.SANTORUM,Rick Santorum to be elected President in 2012,1,0.2,Nov/17/2011 09:52:42
749967,2012.PRES.SANTORUM,Rick Santorum to be elected President in 2012,50,0.2,Nov/17/2011 09:52:42
749967,2012.PRES.SANTORUM,Rick Santorum to be elected President in 2012,86,0.3,Nov/17/2011 19:52:04
749967,2012.PRES.SANTORUM,Rick Santorum to be elected President in 2012,114,0.3,Nov/17/2011 20:06:19
749967,2012.PRES.SANTORUM,Rick Santorum to be elected President in 2012,76,0.3,Nov/17/2011 20:06:19
749967,2012.PRES.SANTORUM,Rick Santorum to be elected President in 2012,3,0.2,Nov/18/2011 13:38:17
749967,2012.PRES.SANTORUM,Rick Santorum to be elected President in 2012,24,0.3,Nov/18/2011 13:44:47
749967,2012.PRES.SANTORUM,Rick Santorum to be elected President in 2012,200,0.3,Nov/18/2011 13:44:47
749967,2012.PRES.SANTORUM,Rick Santorum to be elected President in 2012,1,0.3,Nov/18/2011 13:44:47
749967,2012.PRES.SANTORUM,Rick Santorum to be elected President in 2012,50,0.3,Nov/18/2011 13:44:47
749967,2012.PRES.SANTORUM,Rick Santorum to be elected President in 2012,100,0.3,Nov/18/2011 13:44:47
749967,2012.PRES.SANTORUM,Rick Santorum to be elected President in 2012,100,0.3,Nov/18/2011 13:44:47
749967,2012.PRES.SANTORUM,Rick Santorum to be elected President in 2012,25,0.3,Nov/18/2011 13:44:47
749967,2012.PRES.SANTORUM,Rick Santorum to be elected President in 2012,75,0.3,Nov/18/2011 18:19:44
749967,2012.PRES.SANTORUM,Rick Santorum to be elected President in 2012,50,0.3,Nov/18/2011 18:19:44
749967,2012.PRES.SANTORUM,Rick Santorum to be elected President in 2012,50,0.3,Nov/18/2011 18:19:44
749967,2012.PRES.SANTORUM,Rick Santorum to be elected President in 2012,1,0.3,Nov/18/2011 18:19:44
749967,2012.PRES.SANTORUM,Rick Santorum to be elected President in 2012,11,0.2,Nov/18/2011 19:37:35
749967,2012.PRES.SANTORUM,Rick Santorum to be elected President in 2012,50,0.3,Nov/18/2011 21:48:44
749967,2012.PRES.SANTORUM,Rick Santorum to be elected President in 2012,100,0.3,Nov/19/2011 00:22:26
749967,2012.PRES.SANTORUM,Rick Santorum to be elected President in 2012,50,0.3,Nov/20/2011 03:01:59
749967,2012.PRES.SANTORUM,Rick Santorum to be elected President in 2012,1,0.3,Nov/20/2011 03:01:59
749967,2012.PRES.SANTORUM,Rick Santorum to be elected President in 2012,50,0.3,Nov/20/2011 03:01:59
749967,2012.PRES.SANTORUM,Rick Santorum to be elected President in 2012,50,0.3,Nov/20/2011 03:01:59
749967,2012.PRES.SANTORUM,Rick Santorum to be elected President in 2012,100,0.3,Nov/20/2011 03:01:59
749967,2012.PRES.SANTORUM,Rick Santorum to be elected President in 2012,590,0.3,Nov/22/2011 16:11:28
749967,2012.PRES.SANTORUM,Rick Santorum to be elected President in 2012,1,0.3,Nov/22/2011 16:11:28
749967,2012.PRES.SANTORUM,Rick Santorum to be elected President in 2012,100,0.3,Nov/22/2011 16:11:28
749967,2012.PRES.SANTORUM,Rick Santorum to be elected President in 2012,50,0.3,Nov/22/2011 16:11:28
749967,2012.PRES.SANTORUM,Rick Santorum to be elected President in 2012,50,0.3,Nov/22/2011 16:11:28
749967,2012.PRES.SANTORUM,Rick Santorum to be elected President in 2012,50,0.3,Nov/22/2011 16:11:28
749967,2012.PRES.SANTORUM,Rick Santorum to be elected President in 2012,3,0.3,Nov/22/2011 19:06:30
749967,2012.PRES.SANTORUM,Rick Santorum to be elected President in 2012,2,0.3,Nov/22/2011 20:11:59
749967,2012.PRES.SANTORUM,Rick Santorum to be elected President in 2012,5,0.2,Nov/22/2011 23:18:44
749967,2012.PRES.SANTORUM,Rick Santorum to be elected President in 2012,224,0.3,Nov/23/2011 02:49:23
749967,2012.PRES.SANTORUM,Rick Santorum to be elected President in 2012,1,0.3,Nov/23/2011 02:49:23
749967,2012.PRES.SANTORUM,Rick Santorum to be elected President in 2012,100,0.3,Nov/23/2011 02:49:23
749967,2012.PRES.SANTORUM,Rick Santorum to be elected President in 2012,1,0.3,Nov/23/2011 16:13:15
749967,2012.PRES.SANTORUM,Rick Santorum to be elected President in 2012,2,0.2,Nov/25/2011 14:52:27
749967,2012.PRES.SANTORUM,Rick Santorum to be elected President in 2012,6,0.2,Nov/25/2011 14:57:57
749967,2012.PRES.SANTORUM,Rick Santorum to be elected President in 2012,3,0.2,Nov/25/2011 19:31:45
749967,2012.PRES.SANTORUM,Rick Santorum to be elected President in 2012,5,0.2,Nov/27/2011 13:33:09
749967,2012.PRES.SANTORUM,Rick Santorum to be elected President in 2012,7,0.2,Nov/27/2011 13:45:43
749967,2012.PRES.SANTORUM,Rick Santorum to be elected President in 2012,50,0.3,Nov/29/2011 00:40:33
749967,2012.PRES.SANTORUM,Rick Santorum to be elected President in 2012,1,0.3,Nov/29/2011 00:40:33
749967,2012.PRES.SANTORUM,Rick Santorum to be elected President in 2012,100,0.3,Nov/29/2011 00:40:33
749967,2012.PRES.SANTORUM,Rick Santorum to be elected President in 2012,50,0.3,Nov/29/2011 00:40:33
749967,2012.PRES.SANTORUM,Rick Santorum to be elected President in 2012,50,0.3,Nov/29/2011 00:40:33
749967,2012.PRES.SANTORUM,Rick Santorum to be elected President in 2012,16,0.3,Nov/29/2011 00:40:33
749967,2012.PRES.SANTORUM,Rick Santorum to be elected President in 2012,200,0.3,Nov/29/2011 17:18:05
749967,2012.PRES.SANTORUM,Rick Santorum to be elected President in 2012,1,0.3,Nov/29/2011 17:18:05
749967,2012.PRES.SANTORUM,Rick Santorum to be elected President in 2012,8,0.3,Nov/29/2011 17:18:05
749967,2012.PRES.SANTORUM,Rick Santorum to be elected President in 2012,50,0.3,Nov/29/2011 17:18:05
749967,2012.PRES.SANTORUM,Rick Santorum to be elected President in 2012,1,0.3,Nov/30/2011 13:20:22
749967,2012.PRES.SANTORUM,Rick Santorum to be elected President in 2012,7,0.3,Nov/30/2011 13:20:37
749967,2012.PRES.SANTORUM,Rick Santorum to be elected President in 2012,13,0.2,Nov/30/2011 23:46:44
749967,2012.PRES.SANTORUM,Rick Santorum to be elected President in 2012,50,0.3,Dec/02/2011 03:06:04
749967,2012.PRES.SANTORUM,Rick Santorum to be elected President in 2012,1000,0.3,Dec/02/2011 03:06:04
749967,2012.PRES.SANTORUM,Rick Santorum to be elected President in 2012,1,0.3,Dec/02/2011 03:06:04
749967,2012.PRES.SANTORUM,Rick Santorum to be elected President in 2012,100,0.3,Dec/02/2011 19:36:07
749967,2012.PRES.SANTORUM,Rick Santorum to be elected President in 2012,10,0.3,Dec/02/2011 19:36:07
749967,2012.PRES.SANTORUM,Rick Santorum to be elected President in 2012,1,0.3,Dec/02/2011 19:36:07
749967,2012.PRES.SANTORUM,Rick Santorum to be elected President in 2012,10,0.4,Dec/02/2011 19:57:33
749967,2012.PRES.SANTORUM,Rick Santorum to be elected President in 2012,140,0.3,Dec/03/2011 03:18:41
749967,2012.PRES.SANTORUM,Rick Santorum to be elected President in 2012,1,0.3,Dec/03/2011 03:18:41
749967,2012.PRES.SANTORUM,Rick Santorum to be elected President in 2012,190,0.4,Dec/03/2011 04:18:44
749967,2012.PRES.SANTORUM,Rick Santorum to be elected President in 2012,50,0.4,Dec/03/2011 04:18:44
749967,2012.PRES.SANTORUM,Rick Santorum to be elected President in 2012,50,0.4,Dec/03/2011 04:18:44
749967,2012.PRES.SANTORUM,Rick Santorum to be elected President in 2012,1,0.4,Dec/03/2011 04:18:44
749967,2012.PRES.SANTORUM,Rick Santorum to be elected President in 2012,2,0.3,Dec/03/2011 15:20:15
749967,2012.PRES.SANTORUM,Rick Santorum to be elected President in 2012,10,0.3,Dec/03/2011 15:28:41
749967,2012.PRES.SANTORUM,Rick Santorum to be elected President in 2012,10,0.3,Dec/03/2011 16:02:12
749967,2012.PRES.SANTORUM,Rick Santorum to be elected President in 2012,14,0.3,Dec/03/2011 16:05:27
749967,2012.PRES.SANTORUM,Rick Santorum to be elected President in 2012,6,0.3,Dec/03/2011 16:32:28
749967,2012.PRES.SANTORUM,Rick Santorum to be elected President in 2012,1,0.3,Dec/03/2011 17:45:33
749967,2012.PRES.SANTORUM,Rick Santorum to be elected President in 2012,1,0.5,Dec/03/2011 18:29:11
749967,2012.PRES.SANTORUM,Rick Santorum to be elected President in 2012,1,0.4,Dec/03/2011 22:39:01
749967,2012.PRES.SANTORUM,Rick Santorum to be elected President in 2012,9,0.4,Dec/04/2011 02:50:20
749967,2012.PRES.SANTORUM,Rick Santorum to be elected President in 2012,65,0.4,Dec/04/2011 03:57:24
749967,2012.PRES.SANTORUM,Rick Santorum to be elected President in 2012,1,0.5,Dec/04/2011 11:16:13
749967,2012.PRES.SANTORUM,Rick Santorum to be elected President in 2012,20,0.3,Dec/06/2011 14:37:48
749967,2012.PRES.SANTORUM,Rick Santorum to be elected President in 2012,200,0.3,Dec/06/2011 14:37:48
749967,2012.PRES.SANTORUM,Rick Santorum to be elected President in 2012,250,0.3,Dec/06/2011 14:37:48
749967,2012.PRES.SANTORUM,Rick Santorum to be elected President in 2012,1,0.4,Dec/06/2011 23:16:26
749967,2012.PRES.SANTORUM,Rick Santorum to be elected President in 2012,4,0.2,Dec/08/2011 01:29:28
749967,2012.PRES.SANTORUM,Rick Santorum to be elected President in 2012,1,0.3,Dec/08/2011 10:09:23
749967,2012.PRES.SANTORUM,Rick Santorum to be elected President in 2012,49,0.3,Dec/08/2011 21:49:17
749967,2012.PRES.SANTORUM,Rick Santorum to be elected President in 2012,1,0.3,Dec/08/2011 21:49:17
749967,2012.PRES.SANTORUM,Rick Santorum to be elected President in 2012,51,0.3,Dec/08/2011 21:49:17
749967,2012.PRES.SANTORUM,Rick Santorum to be elected President in 2012,8,0.3,Dec/08/2011 21:49:17
749967,2012.PRES.SANTORUM,Rick Santorum to be elected President in 2012,1,0.4,Dec/08/2011 22:24:09
749967,2012.PRES.SANTORUM,Rick Santorum to be elected President in 2012,50,0.3,Dec/09/2011 02:02:46
749967,2012.PRES.SANTORUM,Rick Santorum to be elected President in 2012,1,0.3,Dec/09/2011 02:02:46
749967,2012.PRES.SANTORUM,Rick Santorum to be elected President in 2012,1,0.3,Dec/09/2011 13:58:46
749967,2012.PRES.SANTORUM,Rick Santorum to be elected President in 2012,1,0.3,Dec/09/2011 13:58:46
749967,2012.PRES.SANTORUM,Rick Santorum to be elected President in 2012,68,0.3,Dec/09/2011 13:58:46
749967,2012.PRES.SANTORUM,Rick Santorum to be elected President in 2012,32,0.3,Dec/09/2011 14:01:01
749967,2012.PRES.SANTORUM,Rick Santorum to be elected President in 2012,5,0.3,Dec/09/2011 14:01:01
749967,2012.PRES.SANTORUM,Rick Santorum to be elected President in 2012,3,0.3,Dec/09/2011 21:19:21
749967,2012.PRES.SANTORUM,Rick Santorum to be elected President in 2012,3,0.3,Dec/09/2011 21:19:21
749967,2012.PRES.SANTORUM,Rick Santorum to be elected President in 2012,17,0.3,Dec/10/2011 02:51:39
749967,2012.PRES.SANTORUM,Rick Santorum to be elected President in 2012,10,0.3,Dec/10/2011 02:51:39
749967,2012.PRES.SANTORUM,Rick Santorum to be elected President in 2012,1,0.4,Dec/10/2011 10:52:54
749967,2012.PRES.SANTORUM,Rick Santorum to be elected President in 2012,47,0.4,Dec/11/2011 02:27:26
749967,2012.PRES.SANTORUM,Rick Santorum to be elected President in 2012,1,0.4,Dec/11/2011 02:27:26
749967,2012.PRES.SANTORUM,Rick Santorum to be elected President in 2012,50,0.4,Dec/11/2011 02:27:26
749967,2012.PRES.SANTORUM,Rick Santorum to be elected President in 2012,2,0.4,Dec/11/2011 03:36:07
749967,2012.PRES.SANTORUM,Rick Santorum to be elected President in 2012,20,0.3,Dec/12/2011 23:09:05
749967,2012.PRES.SANTORUM,Rick Santorum to be elected President in 2012,80,0.3,Dec/13/2011 01:58:40
749967,2012.PRES.SANTORUM,Rick Santorum to be elected President in 2012,100,0.3,Dec/13/2011 01:58:40
749967,2012.PRES.SANTORUM,Rick Santorum to be elected President in 2012,50,0.3,Dec/13/2011 01:58:40
749967,2012.PRES.SANTORUM,Rick Santorum to be elected President in 2012,1,0.3,Dec/13/2011 01:58:40
749967,2012.PRES.SANTORUM,Rick Santorum to be elected President in 2012,50,0.3,Dec/13/2011 19:29:47
749967,2012.PRES.SANTORUM,Rick Santorum to be elected President in 2012,50,0.3,Dec/13/2011 19:29:47
749967,2012.PRES.SANTORUM,Rick Santorum to be elected President in 2012,1,0.3,Dec/13/2011 19:29:47
749967,2012.PRES.SANTORUM,Rick Santorum to be elected President in 2012,50,0.3,Dec/14/2011 02:35:53
749967,2012.PRES.SANTORUM,Rick Santorum to be elected President in 2012,1,0.3,Dec/14/2011 02:35:53
749967,2012.PRES.SANTORUM,Rick Santorum to be elected President in 2012,100,0.3,Dec/14/2011 15:43:54
749967,2012.PRES.SANTORUM,Rick Santorum to be elected President in 2012,1,0.4,Dec/14/2011 19:00:31
749967,2012.PRES.SANTORUM,Rick Santorum to be elected President in 2012,3,0.3,Dec/16/2011 00:22:19
749967,2012.PRES.SANTORUM,Rick Santorum to be elected President in 2012,50,0.3,Dec/16/2011 02:00:02
749967,2012.PRES.SANTORUM,Rick Santorum to be elected President in 2012,1,0.3,Dec/16/2011 02:00:02
749967,2012.PRES.SANTORUM,Rick Santorum to be elected President in 2012,7,0.4,Dec/16/2011 02:00:37
749967,2012.PRES.SANTORUM,Rick Santorum to be elected President in 2012,93,0.4,Dec/16/2011 02:00:37
749967,2012.PRES.SANTORUM,Rick Santorum to be elected President in 2012,85,0.3,Dec/16/2011 06:58:05
749967,2012.PRES.SANTORUM,Rick Santorum to be elected President in 2012,1,0.4,Dec/16/2011 18:01:57
749967,2012.PRES.SANTORUM,Rick Santorum to be elected President in 2012,50,0.3,Dec/16/2011 18:55:17
749967,2012.PRES.SANTORUM,Rick Santorum to be elected President in 2012,50,0.3,Dec/16/2011 18:55:17
749967,2012.PRES.SANTORUM,Rick Santorum to be elected President in 2012,6,0.4,Dec/17/2011 01:10:02
749967,2012.PRES.SANTORUM,Rick Santorum to be elected President in 2012,34,0.4,Dec/17/2011 01:10:02
749967,2012.PRES.SANTORUM,Rick Santorum to be elected President in 2012,16,0.4,Dec/17/2011 01:10:20
749967,2012.PRES.SANTORUM,Rick Santorum to be elected President in 2012,84,0.4,Dec/17/2011 01:10:20
749967,2012.PRES.SANTORUM,Rick Santorum to be elected President in 2012,16,0.4,Dec/17/2011 01:10:44
749967,2012.PRES.SANTORUM,Rick Santorum to be elected President in 2012,1,0.4,Dec/17/2011 01:10:44
749967,2012.PRES.SANTORUM,Rick Santorum to be elected President in 2012,20,0.3,Dec/17/2011 16:05:48
749967,2012.PRES.SANTORUM,Rick Santorum to be elected President in 2012,1,0.3,Dec/17/2011 16:05:48
749967,2012.PRES.SANTORUM,Rick Santorum to be elected President in 2012,92,0.3,Dec/18/2011 14:06:37
749967,2012.PRES.SANTORUM,Rick Santorum to be elected President in 2012,100,0.3,Dec/18/2011 14:07:05
749967,2012.PRES.SANTORUM,Rick Santorum to be elected President in 2012,88,0.3,Dec/18/2011 23:35:00
749967,2012.PRES.SANTORUM,Rick Santorum to be elected President in 2012,1,0.3,Dec/18/2011 23:35:00
749967,2012.PRES.SANTORUM,Rick Santorum to be elected President in 2012,100,0.3,Dec/18/2011 23:35:00
749967,2012.PRES.SANTORUM,Rick Santorum to be elected President in 2012,50,0.3,Dec/18/2011 23:35:00
749967,2012.PRES.SANTORUM,Rick Santorum to be elected President in 2012,10,0.3,Dec/19/2011 02:35:38
749967,2012.PRES.SANTORUM,Rick Santorum to be elected President in 2012,1,0.3,Dec/19/2011 02:35:38
749967,2012.PRES.SANTORUM,Rick Santorum to be elected President in 2012,2,0.4,Dec/19/2011 04:43:24
749967,2012.PRES.SANTORUM,Rick Santorum to be elected President in 2012,28,0.4,Dec/19/2011 06:50:53
749967,2012.PRES.SANTORUM,Rick Santorum to be elected President in 2012,1,0.4,Dec/19/2011 06:50:53
749967,2012.PRES.SANTORUM,Rick Santorum to be elected President in 2012,100,0.4,Dec/19/2011 06:50:53
749967,2012.PRES.SANTORUM,Rick Santorum to be elected President in 2012,100,0.4,Dec/19/2011 06:50:53
749967,2012.PRES.SANTORUM,Rick Santorum to be elected President in 2012,100,0.5,Dec/19/2011 06:57:40
749967,2012.PRES.SANTORUM,Rick Santorum to be elected President in 2012,1,0.5,Dec/19/2011 06:57:40
749967,2012.PRES.SANTORUM,Rick Santorum to be elected President in 2012,200,0.5,Dec/19/2011 06:57:40
749967,2012.PRES.SANTORUM,Rick Santorum to be elected President in 2012,5,0.5,Dec/19/2011 06:57:40
749967,2012.PRES.SANTORUM,Rick Santorum to be elected President in 2012,50,0.5,Dec/20/2011 16:43:50
749967,2012.PRES.SANTORUM,Rick Santorum to be elected President in 2012,100,0.5,Dec/20/2011 16:43:50
749967,2012.PRES.SANTORUM,Rick Santorum to be elected President in 2012,10,0.5,Dec/20/2011 17:29:07
749967,2012.PRES.SANTORUM,Rick Santorum to be elected President in 2012,20,0.5,Dec/22/2011 02:22:26
749967,2012.PRES.SANTORUM,Rick Santorum to be elected President in 2012,22,0.6,Dec/22/2011 14:10:47
749967,2012.PRES.SANTORUM,Rick Santorum to be elected President in 2012,1,0.6,Dec/22/2011 14:10:47
749967,2012.PRES.SANTORUM,Rick Santorum to be elected President in 2012,50,0.6,Dec/22/2011 14:10:47
749967,2012.PRES.SANTORUM,Rick Santorum to be elected President in 2012,100,0.6,Dec/22/2011 14:10:47
749967,2012.PRES.SANTORUM,Rick Santorum to be elected President in 2012,27,0.6,Dec/22/2011 14:10:47
749967,2012.PRES.SANTORUM,Rick Santorum to be elected President in 2012,500,0.5,Dec/23/2011 05:21:36
749967,2012.PRES.SANTORUM,Rick Santorum to be elected President in 2012,100,0.5,Dec/24/2011 00:23:36
749967,2012.PRES.SANTORUM,Rick Santorum to be elected President in 2012,100,0.4,Dec/24/2011 18:57:01
749967,2012.PRES.SANTORUM,Rick Santorum to be elected President in 2012,50,0.4,Dec/24/2011 18:57:01
749967,2012.PRES.SANTORUM,Rick Santorum to be elected President in 2012,1,0.4,Dec/24/2011 18:57:01
749967,2012.PRES.SANTORUM,Rick Santorum to be elected President in 2012,11,0.5,Dec/27/2011 23:34:50
749967,2012.PRES.SANTORUM,Rick Santorum to be elected President in 2012,1,0.5,Dec/27/2011 23:34:50
749967,2012.PRES.SANTORUM,Rick Santorum to be elected President in 2012,11,0.5,Dec/28/2011 15:19:58
749967,2012.PRES.SANTORUM,Rick Santorum to be elected President in 2012,39,0.5,Dec/28/2011 19:53:40
749967,2012.PRES.SANTORUM,Rick Santorum to be elected President in 2012,1,0.5,Dec/28/2011 19:53:40
749967,2012.PRES.SANTORUM,Rick Santorum to be elected President in 2012,5,0.8,Dec/28/2011 21:17:49
749967,2012.PRES.SANTORUM,Rick Santorum to be elected President in 2012,100,0.8,Dec/28/2011 21:17:49
749967,2012.PRES.SANTORUM,Rick Santorum to be elected President in 2012,1,0.8,Dec/28/2011 21:17:49
749967,2012.PRES.SANTORUM,Rick Santorum to be elected President in 2012,3,0.7,Dec/28/2011 21:17:49
749967,2012.PRES.SANTORUM,Rick Santorum to be elected President in 2012,5,0.9,Dec/28/2011 21:18:07
749967,2012.PRES.SANTORUM,Rick Santorum to be elected President in 2012,1,0.9,Dec/28/2011 21:18:07
749967,2012.PRES.SANTORUM,Rick Santorum to be elected President in 2012,35,0.9,Dec/28/2011 21:18:12
749967,2012.PRES.SANTORUM,Rick Santorum to be elected President in 2012,15,0.9,Dec/28/2011 21:18:30
749967,2012.PRES.SANTORUM,Rick Santorum to be elected President in 2012,1,1.4,Dec/28/2011 21:21:22
749967,2012.PRES.SANTORUM,Rick Santorum to be elected President in 2012,5,0.9,Dec/29/2011 02:08:59
749967,2012.PRES.SANTORUM,Rick Santorum to be elected President in 2012,100,0.9,Dec/29/2011 02:08:59
749967,2012.PRES.SANTORUM,Rick Santorum to be elected President in 2012,1,0.9,Dec/29/2011 02:08:59
749967,2012.PRES.SANTORUM,Rick Santorum to be elected President in 2012,10,0.9,Dec/29/2011 16:50:20
749967,2012.PRES.SANTORUM,Rick Santorum to be elected President in 2012,1,0.9,Dec/29/2011 16:50:20
749967,2012.PRES.SANTORUM,Rick Santorum to be elected President in 2012,11,0.9,Dec/29/2011 16:50:20
749967,2012.PRES.SANTORUM,Rick Santorum to be elected President in 2012,10,1.0,Dec/29/2011 17:20:05
749967,2012.PRES.SANTORUM,Rick Santorum to be elected President in 2012,1,1.0,Dec/29/2011 17:20:05
749967,2012.PRES.SANTORUM,Rick Santorum to be elected President in 2012,15,1.1,Dec/29/2011 19:15:06
749967,2012.PRES.SANTORUM,Rick Santorum to be elected President in 2012,1,1.1,Dec/29/2011 19:15:06
749967,2012.PRES.SANTORUM,Rick Santorum to be elected President in 2012,20,1.2,Dec/29/2011 19:15:25
749967,2012.PRES.SANTORUM,Rick Santorum to be elected President in 2012,1,1.2,Dec/29/2011 19:15:25
749967,2012.PRES.SANTORUM,Rick Santorum to be elected President in 2012,25,1.3,Dec/29/2011 19:15:44
749967,2012.PRES.SANTORUM,Rick Santorum to be elected President in 2012,1,1.3,Dec/29/2011 19:15:44
749967,2012.PRES.SANTORUM,Rick Santorum to be elected President in 2012,50,1.4,Dec/29/2011 19:16:24
749967,2012.PRES.SANTORUM,Rick Santorum to be elected President in 2012,30,1.4,Dec/29/2011 19:16:24
749967,2012.PRES.SANTORUM,Rick Santorum to be elected President in 2012,1,1.4,Dec/29/2011 19:16:24
749967,2012.PRES.SANTORUM,Rick Santorum to be elected President in 2012,13,1.4,Dec/29/2011 19:17:09
749967,2012.PRES.SANTORUM,Rick Santorum to be elected President in 2012,10,1.4,Dec/29/2011 19:19:10
749967,2012.PRES.SANTORUM,Rick Santorum to be elected President in 2012,56,1.5,Dec/29/2011 19:21:57
749967,2012.PRES.SANTORUM,Rick Santorum to be elected President in 2012,1,1.5,Dec/29/2011 19:21:57
749967,2012.PRES.SANTORUM,Rick Santorum to be elected President in 2012,35,1.5,Dec/29/2011 19:21:57
749967,2012.PRES.SANTORUM,Rick Santorum to be elected President in 2012,1,1.5,Dec/29/2011 19:21:57
749967,2012.PRES.SANTORUM,Rick Santorum to be elected President in 2012,6,1.5,Dec/29/2011 19:22:56
749967,2012.PRES.SANTORUM,Rick Santorum to be elected President in 2012,4,1.5,Dec/29/2011 19:27:09
749967,2012.PRES.SANTORUM,Rick Santorum to be elected President in 2012,90,1.5,Dec/29/2011 19:27:47
749967,2012.PRES.SANTORUM,Rick Santorum to be elected President in 2012,6,1.4,Dec/29/2011 19:32:10
749967,2012.PRES.SANTORUM,Rick Santorum to be elected President in 2012,5,1.4,Dec/29/2011 19:58:30
749967,2012.PRES.SANTORUM,Rick Santorum to be elected President in 2012,1,1.4,Dec/29/2011 19:59:06
749967,2012.PRES.SANTORUM,Rick Santorum to be elected President in 2012,4,1.4,Dec/29/2011 20:45:43
749967,2012.PRES.SANTORUM,Rick Santorum to be elected President in 2012,150,1.4,Dec/30/2011 03:10:52
749967,2012.PRES.SANTORUM,Rick Santorum to be elected President in 2012,5,1.1,Dec/30/2011 06:03:31
749967,2012.PRES.SANTORUM,Rick Santorum to be elected President in 2012,5,1.0,Dec/30/2011 16:59:41
749967,2012.PRES.SANTORUM,Rick Santorum to be elected President in 2012,125,0.9,Dec/30/2011 18:15:13
749967,2012.PRES.SANTORUM,Rick Santorum to be elected President in 2012,50,1.1,Dec/30/2011 19:56:50
749967,2012.PRES.SANTORUM,Rick Santorum to be elected President in 2012,1,1.1,Dec/30/2011 19:56:50
749967,2012.PRES.SANTORUM,Rick Santorum to be elected President in 2012,50,1.2,Dec/30/2011 19:57:12
749967,2012.PRES.SANTORUM,Rick Santorum to be elected President in 2012,1,1.2,Dec/30/2011 19:57:12
749967,2012.PRES.SANTORUM,Rick Santorum to be elected President in 2012,20,1.3,Dec/30/2011 19:58:17
749967,2012.PRES.SANTORUM,Rick Santorum to be elected President in 2012,20,1.3,Dec/31/2011 01:53:15
749967,2012.PRES.SANTORUM,Rick Santorum to be elected President in 2012,1,1.3,Dec/31/2011 01:53:15
749967,2012.PRES.SANTORUM,Rick Santorum to be elected President in 2012,2,1.3,Dec/31/2011 01:53:15
749967,2012.PRES.SANTORUM,Rick Santorum to be elected President in 2012,31,1.3,Dec/31/2011 01:54:54
749967,2012.PRES.SANTORUM,Rick Santorum to be elected President in 2012,50,1.3,Dec/31/2011 01:54:54
749967,2012.PRES.SANTORUM,Rick Santorum to be elected President in 2012,3,1.3,Dec/31/2011 03:24:29
749967,2012.PRES.SANTORUM,Rick Santorum to be elected President in 2012,10,1.3,Dec/31/2011 05:38:34
749967,2012.PRES.SANTORUM,Rick Santorum to be elected President in 2012,9,1.3,Dec/31/2011 05:39:10
749967,2012.PRES.SANTORUM,Rick Santorum to be elected President in 2012,10,1.3,Dec/31/2011 05:39:55
749967,2012.PRES.SANTORUM,Rick Santorum to be elected President in 2012,10,1.3,Dec/31/2011 06:36:33
749967,2012.PRES.SANTORUM,Rick Santorum to be elected President in 2012,1,1.3,Dec/31/2011 06:39:22
749967,2012.PRES.SANTORUM,Rick Santorum to be elected President in 2012,11,1.0,Dec/31/2011 23:49:29
749967,2012.PRES.SANTORUM,Rick Santorum to be elected President in 2012,9,1.0,Jan/01/2012 00:00:29
749967,2012.PRES.SANTORUM,Rick Santorum to be elected President in 2012,1,1.0,Jan/01/2012 00:06:30
749967,2012.PRES.SANTORUM,Rick Santorum to be elected President in 2012,10,1.0,Jan/01/2012 00:08:45
749967,2012.PRES.SANTORUM,Rick Santorum to be elected President in 2012,1,1.1,Jan/01/2012 03:37:43
749967,2012.PRES.SANTORUM,Rick Santorum to be elected President in 2012,1,1.4,Jan/01/2012 04:39:08
749967,2012.PRES.SANTORUM,Rick Santorum to be elected President in 2012,285,1.5,Jan/01/2012 08:21:31
749967,2012.PRES.SANTORUM,Rick Santorum to be elected President in 2012,14,1.4,Jan/01/2012 08:21:31
749967,2012.PRES.SANTORUM,Rick Santorum to be elected President in 2012,1,1.4,Jan/01/2012 08:21:31
749967,2012.PRES.SANTORUM,Rick Santorum to be elected President in 2012,1,1.2,Jan/01/2012 13:48:12
749967,2012.PRES.SANTORUM,Rick Santorum to be elected President in 2012,25,1.5,Jan/01/2012 17:44:31
749967,2012.PRES.SANTORUM,Rick Santorum to be elected President in 2012,1,1.5,Jan/01/2012 17:44:31
749967,2012.PRES.SANTORUM,Rick Santorum to be elected President in 2012,9,1.3,Jan/01/2012 18:53:18
749967,2012.PRES.SANTORUM,Rick Santorum to be elected President in 2012,40,1.6,Jan/02/2012 02:59:53
749967,2012.PRES.SANTORUM,Rick Santorum to be elected President in 2012,45,1.7,Jan/02/2012 02:59:53
749967,2012.PRES.SANTORUM,Rick Santorum to be elected President in 2012,50,1.8,Jan/02/2012 02:59:53
749967,2012.PRES.SANTORUM,Rick Santorum to be elected President in 2012,1,1.6,Jan/02/2012 02:59:53
749967,2012.PRES.SANTORUM,Rick Santorum to be elected President in 2012,1,1.7,Jan/02/2012 02:59:53
749967,2012.PRES.SANTORUM,Rick Santorum to be elected President in 2012,1,1.8,Jan/02/2012 02:59:53
749967,2012.PRES.SANTORUM,Rick Santorum to be elected President in 2012,100,2.5,Jan/02/2012 03:02:08
749967,2012.PRES.SANTORUM,Rick Santorum to be elected President in 2012,7,2.5,Jan/02/2012 03:02:08
749967,2012.PRES.SANTORUM,Rick Santorum to be elected President in 2012,5,2.2,Jan/02/2012 06:27:43
749967,2012.PRES.SANTORUM,Rick Santorum to be elected President in 2012,272,2.0,Jan/02/2012 06:35:39
749967,2012.PRES.SANTORUM,Rick Santorum to be elected President in 2012,1,1.3,Jan/02/2012 09:48:50
749967,2012.PRES.SANTORUM,Rick Santorum to be elected President in 2012,1,1.3,Jan/02/2012 15:49:54
749967,2012.PRES.SANTORUM,Rick Santorum to be elected President in 2012,1,2.1,Jan/02/2012 18:08:23
749967,2012.PRES.SANTORUM,Rick Santorum to be elected President in 2012,1,2.1,Jan/02/2012 18:08:23
749967,2012.PRES.SANTORUM,Rick Santorum to be elected President in 2012,1,2.2,Jan/02/2012 18:12:24
749967,2012.PRES.SANTORUM,Rick Santorum to be elected President in 2012,1,2.2,Jan/02/2012 18:12:24
749967,2012.PRES.SANTORUM,Rick Santorum to be elected President in 2012,1,1.6,Jan/02/2012 22:39:31
749967,2012.PRES.SANTORUM,Rick Santorum to be elected President in 2012,1,1.7,Jan/02/2012 22:39:48
749967,2012.PRES.SANTORUM,Rick Santorum to be elected President in 2012,45,1.6,Jan/03/2012 00:12:56
749967,2012.PRES.SANTORUM,Rick Santorum to be elected President in 2012,5,1.6,Jan/03/2012 02:20:22
749967,2012.PRES.SANTORUM,Rick Santorum to be elected President in 2012,100,1.5,Jan/03/2012 02:20:22
749967,2012.PRES.SANTORUM,Rick Santorum to be elected President in 2012,1,1.4,Jan/03/2012 02:22:53
749967,2012.PRES.SANTORUM,Rick Santorum to be elected President in 2012,10,1.8,Jan/03/2012 19:18:03
749967,2012.PRES.SANTORUM,Rick Santorum to be elected President in 2012,5,1.3,Jan/03/2012 20:18:05
749967,2012.PRES.SANTORUM,Rick Santorum to be elected President in 2012,50,1.3,Jan/03/2012 20:18:05
749967,2012.PRES.SANTORUM,Rick Santorum to be elected President in 2012,19,1.0,Jan/03/2012 22:03:51
749967,2012.PRES.SANTORUM,Rick Santorum to be elected President in 2012,21,1.2,Jan/03/2012 22:03:51
749967,2012.PRES.SANTORUM,Rick Santorum to be elected President in 2012,10,1.0,Jan/03/2012 22:03:51
749967,2012.PRES.SANTORUM,Rick Santorum to be elected President in 2012,1,1.0,Jan/03/2012 22:04:06
749967,2012.PRES.SANTORUM,Rick Santorum to be elected President in 2012,9,1.6,Jan/04/2012 00:00:29
749967,2012.PRES.SANTORUM,Rick Santorum to be elected President in 2012,1,1.5,Jan/04/2012 00:00:29
749967,2012.PRES.SANTORUM,Rick Santorum to be elected President in 2012,2,1.6,Jan/04/2012 00:11:35
749967,2012.PRES.SANTORUM,Rick Santorum to be elected President in 2012,1,1.6,Jan/04/2012 00:11:35
749967,2012.PRES.SANTORUM,Rick Santorum to be elected President in 2012,1,1.7,Jan/04/2012 00:12:03
749967,2012.PRES.SANTORUM,Rick Santorum to be elected President in 2012,22,1.7,Jan/04/2012 00:12:03
749967,2012.PRES.SANTORUM,Rick Santorum to be elected President in 2012,275,1.8,Jan/04/2012 00:12:26
749967,2012.PRES.SANTORUM,Rick Santorum to be elected President in 2012,1,1.8,Jan/04/2012 00:12:26
749967,2012.PRES.SANTORUM,Rick Santorum to be elected President in 2012,33,1.8,Jan/04/2012 00:12:26
749967,2012.PRES.SANTORUM,Rick Santorum to be elected President in 2012,200,1.9,Jan/04/2012 00:14:09
749967,2012.PRES.SANTORUM,Rick Santorum to be elected President in 2012,1,1.9,Jan/04/2012 00:14:09
749967,2012.PRES.SANTORUM,Rick Santorum to be elected President in 2012,44,1.9,Jan/04/2012 00:14:09
749967,2012.PRES.SANTORUM,Rick Santorum to be elected President in 2012,55,2.0,Jan/04/2012 00:14:56
749967,2012.PRES.SANTORUM,Rick Santorum to be elected President in 2012,1,2.0,Jan/04/2012 00:14:56
749967,2012.PRES.SANTORUM,Rick Santorum to be elected President in 2012,54,2.0,Jan/04/2012 00:24:45
749967,2012.PRES.SANTORUM,Rick Santorum to be elected President in 2012,9,1.0,Jan/04/2012 01:10:21
749967,2012.PRES.SANTORUM,Rick Santorum to be elected President in 2012,28,1.0,Jan/04/2012 01:10:21
749967,2012.PRES.SANTORUM,Rick Santorum to be elected President in 2012,46,2.0,Jan/04/2012 05:45:58
749967,2012.PRES.SANTORUM,Rick Santorum to be elected President in 2012,1,2.1,Jan/04/2012 05:48:56
749967,2012.PRES.SANTORUM,Rick Santorum to be elected President in 2012,66,2.1,Jan/04/2012 05:48:56
749967,2012.PRES.SANTORUM,Rick Santorum to be elected President in 2012,77,2.2,Jan/04/2012 05:51:03
749967,2012.PRES.SANTORUM,Rick Santorum to be elected President in 2012,1,2.3,Jan/04/2012 06:13:42
749967,2012.PRES.SANTORUM,Rick Santorum to be elected President in 2012,9,2.3,Jan/04/2012 06:13:42
749967,2012.PRES.SANTORUM,Rick Santorum to be elected President in 2012,216,2.3,Jan/04/2012 06:18:41
749967,2012.PRES.SANTORUM,Rick Santorum to be elected President in 2012,300,2.4,Jan/04/2012 06:21:21
749967,2012.PRES.SANTORUM,Rick Santorum to be elected President in 2012,100,8.9,Jan/04/2012 06:24:34
749967,2012.PRES.SANTORUM,Rick Santorum to be elected President in 2012,31,1.8,Jan/04/2012 07:36:00
749967,2012.PRES.SANTORUM,Rick Santorum to be elected President in 2012,34,1.8,Jan/04/2012 07:54:39
749967,2012.PRES.SANTORUM,Rick Santorum to be elected President in 2012,11,1.8,Jan/04/2012 08:12:04
749967,2012.PRES.SANTORUM,Rick Santorum to be elected President in 2012,24,1.8,Jan/04/2012 09:44:29
749967,2012.PRES.SANTORUM,Rick Santorum to be elected President in 2012,4,1.7,Jan/04/2012 11:36:33
749967,2012.PRES.SANTORUM,Rick Santorum to be elected President in 2012,1,1.7,Jan/04/2012 12:13:00
749967,2012.PRES.SANTORUM,Rick Santorum to be elected President in 2012,10,1.7,Jan/04/2012 12:24:34
749967,2012.PRES.SANTORUM,Rick Santorum to be elected President in 2012,3,1.5,Jan/04/2012 13:40:37
749967,2012.PRES.SANTORUM,Rick Santorum to be elected President in 2012,5,2.1,Jan/04/2012 14:01:07
749967,2012.PRES.SANTORUM,Rick Santorum to be elected President in 2012,6,2.0,Jan/04/2012 14:01:07
749967,2012.PRES.SANTORUM,Rick Santorum to be elected President in 2012,1,2.0,Jan/04/2012 14:06:25
749967,2012.PRES.SANTORUM,Rick Santorum to be elected President in 2012,59,3.7,Jan/04/2012 14:09:05
749967,2012.PRES.SANTORUM,Rick Santorum to be elected President in 2012,5,3.5,Jan/04/2012 14:09:05
749967,2012.PRES.SANTORUM,Rick Santorum to be elected President in 2012,6,3.5,Jan/04/2012 14:09:05
749967,2012.PRES.SANTORUM,Rick Santorum to be elected President in 2012,6,2.1,Jan/04/2012 14:10:11
749967,2012.PRES.SANTORUM,Rick Santorum to be elected President in 2012,3,2.1,Jan/04/2012 14:13:56
749967,2012.PRES.SANTORUM,Rick Santorum to be elected President in 2012,2,1.6,Jan/04/2012 15:04:49
749967,2012.PRES.SANTORUM,Rick Santorum to be elected President in 2012,2,1.6,Jan/04/2012 15:13:40
749967,2012.PRES.SANTORUM,Rick Santorum to be elected President in 2012,10,1.2,Jan/04/2012 15:32:43
749967,2012.PRES.SANTORUM,Rick Santorum to be elected President in 2012,7,1.5,Jan/04/2012 15:32:43
749967,2012.PRES.SANTORUM,Rick Santorum to be elected President in 2012,52,1.6,Jan/04/2012 15:32:43
749967,2012.PRES.SANTORUM,Rick Santorum to be elected President in 2012,29,1.2,Jan/04/2012 15:42:39
749967,2012.PRES.SANTORUM,Rick Santorum to be elected President in 2012,225,1.5,Jan/04/2012 18:18:08
749967,2012.PRES.SANTORUM,Rick Santorum to be elected President in 2012,50,1.4,Jan/04/2012 18:52:05
749967,2012.PRES.SANTORUM,Rick Santorum to be elected President in 2012,50,1.3,Jan/04/2012 18:57:54
749967,2012.PRES.SANTORUM,Rick Santorum to be elected President in 2012,21,1.2,Jan/04/2012 18:58:29
749967,2012.PRES.SANTORUM,Rick Santorum to be elected President in 2012,40,1.2,Jan/04/2012 18:58:29
749967,2012.PRES.SANTORUM,Rick Santorum to be elected President in 2012,100,1.1,Jan/04/2012 18:59:51
749967,2012.PRES.SANTORUM,Rick Santorum to be elected President in 2012,2,1.0,Jan/04/2012 19:01:29
749967,2012.PRES.SANTORUM,Rick Santorum to be elected President in 2012,100,1.0,Jan/04/2012 19:01:29
749967,2012.PRES.SANTORUM,Rick Santorum to be elected President in 2012,100,1.0,Jan/04/2012 19:02:00
749967,2012.PRES.SANTORUM,Rick Santorum to be elected President in 2012,2,0.9,Jan/04/2012 19:02:46
749967,2012.PRES.SANTORUM,Rick Santorum to be elected President in 2012,2,1.1,Jan/05/2012 02:18:38
749967,2012.PRES.SANTORUM,Rick Santorum to be elected President in 2012,1,1.1,Jan/05/2012 02:18:38
749967,2012.PRES.SANTORUM,Rick Santorum to be elected President in 2012,1,1.2,Jan/05/2012 03:28:24
749967,2012.PRES.SANTORUM,Rick Santorum to be elected President in 2012,1,1.1,Jan/05/2012 04:04:08
749967,2012.PRES.SANTORUM,Rick Santorum to be elected President in 2012,9,1.2,Jan/05/2012 04:04:08
749967,2012.PRES.SANTORUM,Rick Santorum to be elected President in 2012,1,1.5,Jan/05/2012 08:43:39
749967,2012.PRES.SANTORUM,Rick Santorum to be elected President in 2012,9,1.1,Jan/05/2012 08:53:40
749967,2012.PRES.SANTORUM,Rick Santorum to be elected President in 2012,10,1.1,Jan/05/2012 08:53:40
749967,2012.PRES.SANTORUM,Rick Santorum to be elected President in 2012,70,1.1,Jan/05/2012 08:53:40
749967,2012.PRES.SANTORUM,Rick Santorum to be elected President in 2012,3,1.0,Jan/05/2012 08:56:12
749967,2012.PRES.SANTORUM,Rick Santorum to be elected President in 2012,11,1.1,Jan/05/2012 08:56:12
749967,2012.PRES.SANTORUM,Rick Santorum to be elected President in 2012,6,1.0,Jan/05/2012 08:58:05
749967,2012.PRES.SANTORUM,Rick Santorum to be elected President in 2012,59,0.9,Jan/05/2012 08:59:11
749967,2012.PRES.SANTORUM,Rick Santorum to be elected President in 2012,41,1.0,Jan/05/2012 08:59:11
749967,2012.PRES.SANTORUM,Rick Santorum to be elected President in 2012,38,0.9,Jan/05/2012 08:59:27
749967,2012.PRES.SANTORUM,Rick Santorum to be elected President in 2012,30,0.7,Jan/05/2012 09:00:28
749967,2012.PRES.SANTORUM,Rick Santorum to be elected President in 2012,50,0.8,Jan/05/2012 09:00:28
749967,2012.PRES.SANTORUM,Rick Santorum to be elected President in 2012,1,0.9,Jan/05/2012 09:00:28
749967,2012.PRES.SANTORUM,Rick Santorum to be elected President in 2012,2,0.9,Jan/05/2012 09:00:28
749967,2012.PRES.SANTORUM,Rick Santorum to be elected President in 2012,10,0.4,Jan/05/2012 09:00:28
749967,2012.PRES.SANTORUM,Rick Santorum to be elected President in 2012,9,1.5,Jan/05/2012 15:18:30
749967,2012.PRES.SANTORUM,Rick Santorum to be elected President in 2012,100,1.5,Jan/05/2012 15:18:30
749967,2012.PRES.SANTORUM,Rick Santorum to be elected President in 2012,1,1.5,Jan/05/2012 15:18:30
749967,2012.PRES.SANTORUM,Rick Santorum to be elected President in 2012,50,1.4,Jan/05/2012 15:18:30
749967,2012.PRES.SANTORUM,Rick Santorum to be elected President in 2012,10,1.3,Jan/05/2012 15:18:30
749967,2012.PRES.SANTORUM,Rick Santorum to be elected President in 2012,10,1.4,Jan/05/2012 15:18:30
749967,2012.PRES.SANTORUM,Rick Santorum to be elected President in 2012,1,1.4,Jan/05/2012 15:18:30
749967,2012.PRES.SANTORUM,Rick Santorum to be elected President in 2012,24,1.3,Jan/05/2012 15:18:30
749967,2012.PRES.SANTORUM,Rick Santorum to be elected President in 2012,1,1.3,Jan/05/2012 15:18:30
749967,2012.PRES.SANTORUM,Rick Santorum to be elected President in 2012,10,1.6,Jan/05/2012 15:24:09
749967,2012.PRES.SANTORUM,Rick Santorum to be elected President in 2012,1,1.6,Jan/05/2012 15:24:09
749967,2012.PRES.SANTORUM,Rick Santorum to be elected President in 2012,100,1.5,Jan/05/2012 15:33:34
749967,2012.PRES.SANTORUM,Rick Santorum to be elected President in 2012,5,1.5,Jan/05/2012 15:41:00
749967,2012.PRES.SANTORUM,Rick Santorum to be elected President in 2012,1,1.5,Jan/05/2012 15:43:01
749967,2012.PRES.SANTORUM,Rick Santorum to be elected President in 2012,10,1.7,Jan/05/2012 15:48:31
749967,2012.PRES.SANTORUM,Rick Santorum to be elected President in 2012,1,1.7,Jan/05/2012 15:48:31
749967,2012.PRES.SANTORUM,Rick Santorum to be elected President in 2012,10,1.9,Jan/05/2012 15:51:53
749967,2012.PRES.SANTORUM,Rick Santorum to be elected President in 2012,2,1.9,Jan/05/2012 15:51:53
749967,2012.PRES.SANTORUM,Rick Santorum to be elected President in 2012,1,2.0,Jan/05/2012 15:52:17
749967,2012.PRES.SANTORUM,Rick Santorum to be elected President in 2012,10,2.0,Jan/05/2012 15:52:17
749967,2012.PRES.SANTORUM,Rick Santorum to be elected President in 2012,30,1.6,Jan/05/2012 16:06:43
749967,2012.PRES.SANTORUM,Rick Santorum to be elected President in 2012,40,1.6,Jan/05/2012 16:06:43
749967,2012.PRES.SANTORUM,Rick Santorum to be elected President in 2012,50,2.6,Jan/05/2012 19:28:50
749967,2012.PRES.SANTORUM,Rick Santorum to be elected President in 2012,7,2.6,Jan/05/2012 20:19:20
749967,2012.PRES.SANTORUM,Rick Santorum to be elected President in 2012,40,1.8,Jan/05/2012 21:51:34
749967,2012.PRES.SANTORUM,Rick Santorum to be elected President in 2012,60,1.8,Jan/05/2012 21:51:34
749967,2012.PRES.SANTORUM,Rick Santorum to be elected President in 2012,73,1.7,Jan/05/2012 21:57:22
749967,2012.PRES.SANTORUM,Rick Santorum to be elected President in 2012,100,2.6,Jan/05/2012 23:37:50
749967,2012.PRES.SANTORUM,Rick Santorum to be elected President in 2012,50,2.7,Jan/05/2012 23:38:26
749967,2012.PRES.SANTORUM,Rick Santorum to be elected President in 2012,1,2.7,Jan/05/2012 23:38:59
749967,2012.PRES.SANTORUM,Rick Santorum to be elected President in 2012,149,2.7,Jan/06/2012 00:38:21
749967,2012.PRES.SANTORUM,Rick Santorum to be elected President in 2012,1,2.7,Jan/06/2012 00:38:21
749967,2012.PRES.SANTORUM,Rick Santorum to be elected President in 2012,37,2.7,Jan/06/2012 00:38:22
749967,2012.PRES.SANTORUM,Rick Santorum to be elected President in 2012,1,2.7,Jan/06/2012 00:39:04
749967,2012.PRES.SANTORUM,Rick Santorum to be elected President in 2012,12,2.7,Jan/06/2012 00:46:10
749967,2012.PRES.SANTORUM,Rick Santorum to be elected President in 2012,15,2.0,Jan/06/2012 01:27:33
749967,2012.PRES.SANTORUM,Rick Santorum to be elected President in 2012,5,2.0,Jan/06/2012 01:30:16
749967,2012.PRES.SANTORUM,Rick Santorum to be elected President in 2012,10,2.9,Jan/06/2012 01:47:37
749967,2012.PRES.SANTORUM,Rick Santorum to be elected President in 2012,2,2.0,Jan/06/2012 01:49:42
749967,2012.PRES.SANTORUM,Rick Santorum to be elected President in 2012,5,2.5,Jan/06/2012 02:05:15
749967,2012.PRES.SANTORUM,Rick Santorum to be elected President in 2012,95,2.5,Jan/06/2012 02:35:12
749967,2012.PRES.SANTORUM,Rick Santorum to be elected President in 2012,10,2.2,Jan/06/2012 11:19:46
749967,2012.PRES.SANTORUM,Rick Santorum to be elected President in 2012,43,2.1,Jan/06/2012 13:53:27
749967,2012.PRES.SANTORUM,Rick Santorum to be elected President in 2012,5,2.1,Jan/06/2012 14:13:06
749967,2012.PRES.SANTORUM,Rick Santorum to be elected President in 2012,6,2.1,Jan/06/2012 14:14:06
749967,2012.PRES.SANTORUM,Rick Santorum to be elected President in 2012,20,2.1,Jan/06/2012 15:15:06
749967,2012.PRES.SANTORUM,Rick Santorum to be elected President in 2012,26,2.1,Jan/06/2012 15:56:21
749967,2012.PRES.SANTORUM,Rick Santorum to be elected President in 2012,5,2.2,Jan/06/2012 16:05:02
749967,2012.PRES.SANTORUM,Rick Santorum to be elected President in 2012,12,2.2,Jan/06/2012 16:41:06
749967,2012.PRES.SANTORUM,Rick Santorum to be elected President in 2012,3,2.2,Jan/06/2012 16:42:15
749967,2012.PRES.SANTORUM,Rick Santorum to be elected President in 2012,1,2.2,Jan/06/2012 16:42:15
749967,2012.PRES.SANTORUM,Rick Santorum to be elected President in 2012,3,2.2,Jan/06/2012 18:13:25
749967,2012.PRES.SANTORUM,Rick Santorum to be elected President in 2012,1,2.2,Jan/06/2012 18:13:33
749967,2012.PRES.SANTORUM,Rick Santorum to be elected President in 2012,6,2.2,Jan/06/2012 18:20:55
749967,2012.PRES.SANTORUM,Rick Santorum to be elected President in 2012,20,2.3,Jan/06/2012 18:25:10
749967,2012.PRES.SANTORUM,Rick Santorum to be elected President in 2012,6,2.1,Jan/06/2012 18:29:34
749967,2012.PRES.SANTORUM,Rick Santorum to be elected President in 2012,6,2.1,Jan/06/2012 18:29:34
749967,2012.PRES.SANTORUM,Rick Santorum to be elected President in 2012,3,2.1,Jan/06/2012 18:29:34
749967,2012.PRES.SANTORUM,Rick Santorum to be elected President in 2012,5,2.1,Jan/06/2012 18:29:34
749967,2012.PRES.SANTORUM,Rick Santorum to be elected President in 2012,20,2.2,Jan/06/2012 19:11:09
749967,2012.PRES.SANTORUM,Rick Santorum to be elected President in 2012,5,2.2,Jan/06/2012 19:34:53
749967,2012.PRES.SANTORUM,Rick Santorum to be elected President in 2012,15,2.1,Jan/06/2012 19:36:30
749967,2012.PRES.SANTORUM,Rick Santorum to be elected President in 2012,208,2.0,Jan/06/2012 19:37:19
749967,2012.PRES.SANTORUM,Rick Santorum to be elected President in 2012,2,2.2,Jan/06/2012 21:14:55
749967,2012.PRES.SANTORUM,Rick Santorum to be elected President in 2012,8,2.2,Jan/06/2012 21:45:32
749967,2012.PRES.SANTORUM,Rick Santorum to be elected President in 2012,280,2.3,Jan/06/2012 21:45:51
749967,2012.PRES.SANTORUM,Rick Santorum to be elected President in 2012,1,2.3,Jan/06/2012 21:45:51
749967,2012.PRES.SANTORUM,Rick Santorum to be elected President in 2012,1,2.3,Jan/07/2012 00:04:21
749967,2012.PRES.SANTORUM,Rick Santorum to be elected President in 2012,1,2.3,Jan/07/2012 00:04:21
749967,2012.PRES.SANTORUM,Rick Santorum to be elected President in 2012,3,2.1,Jan/07/2012 02:01:02
749967,2012.PRES.SANTORUM,Rick Santorum to be elected President in 2012,25,2.0,Jan/07/2012 02:55:05
749967,2012.PRES.SANTORUM,Rick Santorum to be elected President in 2012,2,2.1,Jan/07/2012 02:55:05
749967,2012.PRES.SANTORUM,Rick Santorum to be elected President in 2012,1,1.9,Jan/07/2012 02:56:31
749967,2012.PRES.SANTORUM,Rick Santorum to be elected President in 2012,10,1.9,Jan/07/2012 03:24:15
749967,2012.PRES.SANTORUM,Rick Santorum to be elected President in 2012,9,1.9,Jan/07/2012 03:24:30
749967,2012.PRES.SANTORUM,Rick Santorum to be elected President in 2012,10,1.9,Jan/07/2012 03:25:15
749967,2012.PRES.SANTORUM,Rick Santorum to be elected President in 2012,10,1.9,Jan/07/2012 03:25:40
749967,2012.PRES.SANTORUM,Rick Santorum to be elected President in 2012,29,2.0,Jan/07/2012 04:58:01
749967,2012.PRES.SANTORUM,Rick Santorum to be elected President in 2012,1,2.0,Jan/07/2012 04:58:01
749967,2012.PRES.SANTORUM,Rick Santorum to be elected President in 2012,10,1.9,Jan/07/2012 12:22:51
749967,2012.PRES.SANTORUM,Rick Santorum to be elected President in 2012,10,1.9,Jan/07/2012 12:22:51
749967,2012.PRES.SANTORUM,Rick Santorum to be elected President in 2012,20,1.9,Jan/07/2012 12:28:16
749967,2012.PRES.SANTORUM,Rick Santorum to be elected President in 2012,10,2.0,Jan/07/2012 14:23:24
749967,2012.PRES.SANTORUM,Rick Santorum to be elected President in 2012,20,2.0,Jan/07/2012 20:32:37
749967,2012.PRES.SANTORUM,Rick Santorum to be elected President in 2012,1,2.0,Jan/07/2012 20:32:37
749967,2012.PRES.SANTORUM,Rick Santorum to be elected President in 2012,1,2.0,Jan/07/2012 20:32:37
749967,2012.PRES.SANTORUM,Rick Santorum to be elected President in 2012,10,2.0,Jan/07/2012 20:32:37
749967,2012.PRES.SANTORUM,Rick Santorum to be elected President in 2012,18,2.0,Jan/07/2012 20:32:37
749967,2012.PRES.SANTORUM,Rick Santorum to be elected President in 2012,20,1.9,Jan/07/2012 22:01:40
749967,2012.PRES.SANTORUM,Rick Santorum to be elected President in 2012,50,1.9,Jan/07/2012 22:01:40
749967,2012.PRES.SANTORUM,Rick Santorum to be elected President in 2012,22,2.0,Jan/08/2012 01:44:56
749967,2012.PRES.SANTORUM,Rick Santorum to be elected President in 2012,1,2.0,Jan/08/2012 01:44:56
749967,2012.PRES.SANTORUM,Rick Santorum to be elected President in 2012,17,2.0,Jan/08/2012 01:52:06
749967,2012.PRES.SANTORUM,Rick Santorum to be elected President in 2012,157,1.5,Jan/08/2012 03:11:19
749967,2012.PRES.SANTORUM,Rick Santorum to be elected President in 2012,63,1.6,Jan/08/2012 03:11:19
749967,2012.PRES.SANTORUM,Rick Santorum to be elected President in 2012,10,1.7,Jan/08/2012 03:11:19
749967,2012.PRES.SANTORUM,Rick Santorum to be elected President in 2012,2,1.4,Jan/08/2012 04:26:11
749967,2012.PRES.SANTORUM,Rick Santorum to be elected President in 2012,5,1.4,Jan/08/2012 05:44:55
749967,2012.PRES.SANTORUM,Rick Santorum to be elected President in 2012,11,1.4,Jan/08/2012 05:45:11
749967,2012.PRES.SANTORUM,Rick Santorum to be elected President in 2012,10,1.4,Jan/08/2012 05:45:37
749967,2012.PRES.SANTORUM,Rick Santorum to be elected President in 2012,4,1.4,Jan/08/2012 05:46:53
749967,2012.PRES.SANTORUM,Rick Santorum to be elected President in 2012,9,1.4,Jan/08/2012 14:09:53
749967,2012.PRES.SANTORUM,Rick Santorum to be elected President in 2012,7,1.4,Jan/08/2012 15:05:44
749967,2012.PRES.SANTORUM,Rick Santorum to be elected President in 2012,2,1.4,Jan/08/2012 15:07:00
749967,2012.PRES.SANTORUM,Rick Santorum to be elected President in 2012,4,1.0,Jan/08/2012 15:18:49
749967,2012.PRES.SANTORUM,Rick Santorum to be elected President in 2012,10,1.0,Jan/08/2012 15:22:47
749967,2012.PRES.SANTORUM,Rick Santorum to be elected President in 2012,6,1.0,Jan/08/2012 16:14:53
749967,2012.PRES.SANTORUM,Rick Santorum to be elected President in 2012,2,1.0,Jan/08/2012 16:15:13
749967,2012.PRES.SANTORUM,Rick Santorum to be elected President in 2012,2,1.1,Jan/08/2012 16:15:23
749967,2012.PRES.SANTORUM,Rick Santorum to be elected President in 2012,2,1.1,Jan/08/2012 16:16:18
749967,2012.PRES.SANTORUM,Rick Santorum to be elected President in 2012,4,1.1,Jan/08/2012 16:24:09
749967,2012.PRES.SANTORUM,Rick Santorum to be elected President in 2012,9,1.2,Jan/08/2012 17:18:30
749967,2012.PRES.SANTORUM,Rick Santorum to be elected President in 2012,2,1.1,Jan/08/2012 18:35:54
749967,2012.PRES.SANTORUM,Rick Santorum to be elected President in 2012,49,1.1,Jan/08/2012 23:40:04
749967,2012.PRES.SANTORUM,Rick Santorum to be elected President in 2012,4,0.9,Jan/09/2012 01:52:28
749967,2012.PRES.SANTORUM,Rick Santorum to be elected President in 2012,5,1.0,Jan/09/2012 01:52:28
749967,2012.PRES.SANTORUM,Rick Santorum to be elected President in 2012,41,1.1,Jan/09/2012 01:52:28
749967,2012.PRES.SANTORUM,Rick Santorum to be elected President in 2012,3,0.9,Jan/09/2012 07:53:22
749967,2012.PRES.SANTORUM,Rick Santorum to be elected President in 2012,75,0.9,Jan/09/2012 11:54:49
749967,2012.PRES.SANTORUM,Rick Santorum to be elected President in 2012,5,0.8,Jan/09/2012 15:19:10
749967,2012.PRES.SANTORUM,Rick Santorum to be elected President in 2012,1,0.9,Jan/09/2012 22:49:22
749967,2012.PRES.SANTORUM,Rick Santorum to be elected President in 2012,10,0.7,Jan/09/2012 23:32:26
749967,2012.PRES.SANTORUM,Rick Santorum to be elected President in 2012,1,0.7,Jan/09/2012 23:32:26
749967,2012.PRES.SANTORUM,Rick Santorum to be elected President in 2012,41,0.7,Jan/09/2012 23:33:33
749967,2012.PRES.SANTORUM,Rick Santorum to be elected President in 2012,180,1.0,Jan/10/2012 02:34:31
749967,2012.PRES.SANTORUM,Rick Santorum to be elected President in 2012,10,0.5,Jan/10/2012 15:45:05
749967,2012.PRES.SANTORUM,Rick Santorum to be elected President in 2012,500,0.5,Jan/10/2012 15:45:05
749967,2012.PRES.SANTORUM,Rick Santorum to be elected President in 2012,100,0.6,Jan/10/2012 15:45:05
749967,2012.PRES.SANTORUM,Rick Santorum to be elected President in 2012,108,0.7,Jan/10/2012 15:45:05
749967,2012.PRES.SANTORUM,Rick Santorum to be elected President in 2012,10,0.8,Jan/10/2012 15:45:05
749967,2012.PRES.SANTORUM,Rick Santorum to be elected President in 2012,100,0.5,Jan/10/2012 15:48:28
749967,2012.PRES.SANTORUM,Rick Santorum to be elected President in 2012,172,0.5,Jan/10/2012 16:37:45
749967,2012.PRES.SANTORUM,Rick Santorum to be elected President in 2012,80,0.6,Jan/10/2012 18:25:01
749967,2012.PRES.SANTORUM,Rick Santorum to be elected President in 2012,3,0.6,Jan/10/2012 18:25:30
749967,2012.PRES.SANTORUM,Rick Santorum to be elected President in 2012,5,0.6,Jan/10/2012 19:17:50
749967,2012.PRES.SANTORUM,Rick Santorum to be elected President in 2012,12,0.6,Jan/10/2012 19:33:16
749967,2012.PRES.SANTORUM,Rick Santorum to be elected President in 2012,91,0.6,Jan/10/2012 19:33:16
749967,2012.PRES.SANTORUM,Rick Santorum to be elected President in 2012,100,0.7,Jan/10/2012 21:26:08
749967,2012.PRES.SANTORUM,Rick Santorum to be elected President in 2012,1,0.7,Jan/10/2012 21:26:08
749967,2012.PRES.SANTORUM,Rick Santorum to be elected President in 2012,100,0.8,Jan/10/2012 21:26:46
749967,2012.PRES.SANTORUM,Rick Santorum to be elected President in 2012,1,0.8,Jan/10/2012 21:33:40
749967,2012.PRES.SANTORUM,Rick Santorum to be elected President in 2012,54,0.8,Jan/10/2012 21:33:40
749967,2012.PRES.SANTORUM,Rick Santorum to be elected President in 2012,10,0.6,Jan/10/2012 23:18:51
749967,2012.PRES.SANTORUM,Rick Santorum to be elected President in 2012,10,0.9,Jan/10/2012 23:28:51
749967,2012.PRES.SANTORUM,Rick Santorum to be elected President in 2012,70,0.9,Jan/10/2012 23:28:51
749967,2012.PRES.SANTORUM,Rick Santorum to be elected President in 2012,20,0.8,Jan/10/2012 23:28:51
749967,2012.PRES.SANTORUM,Rick Santorum to be elected President in 2012,20,0.7,Jan/10/2012 23:28:51
749967,2012.PRES.SANTORUM,Rick Santorum to be elected President in 2012,10,0.7,Jan/11/2012 01:41:19
749967,2012.PRES.SANTORUM,Rick Santorum to be elected President in 2012,2,0.8,Jan/11/2012 01:43:06
749967,2012.PRES.SANTORUM,Rick Santorum to be elected President in 2012,20,0.9,Jan/11/2012 01:43:37
749967,2012.PRES.SANTORUM,Rick Santorum to be elected President in 2012,18,0.8,Jan/11/2012 01:45:32
749967,2012.PRES.SANTORUM,Rick Santorum to be elected President in 2012,27,0.7,Jan/11/2012 01:58:58
749967,2012.PRES.SANTORUM,Rick Santorum to be elected President in 2012,3,0.7,Jan/11/2012 02:00:11
749967,2012.PRES.SANTORUM,Rick Santorum to be elected President in 2012,1,0.7,Jan/11/2012 02:22:26
749967,2012.PRES.SANTORUM,Rick Santorum to be elected President in 2012,2,0.7,Jan/11/2012 02:26:02
749967,2012.PRES.SANTORUM,Rick Santorum to be elected President in 2012,6,0.7,Jan/11/2012 02:29:37
749967,2012.PRES.SANTORUM,Rick Santorum to be elected President in 2012,20,0.7,Jan/11/2012 03:25:23
749967,2012.PRES.SANTORUM,Rick Santorum to be elected President in 2012,4,0.7,Jan/11/2012 05:33:53
749967,2012.PRES.SANTORUM,Rick Santorum to be elected President in 2012,3,0.7,Jan/11/2012 05:34:28
749967,2012.PRES.SANTORUM,Rick Santorum to be elected President in 2012,4,0.7,Jan/11/2012 05:35:20
749967,2012.PRES.SANTORUM,Rick Santorum to be elected President in 2012,11,0.7,Jan/11/2012 08:19:40
749967,2012.PRES.SANTORUM,Rick Santorum to be elected President in 2012,6,0.6,Jan/11/2012 22:31:35
749967,2012.PRES.SANTORUM,Rick Santorum to be elected President in 2012,22,0.6,Jan/11/2012 22:32:19
749967,2012.PRES.SANTORUM,Rick Santorum to be elected President in 2012,1,0.6,Jan/12/2012 03:00:42
749967,2012.PRES.SANTORUM,Rick Santorum to be elected President in 2012,50,0.6,Jan/12/2012 03:55:02
749967,2012.PRES.SANTORUM,Rick Santorum to be elected President in 2012,99,0.6,Jan/12/2012 06:43:17
749967,2012.PRES.SANTORUM,Rick Santorum to be elected President in 2012,10,0.5,Jan/12/2012 12:35:17
749967,2012.PRES.SANTORUM,Rick Santorum to be elected President in 2012,53,0.7,Jan/12/2012 14:31:44
749967,2012.PRES.SANTORUM,Rick Santorum to be elected President in 2012,50,0.7,Jan/12/2012 14:31:44
749967,2012.PRES.SANTORUM,Rick Santorum to be elected President in 2012,1,0.7,Jan/12/2012 14:31:44
749967,2012.PRES.SANTORUM,Rick Santorum to be elected President in 2012,92,0.7,Jan/12/2012 14:31:44
749967,2012.PRES.SANTORUM,Rick Santorum to be elected President in 2012,1,0.8,Jan/12/2012 14:32:38
749967,2012.PRES.SANTORUM,Rick Santorum to be elected President in 2012,68,0.8,Jan/12/2012 14:32:38
749967,2012.PRES.SANTORUM,Rick Santorum to be elected President in 2012,35,0.8,Jan/12/2012 14:32:38
749967,2012.PRES.SANTORUM,Rick Santorum to be elected President in 2012,18,0.7,Jan/12/2012 15:11:44
749967,2012.PRES.SANTORUM,Rick Santorum to be elected President in 2012,50,0.7,Jan/12/2012 15:32:28
749967,2012.PRES.SANTORUM,Rick Santorum to be elected President in 2012,15,0.8,Jan/12/2012 15:32:42
749967,2012.PRES.SANTORUM,Rick Santorum to be elected President in 2012,10,0.9,Jan/12/2012 15:32:59
749967,2012.PRES.SANTORUM,Rick Santorum to be elected President in 2012,1,0.9,Jan/12/2012 15:32:59
749967,2012.PRES.SANTORUM,Rick Santorum to be elected President in 2012,10,0.9,Jan/12/2012 15:32:59
749967,2012.PRES.SANTORUM,Rick Santorum to be elected President in 2012,50,0.9,Jan/12/2012 15:32:59
749967,2012.PRES.SANTORUM,Rick Santorum to be elected President in 2012,46,0.9,Jan/12/2012 15:32:59
749967,2012.PRES.SANTORUM,Rick Santorum to be elected President in 2012,5,0.6,Jan/12/2012 22:22:56
749967,2012.PRES.SANTORUM,Rick Santorum to be elected President in 2012,17,0.6,Jan/12/2012 23:51:39
749967,2012.PRES.SANTORUM,Rick Santorum to be elected President in 2012,100,0.7,Jan/13/2012 00:00:27
749967,2012.PRES.SANTORUM,Rick Santorum to be elected President in 2012,56,0.6,Jan/13/2012 01:21:06
749967,2012.PRES.SANTORUM,Rick Santorum to be elected President in 2012,20,0.5,Jan/13/2012 01:21:48
749967,2012.PRES.SANTORUM,Rick Santorum to be elected President in 2012,30,0.5,Jan/13/2012 01:22:14
749967,2012.PRES.SANTORUM,Rick Santorum to be elected President in 2012,1,0.6,Jan/13/2012 05:57:51
749967,2012.PRES.SANTORUM,Rick Santorum to be elected President in 2012,30,0.6,Jan/13/2012 06:54:03
749967,2012.PRES.SANTORUM,Rick Santorum to be elected President in 2012,302,0.6,Jan/13/2012 06:56:17
749967,2012.PRES.SANTORUM,Rick Santorum to be elected President in 2012,740,0.5,Jan/13/2012 06:56:45
749967,2012.PRES.SANTORUM,Rick Santorum to be elected President in 2012,255,0.5,Jan/13/2012 06:56:45
749967,2012.PRES.SANTORUM,Rick Santorum to be elected President in 2012,5,0.6,Jan/13/2012 18:23:51
749967,2012.PRES.SANTORUM,Rick Santorum to be elected President in 2012,5,0.6,Jan/13/2012 18:24:09
749967,2012.PRES.SANTORUM,Rick Santorum to be elected President in 2012,245,0.5,Jan/14/2012 15:27:50
749967,2012.PRES.SANTORUM,Rick Santorum to be elected President in 2012,46,0.5,Jan/14/2012 15:27:50
749967,2012.PRES.SANTORUM,Rick Santorum to be elected President in 2012,200,0.4,Jan/14/2012 15:28:01
749967,2012.PRES.SANTORUM,Rick Santorum to be elected President in 2012,91,0.3,Jan/14/2012 17:57:40
749967,2012.PRES.SANTORUM,Rick Santorum to be elected President in 2012,9,0.3,Jan/14/2012 19:17:42
749967,2012.PRES.SANTORUM,Rick Santorum to be elected President in 2012,1,0.3,Jan/14/2012 19:17:42
749967,2012.PRES.SANTORUM,Rick Santorum to be elected President in 2012,2,0.2,Jan/15/2012 00:24:43
749967,2012.PRES.SANTORUM,Rick Santorum to be elected President in 2012,7,0.2,Jan/15/2012 00:24:43
749967,2012.PRES.SANTORUM,Rick Santorum to be elected President in 2012,57,0.2,Jan/15/2012 00:24:43
749967,2012.PRES.SANTORUM,Rick Santorum to be elected President in 2012,7,0.3,Jan/15/2012 00:24:43
749967,2012.PRES.SANTORUM,Rick Santorum to be elected President in 2012,4,0.3,Jan/15/2012 00:24:43
749967,2012.PRES.SANTORUM,Rick Santorum to be elected President in 2012,26,0.3,Jan/15/2012 02:54:39
749967,2012.PRES.SANTORUM,Rick Santorum to be elected President in 2012,31,0.3,Jan/15/2012 17:27:31
749967,2012.PRES.SANTORUM,Rick Santorum to be elected President in 2012,1,0.3,Jan/15/2012 17:27:31
749967,2012.PRES.SANTORUM,Rick Santorum to be elected President in 2012,68,0.3,Jan/15/2012 17:27:31
749967,2012.PRES.SANTORUM,Rick Santorum to be elected President in 2012,10,0.3,Jan/15/2012 19:39:39
749967,2012.PRES.SANTORUM,Rick Santorum to be elected President in 2012,1,0.3,Jan/15/2012 19:39:39
749967,2012.PRES.SANTORUM,Rick Santorum to be elected President in 2012,48,0.4,Jan/16/2012 02:20:48
749967,2012.PRES.SANTORUM,Rick Santorum to be elected President in 2012,50,0.4,Jan/16/2012 02:21:09
749967,2012.PRES.SANTORUM,Rick Santorum to be elected President in 2012,45,0.4,Jan/16/2012 06:09:58
749967,2012.PRES.SANTORUM,Rick Santorum to be elected President in 2012,20,0.3,Jan/16/2012 15:59:42
749967,2012.PRES.SANTORUM,Rick Santorum to be elected President in 2012,35,0.3,Jan/16/2012 16:27:03
749967,2012.PRES.SANTORUM,Rick Santorum to be elected President in 2012,380,0.2,Jan/17/2012 03:09:08
749967,2012.PRES.SANTORUM,Rick Santorum to be elected President in 2012,63,0.2,Jan/18/2012 06:27:10
749967,2012.PRES.SANTORUM,Rick Santorum to be elected President in 2012,86,0.2,Jan/18/2012 06:27:10
749967,2012.PRES.SANTORUM,Rick Santorum to be elected President in 2012,12,0.2,Jan/18/2012 06:27:10
749967,2012.PRES.SANTORUM,Rick Santorum to be elected President in 2012,237,0.2,Jan/18/2012 06:27:10
749967,2012.PRES.SANTORUM,Rick Santorum to be elected President in 2012,100,0.3,Jan/18/2012 14:18:20
749967,2012.PRES.SANTORUM,Rick Santorum to be elected President in 2012,40,0.2,Jan/18/2012 22:32:36
749967,2012.PRES.SANTORUM,Rick Santorum to be elected President in 2012,1,0.2,Jan/18/2012 22:33:02
749967,2012.PRES.SANTORUM,Rick Santorum to be elected President in 2012,4,0.2,Jan/18/2012 23:37:25
749967,2012.PRES.SANTORUM,Rick Santorum to be elected President in 2012,180,0.3,Jan/19/2012 13:54:42
749967,2012.PRES.SANTORUM,Rick Santorum to be elected President in 2012,1,0.3,Jan/19/2012 13:54:42
749967,2012.PRES.SANTORUM,Rick Santorum to be elected President in 2012,10,0.3,Jan/19/2012 13:54:42
749967,2012.PRES.SANTORUM,Rick Santorum to be elected President in 2012,63,0.3,Jan/19/2012 13:54:42
749967,2012.PRES.SANTORUM,Rick Santorum to be elected President in 2012,6,0.3,Jan/19/2012 13:54:42
749967,2012.PRES.SANTORUM,Rick Santorum to be elected President in 2012,150,0.3,Jan/19/2012 15:01:10
749967,2012.PRES.SANTORUM,Rick Santorum to be elected President in 2012,99,0.3,Jan/19/2012 15:14:14
749967,2012.PRES.SANTORUM,Rick Santorum to be elected President in 2012,97,0.3,Jan/19/2012 15:14:14
749967,2012.PRES.SANTORUM,Rick Santorum to be elected President in 2012,2,0.4,Jan/19/2012 15:14:49
749967,2012.PRES.SANTORUM,Rick Santorum to be elected President in 2012,1,0.4,Jan/19/2012 15:14:49
749967,2012.PRES.SANTORUM,Rick Santorum to be elected President in 2012,130,0.4,Jan/19/2012 15:14:49
749967,2012.PRES.SANTORUM,Rick Santorum to be elected President in 2012,99,0.4,Jan/19/2012 15:14:49
749967,2012.PRES.SANTORUM,Rick Santorum to be elected President in 2012,1,0.3,Jan/19/2012 15:14:49
749967,2012.PRES.SANTORUM,Rick Santorum to be elected President in 2012,1,0.5,Jan/19/2012 15:15:53
749967,2012.PRES.SANTORUM,Rick Santorum to be elected President in 2012,1,0.4,Jan/19/2012 15:15:53
749967,2012.PRES.SANTORUM,Rick Santorum to be elected President in 2012,5,0.3,Jan/19/2012 16:36:44
