market id,market symbol,market name,trade quantity,trade price,date/time [utc]
694865,PICTURE:UP.IN.THE.AIR,Up In the Air to win the Oscar,10,8.0,Nov/02/2009 20:08:43
694865,PICTURE:UP.IN.THE.AIR,Up In the Air to win the Oscar,15,8.0,Nov/03/2009 20:24:22
694865,PICTURE:UP.IN.THE.AIR,Up In the Air to win the Oscar,5,18.8,Nov/07/2009 17:07:11
694865,PICTURE:UP.IN.THE.AIR,Up In the Air to win the Oscar,2,20.0,Nov/13/2009 15:55:17
694865,PICTURE:UP.IN.THE.AIR,Up In the Air to win the Oscar,18,20.0,Nov/13/2009 18:36:32
694865,PICTURE:UP.IN.THE.AIR,Up In the Air to win the Oscar,10,30.0,Dec/03/2009 20:50:29
694865,PICTURE:UP.IN.THE.AIR,Up In the Air to win the Oscar,1,35.0,Dec/06/2009 18:23:28
694865,PICTURE:UP.IN.THE.AIR,Up In the Air to win the Oscar,10,54.9,Dec/09/2009 15:28:38
694865,PICTURE:UP.IN.THE.AIR,Up In the Air to win the Oscar,20,40.0,Dec/10/2009 02:29:04
694865,PICTURE:UP.IN.THE.AIR,Up In the Air to win the Oscar,20,40.1,Dec/10/2009 02:29:04
694865,PICTURE:UP.IN.THE.AIR,Up In the Air to win the Oscar,20,45.0,Dec/11/2009 01:14:32
694865,PICTURE:UP.IN.THE.AIR,Up In the Air to win the Oscar,10,45.9,Dec/11/2009 01:14:54
694865,PICTURE:UP.IN.THE.AIR,Up In the Air to win the Oscar,10,45.7,Dec/11/2009 01:14:54
694865,PICTURE:UP.IN.THE.AIR,Up In the Air to win the Oscar,10,45.6,Dec/11/2009 01:14:54
694865,PICTURE:UP.IN.THE.AIR,Up In the Air to win the Oscar,10,45.5,Dec/11/2009 01:14:54
694865,PICTURE:UP.IN.THE.AIR,Up In the Air to win the Oscar,10,30.0,Dec/11/2009 17:44:43
694865,PICTURE:UP.IN.THE.AIR,Up In the Air to win the Oscar,2,30.4,Dec/12/2009 06:44:14
694865,PICTURE:UP.IN.THE.AIR,Up In the Air to win the Oscar,2,30.4,Dec/12/2009 12:19:36
694865,PICTURE:UP.IN.THE.AIR,Up In the Air to win the Oscar,8,43.7,Dec/13/2009 10:05:24
694865,PICTURE:UP.IN.THE.AIR,Up In the Air to win the Oscar,5,42.0,Dec/13/2009 10:05:24
694865,PICTURE:UP.IN.THE.AIR,Up In the Air to win the Oscar,1,41.8,Dec/13/2009 10:05:24
694865,PICTURE:UP.IN.THE.AIR,Up In the Air to win the Oscar,3,43.6,Dec/13/2009 10:05:24
694865,PICTURE:UP.IN.THE.AIR,Up In the Air to win the Oscar,5,35.0,Dec/14/2009 13:59:41
694865,PICTURE:UP.IN.THE.AIR,Up In the Air to win the Oscar,30,33.0,Dec/14/2009 19:52:45
694865,PICTURE:UP.IN.THE.AIR,Up In the Air to win the Oscar,1,32.0,Dec/16/2009 14:04:12
694865,PICTURE:UP.IN.THE.AIR,Up In the Air to win the Oscar,1,32.9,Dec/16/2009 14:04:12
694865,PICTURE:UP.IN.THE.AIR,Up In the Air to win the Oscar,10,33.0,Dec/16/2009 14:04:12
694865,PICTURE:UP.IN.THE.AIR,Up In the Air to win the Oscar,2,25.1,Dec/17/2009 13:19:11
694865,PICTURE:UP.IN.THE.AIR,Up In the Air to win the Oscar,1,27.6,Dec/23/2009 09:01:31
694865,PICTURE:UP.IN.THE.AIR,Up In the Air to win the Oscar,1,27.6,Dec/23/2009 09:01:31
694865,PICTURE:UP.IN.THE.AIR,Up In the Air to win the Oscar,10,30.1,Dec/24/2009 15:05:50
694865,PICTURE:UP.IN.THE.AIR,Up In the Air to win the Oscar,22,31.0,Dec/24/2009 15:05:50
694865,PICTURE:UP.IN.THE.AIR,Up In the Air to win the Oscar,5,27.9,Dec/28/2009 01:24:36
694865,PICTURE:UP.IN.THE.AIR,Up In the Air to win the Oscar,1,27.8,Dec/28/2009 01:24:36
694865,PICTURE:UP.IN.THE.AIR,Up In the Air to win the Oscar,1,27.7,Dec/28/2009 01:24:36
694865,PICTURE:UP.IN.THE.AIR,Up In the Air to win the Oscar,1,27.6,Dec/28/2009 01:24:36
694865,PICTURE:UP.IN.THE.AIR,Up In the Air to win the Oscar,9,27.6,Dec/28/2009 01:24:36
694865,PICTURE:UP.IN.THE.AIR,Up In the Air to win the Oscar,20,27.5,Dec/28/2009 01:24:36
694865,PICTURE:UP.IN.THE.AIR,Up In the Air to win the Oscar,63,27.0,Dec/28/2009 01:34:00
694865,PICTURE:UP.IN.THE.AIR,Up In the Air to win the Oscar,2,34.9,Dec/30/2009 05:31:19
694865,PICTURE:UP.IN.THE.AIR,Up In the Air to win the Oscar,1,34.9,Dec/31/2009 00:34:42
694865,PICTURE:UP.IN.THE.AIR,Up In the Air to win the Oscar,1,28.9,Jan/05/2010 18:00:58
694865,PICTURE:UP.IN.THE.AIR,Up In the Air to win the Oscar,20,29.0,Jan/05/2010 18:00:58
694865,PICTURE:UP.IN.THE.AIR,Up In the Air to win the Oscar,12,32.0,Jan/06/2010 06:39:27
694865,PICTURE:UP.IN.THE.AIR,Up In the Air to win the Oscar,1,31.9,Jan/06/2010 06:39:27
694865,PICTURE:UP.IN.THE.AIR,Up In the Air to win the Oscar,1,36.9,Jan/08/2010 00:40:09
694865,PICTURE:UP.IN.THE.AIR,Up In the Air to win the Oscar,1,36.9,Jan/08/2010 00:40:09
694865,PICTURE:UP.IN.THE.AIR,Up In the Air to win the Oscar,1,36.9,Jan/08/2010 00:40:09
694865,PICTURE:UP.IN.THE.AIR,Up In the Air to win the Oscar,1,31.5,Jan/15/2010 03:38:56
694865,PICTURE:UP.IN.THE.AIR,Up In the Air to win the Oscar,1,30.2,Jan/15/2010 15:31:38
694865,PICTURE:UP.IN.THE.AIR,Up In the Air to win the Oscar,3,30.0,Jan/15/2010 15:31:38
694865,PICTURE:UP.IN.THE.AIR,Up In the Air to win the Oscar,5,27.4,Jan/15/2010 18:55:33
694865,PICTURE:UP.IN.THE.AIR,Up In the Air to win the Oscar,5,27.3,Jan/15/2010 18:55:33
694865,PICTURE:UP.IN.THE.AIR,Up In the Air to win the Oscar,1,26.0,Jan/15/2010 18:56:00
694865,PICTURE:UP.IN.THE.AIR,Up In the Air to win the Oscar,5,26.0,Jan/15/2010 18:56:00
694865,PICTURE:UP.IN.THE.AIR,Up In the Air to win the Oscar,1,25.1,Jan/15/2010 18:56:19
694865,PICTURE:UP.IN.THE.AIR,Up In the Air to win the Oscar,3,28.0,Jan/16/2010 10:52:38
694865,PICTURE:UP.IN.THE.AIR,Up In the Air to win the Oscar,1,27.0,Jan/17/2010 13:56:13
694865,PICTURE:UP.IN.THE.AIR,Up In the Air to win the Oscar,1,32.0,Jan/17/2010 14:16:34
694865,PICTURE:UP.IN.THE.AIR,Up In the Air to win the Oscar,1,33.2,Jan/17/2010 22:15:37
694865,PICTURE:UP.IN.THE.AIR,Up In the Air to win the Oscar,1,33.2,Jan/17/2010 22:15:37
694865,PICTURE:UP.IN.THE.AIR,Up In the Air to win the Oscar,10,30.0,Jan/18/2010 03:49:56
694865,PICTURE:UP.IN.THE.AIR,Up In the Air to win the Oscar,20,25.3,Jan/18/2010 03:57:00
694865,PICTURE:UP.IN.THE.AIR,Up In the Air to win the Oscar,1,20.1,Jan/18/2010 04:42:52
694865,PICTURE:UP.IN.THE.AIR,Up In the Air to win the Oscar,13,20.1,Jan/18/2010 18:24:58
694865,PICTURE:UP.IN.THE.AIR,Up In the Air to win the Oscar,1,21.0,Jan/19/2010 01:49:39
694865,PICTURE:UP.IN.THE.AIR,Up In the Air to win the Oscar,1,20.1,Jan/19/2010 03:39:35
694865,PICTURE:UP.IN.THE.AIR,Up In the Air to win the Oscar,1,17.0,Jan/21/2010 11:10:57
694865,PICTURE:UP.IN.THE.AIR,Up In the Air to win the Oscar,1,16.6,Jan/21/2010 11:10:57
694865,PICTURE:UP.IN.THE.AIR,Up In the Air to win the Oscar,5,18.0,Jan/21/2010 11:10:57
694865,PICTURE:UP.IN.THE.AIR,Up In the Air to win the Oscar,7,16.5,Jan/21/2010 11:10:57
694865,PICTURE:UP.IN.THE.AIR,Up In the Air to win the Oscar,1,16.6,Jan/21/2010 15:49:29
694865,PICTURE:UP.IN.THE.AIR,Up In the Air to win the Oscar,4,16.5,Jan/21/2010 17:46:21
694865,PICTURE:UP.IN.THE.AIR,Up In the Air to win the Oscar,1,16.6,Jan/21/2010 17:46:21
694865,PICTURE:UP.IN.THE.AIR,Up In the Air to win the Oscar,9,16.5,Jan/23/2010 23:39:57
694865,PICTURE:UP.IN.THE.AIR,Up In the Air to win the Oscar,8,16.0,Jan/23/2010 23:39:57
694865,PICTURE:UP.IN.THE.AIR,Up In the Air to win the Oscar,2,17.0,Jan/23/2010 23:39:57
694865,PICTURE:UP.IN.THE.AIR,Up In the Air to win the Oscar,1,17.1,Jan/23/2010 23:39:57
694865,PICTURE:UP.IN.THE.AIR,Up In the Air to win the Oscar,2,16.0,Jan/24/2010 17:20:42
694865,PICTURE:UP.IN.THE.AIR,Up In the Air to win the Oscar,3,15.0,Jan/24/2010 20:47:06
694865,PICTURE:UP.IN.THE.AIR,Up In the Air to win the Oscar,7,12.0,Jan/25/2010 11:12:49
694865,PICTURE:UP.IN.THE.AIR,Up In the Air to win the Oscar,1,9.5,Jan/27/2010 09:01:03
694865,PICTURE:UP.IN.THE.AIR,Up In the Air to win the Oscar,3,9.4,Jan/27/2010 09:01:03
694865,PICTURE:UP.IN.THE.AIR,Up In the Air to win the Oscar,6,8.3,Jan/28/2010 12:16:03
694865,PICTURE:UP.IN.THE.AIR,Up In the Air to win the Oscar,3,8.7,Jan/28/2010 12:16:03
694865,PICTURE:UP.IN.THE.AIR,Up In the Air to win the Oscar,1,9.2,Jan/28/2010 12:16:03
694865,PICTURE:UP.IN.THE.AIR,Up In the Air to win the Oscar,3,9.1,Jan/28/2010 12:16:03
694865,PICTURE:UP.IN.THE.AIR,Up In the Air to win the Oscar,6,8.6,Jan/28/2010 12:16:03
694865,PICTURE:UP.IN.THE.AIR,Up In the Air to win the Oscar,7,8.2,Jan/28/2010 12:16:03
694865,PICTURE:UP.IN.THE.AIR,Up In the Air to win the Oscar,1,7.9,Jan/28/2010 18:26:49
694865,PICTURE:UP.IN.THE.AIR,Up In the Air to win the Oscar,11,7.9,Jan/28/2010 18:26:49
694865,PICTURE:UP.IN.THE.AIR,Up In the Air to win the Oscar,1,7.4,Jan/29/2010 18:37:59
694865,PICTURE:UP.IN.THE.AIR,Up In the Air to win the Oscar,1,7.5,Jan/29/2010 18:37:59
694865,PICTURE:UP.IN.THE.AIR,Up In the Air to win the Oscar,2,7.7,Jan/29/2010 18:37:59
694865,PICTURE:UP.IN.THE.AIR,Up In the Air to win the Oscar,1,7.8,Jan/29/2010 18:37:59
694865,PICTURE:UP.IN.THE.AIR,Up In the Air to win the Oscar,5,7.6,Jan/29/2010 18:37:59
694865,PICTURE:UP.IN.THE.AIR,Up In the Air to win the Oscar,6,7.0,Jan/29/2010 18:38:27
694865,PICTURE:UP.IN.THE.AIR,Up In the Air to win the Oscar,1,7.4,Jan/29/2010 18:38:27
694865,PICTURE:UP.IN.THE.AIR,Up In the Air to win the Oscar,3,7.2,Jan/29/2010 18:38:27
694865,PICTURE:UP.IN.THE.AIR,Up In the Air to win the Oscar,4,7.1,Jan/29/2010 18:38:27
694865,PICTURE:UP.IN.THE.AIR,Up In the Air to win the Oscar,5,7.9,Jan/30/2010 13:27:25
694865,PICTURE:UP.IN.THE.AIR,Up In the Air to win the Oscar,2,7.5,Jan/31/2010 08:05:09
694865,PICTURE:UP.IN.THE.AIR,Up In the Air to win the Oscar,5,7.0,Jan/31/2010 08:26:11
694865,PICTURE:UP.IN.THE.AIR,Up In the Air to win the Oscar,3,7.5,Jan/31/2010 08:26:11
694865,PICTURE:UP.IN.THE.AIR,Up In the Air to win the Oscar,1,6.9,Jan/31/2010 08:26:11
694865,PICTURE:UP.IN.THE.AIR,Up In the Air to win the Oscar,2,6.8,Jan/31/2010 08:41:13
694865,PICTURE:UP.IN.THE.AIR,Up In the Air to win the Oscar,3,6.7,Jan/31/2010 08:41:19
694865,PICTURE:UP.IN.THE.AIR,Up In the Air to win the Oscar,4,6.6,Jan/31/2010 08:41:25
694865,PICTURE:UP.IN.THE.AIR,Up In the Air to win the Oscar,5,6.5,Jan/31/2010 08:41:32
694865,PICTURE:UP.IN.THE.AIR,Up In the Air to win the Oscar,6,6.4,Jan/31/2010 08:41:38
694865,PICTURE:UP.IN.THE.AIR,Up In the Air to win the Oscar,7,6.3,Jan/31/2010 08:41:44
694865,PICTURE:UP.IN.THE.AIR,Up In the Air to win the Oscar,8,6.2,Jan/31/2010 08:41:54
694865,PICTURE:UP.IN.THE.AIR,Up In the Air to win the Oscar,9,6.1,Jan/31/2010 08:42:01
694865,PICTURE:UP.IN.THE.AIR,Up In the Air to win the Oscar,8,6.0,Jan/31/2010 08:42:13
694865,PICTURE:UP.IN.THE.AIR,Up In the Air to win the Oscar,5,6.1,Jan/31/2010 08:42:35
694865,PICTURE:UP.IN.THE.AIR,Up In the Air to win the Oscar,1,5.9,Jan/31/2010 17:03:25
694865,PICTURE:UP.IN.THE.AIR,Up In the Air to win the Oscar,2,5.8,Jan/31/2010 17:03:30
694865,PICTURE:UP.IN.THE.AIR,Up In the Air to win the Oscar,3,5.7,Jan/31/2010 17:13:54
694865,PICTURE:UP.IN.THE.AIR,Up In the Air to win the Oscar,1,5.5,Jan/31/2010 17:13:54
694865,PICTURE:UP.IN.THE.AIR,Up In the Air to win the Oscar,2,5.4,Jan/31/2010 17:28:37
694865,PICTURE:UP.IN.THE.AIR,Up In the Air to win the Oscar,3,5.3,Jan/31/2010 17:28:42
694865,PICTURE:UP.IN.THE.AIR,Up In the Air to win the Oscar,4,5.2,Jan/31/2010 17:28:50
694865,PICTURE:UP.IN.THE.AIR,Up In the Air to win the Oscar,5,5.1,Jan/31/2010 17:30:24
694865,PICTURE:UP.IN.THE.AIR,Up In the Air to win the Oscar,21,5.1,Jan/31/2010 17:30:24
694865,PICTURE:UP.IN.THE.AIR,Up In the Air to win the Oscar,2,5.1,Feb/01/2010 01:55:09
694865,PICTURE:UP.IN.THE.AIR,Up In the Air to win the Oscar,1,5.1,Feb/01/2010 13:21:11
694865,PICTURE:UP.IN.THE.AIR,Up In the Air to win the Oscar,6,4.5,Feb/01/2010 17:12:58
694865,PICTURE:UP.IN.THE.AIR,Up In the Air to win the Oscar,20,3.5,Feb/02/2010 00:10:55
694865,PICTURE:UP.IN.THE.AIR,Up In the Air to win the Oscar,5,4.8,Feb/02/2010 06:26:02
694865,PICTURE:UP.IN.THE.AIR,Up In the Air to win the Oscar,5,4.6,Feb/02/2010 06:26:02
694865,PICTURE:UP.IN.THE.AIR,Up In the Air to win the Oscar,5,4.7,Feb/02/2010 06:26:02
694865,PICTURE:UP.IN.THE.AIR,Up In the Air to win the Oscar,5,4.9,Feb/02/2010 06:26:02
694865,PICTURE:UP.IN.THE.AIR,Up In the Air to win the Oscar,5,5.0,Feb/02/2010 06:26:02
694865,PICTURE:UP.IN.THE.AIR,Up In the Air to win the Oscar,1,6.1,Feb/02/2010 06:33:02
694865,PICTURE:UP.IN.THE.AIR,Up In the Air to win the Oscar,9,3.7,Feb/02/2010 10:40:31
694865,PICTURE:UP.IN.THE.AIR,Up In the Air to win the Oscar,1,3.8,Feb/02/2010 10:40:31
694865,PICTURE:UP.IN.THE.AIR,Up In the Air to win the Oscar,5,6.4,Feb/02/2010 12:48:04
694865,PICTURE:UP.IN.THE.AIR,Up In the Air to win the Oscar,19,6.4,Feb/02/2010 14:28:30
694865,PICTURE:UP.IN.THE.AIR,Up In the Air to win the Oscar,1,6.3,Feb/02/2010 14:28:30
694865,PICTURE:UP.IN.THE.AIR,Up In the Air to win the Oscar,1,5.1,Feb/02/2010 15:10:04
694865,PICTURE:UP.IN.THE.AIR,Up In the Air to win the Oscar,3,4.9,Feb/02/2010 15:37:20
694865,PICTURE:UP.IN.THE.AIR,Up In the Air to win the Oscar,2,5.0,Feb/02/2010 15:37:20
694865,PICTURE:UP.IN.THE.AIR,Up In the Air to win the Oscar,5,4.3,Feb/02/2010 17:08:40
694865,PICTURE:UP.IN.THE.AIR,Up In the Air to win the Oscar,1,4.2,Feb/02/2010 17:10:19
694865,PICTURE:UP.IN.THE.AIR,Up In the Air to win the Oscar,9,4.0,Feb/02/2010 17:10:19
694865,PICTURE:UP.IN.THE.AIR,Up In the Air to win the Oscar,9,3.9,Feb/02/2010 17:11:17
694865,PICTURE:UP.IN.THE.AIR,Up In the Air to win the Oscar,1,4.0,Feb/02/2010 17:11:17
694865,PICTURE:UP.IN.THE.AIR,Up In the Air to win the Oscar,4,3.8,Feb/02/2010 17:12:48
694865,PICTURE:UP.IN.THE.AIR,Up In the Air to win the Oscar,1,3.9,Feb/02/2010 17:12:48
694865,PICTURE:UP.IN.THE.AIR,Up In the Air to win the Oscar,10,3.8,Feb/02/2010 17:16:17
694865,PICTURE:UP.IN.THE.AIR,Up In the Air to win the Oscar,10,3.2,Feb/02/2010 17:34:36
694865,PICTURE:UP.IN.THE.AIR,Up In the Air to win the Oscar,5,3.2,Feb/02/2010 17:36:54
694865,PICTURE:UP.IN.THE.AIR,Up In the Air to win the Oscar,5,3.3,Feb/02/2010 17:36:54
694865,PICTURE:UP.IN.THE.AIR,Up In the Air to win the Oscar,10,4.0,Feb/02/2010 17:59:33
694865,PICTURE:UP.IN.THE.AIR,Up In the Air to win the Oscar,5,3.3,Feb/02/2010 18:28:40
694865,PICTURE:UP.IN.THE.AIR,Up In the Air to win the Oscar,1,3.4,Feb/02/2010 18:28:40
694865,PICTURE:UP.IN.THE.AIR,Up In the Air to win the Oscar,1,3.2,Feb/02/2010 18:28:40
694865,PICTURE:UP.IN.THE.AIR,Up In the Air to win the Oscar,20,3.7,Feb/02/2010 18:48:30
694865,PICTURE:UP.IN.THE.AIR,Up In the Air to win the Oscar,3,3.4,Feb/02/2010 19:30:39
694865,PICTURE:UP.IN.THE.AIR,Up In the Air to win the Oscar,10,3.5,Feb/02/2010 19:37:37
694865,PICTURE:UP.IN.THE.AIR,Up In the Air to win the Oscar,1,3.8,Feb/02/2010 19:41:49
694865,PICTURE:UP.IN.THE.AIR,Up In the Air to win the Oscar,2,3.8,Feb/02/2010 20:56:55
694865,PICTURE:UP.IN.THE.AIR,Up In the Air to win the Oscar,3,3.9,Feb/02/2010 20:58:22
694865,PICTURE:UP.IN.THE.AIR,Up In the Air to win the Oscar,5,3.6,Feb/02/2010 22:02:16
694865,PICTURE:UP.IN.THE.AIR,Up In the Air to win the Oscar,2,3.9,Feb/02/2010 22:02:16
694865,PICTURE:UP.IN.THE.AIR,Up In the Air to win the Oscar,1,3.6,Feb/02/2010 22:02:16
694865,PICTURE:UP.IN.THE.AIR,Up In the Air to win the Oscar,2,3.6,Feb/02/2010 22:02:16
694865,PICTURE:UP.IN.THE.AIR,Up In the Air to win the Oscar,22,3.5,Feb/02/2010 22:47:03
694865,PICTURE:UP.IN.THE.AIR,Up In the Air to win the Oscar,9,3.5,Feb/03/2010 03:34:25
694865,PICTURE:UP.IN.THE.AIR,Up In the Air to win the Oscar,1,3.5,Feb/03/2010 03:34:25
694865,PICTURE:UP.IN.THE.AIR,Up In the Air to win the Oscar,19,3.5,Feb/03/2010 05:01:05
694865,PICTURE:UP.IN.THE.AIR,Up In the Air to win the Oscar,1,3.5,Feb/03/2010 05:01:05
694865,PICTURE:UP.IN.THE.AIR,Up In the Air to win the Oscar,1,4.1,Feb/03/2010 11:22:34
694865,PICTURE:UP.IN.THE.AIR,Up In the Air to win the Oscar,3,3.9,Feb/03/2010 11:22:34
694865,PICTURE:UP.IN.THE.AIR,Up In the Air to win the Oscar,3,3.8,Feb/03/2010 11:22:34
694865,PICTURE:UP.IN.THE.AIR,Up In the Air to win the Oscar,3,4.0,Feb/03/2010 11:22:34
694865,PICTURE:UP.IN.THE.AIR,Up In the Air to win the Oscar,2,2.8,Feb/03/2010 12:15:15
694865,PICTURE:UP.IN.THE.AIR,Up In the Air to win the Oscar,10,3.1,Feb/03/2010 12:15:15
694865,PICTURE:UP.IN.THE.AIR,Up In the Air to win the Oscar,37,3.4,Feb/03/2010 12:15:15
694865,PICTURE:UP.IN.THE.AIR,Up In the Air to win the Oscar,10,2.9,Feb/03/2010 12:15:15
694865,PICTURE:UP.IN.THE.AIR,Up In the Air to win the Oscar,1,3.5,Feb/03/2010 12:15:15
694865,PICTURE:UP.IN.THE.AIR,Up In the Air to win the Oscar,3,3.4,Feb/03/2010 16:11:40
694865,PICTURE:UP.IN.THE.AIR,Up In the Air to win the Oscar,3,3.4,Feb/03/2010 16:11:40
694865,PICTURE:UP.IN.THE.AIR,Up In the Air to win the Oscar,14,3.4,Feb/03/2010 19:20:57
694865,PICTURE:UP.IN.THE.AIR,Up In the Air to win the Oscar,1,3.3,Feb/03/2010 19:20:57
694865,PICTURE:UP.IN.THE.AIR,Up In the Air to win the Oscar,1,3.3,Feb/03/2010 19:20:57
694865,PICTURE:UP.IN.THE.AIR,Up In the Air to win the Oscar,2,3.2,Feb/03/2010 19:20:57
694865,PICTURE:UP.IN.THE.AIR,Up In the Air to win the Oscar,1,3.3,Feb/03/2010 19:20:57
694865,PICTURE:UP.IN.THE.AIR,Up In the Air to win the Oscar,1,3.2,Feb/03/2010 19:20:57
694865,PICTURE:UP.IN.THE.AIR,Up In the Air to win the Oscar,3,3.1,Feb/03/2010 19:21:41
694865,PICTURE:UP.IN.THE.AIR,Up In the Air to win the Oscar,6,3.0,Feb/03/2010 19:21:41
694865,PICTURE:UP.IN.THE.AIR,Up In the Air to win the Oscar,1,3.1,Feb/03/2010 19:21:41
694865,PICTURE:UP.IN.THE.AIR,Up In the Air to win the Oscar,10,3.1,Feb/03/2010 19:22:48
694865,PICTURE:UP.IN.THE.AIR,Up In the Air to win the Oscar,2,3.2,Feb/03/2010 19:24:09
694865,PICTURE:UP.IN.THE.AIR,Up In the Air to win the Oscar,8,3.3,Feb/03/2010 19:24:09
694865,PICTURE:UP.IN.THE.AIR,Up In the Air to win the Oscar,3,3.5,Feb/03/2010 20:27:41
694865,PICTURE:UP.IN.THE.AIR,Up In the Air to win the Oscar,2,3.6,Feb/03/2010 20:27:41
694865,PICTURE:UP.IN.THE.AIR,Up In the Air to win the Oscar,20,3.3,Feb/04/2010 02:20:18
694865,PICTURE:UP.IN.THE.AIR,Up In the Air to win the Oscar,5,3.2,Feb/04/2010 02:20:18
694865,PICTURE:UP.IN.THE.AIR,Up In the Air to win the Oscar,10,3.4,Feb/04/2010 02:20:18
694865,PICTURE:UP.IN.THE.AIR,Up In the Air to win the Oscar,7,3.1,Feb/04/2010 02:20:18
694865,PICTURE:UP.IN.THE.AIR,Up In the Air to win the Oscar,8,3.2,Feb/04/2010 02:20:18
694865,PICTURE:UP.IN.THE.AIR,Up In the Air to win the Oscar,3,3.1,Feb/04/2010 02:22:23
694865,PICTURE:UP.IN.THE.AIR,Up In the Air to win the Oscar,1,3.0,Feb/04/2010 02:22:23
694865,PICTURE:UP.IN.THE.AIR,Up In the Air to win the Oscar,4,3.0,Feb/04/2010 02:22:23
694865,PICTURE:UP.IN.THE.AIR,Up In the Air to win the Oscar,2,2.8,Feb/04/2010 02:22:23
694865,PICTURE:UP.IN.THE.AIR,Up In the Air to win the Oscar,10,2.9,Feb/04/2010 02:22:23
694865,PICTURE:UP.IN.THE.AIR,Up In the Air to win the Oscar,3,3.4,Feb/04/2010 03:10:19
694865,PICTURE:UP.IN.THE.AIR,Up In the Air to win the Oscar,4,2.5,Feb/04/2010 03:42:15
694865,PICTURE:UP.IN.THE.AIR,Up In the Air to win the Oscar,10,2.9,Feb/04/2010 03:42:15
694865,PICTURE:UP.IN.THE.AIR,Up In the Air to win the Oscar,16,2.8,Feb/04/2010 03:42:15
694865,PICTURE:UP.IN.THE.AIR,Up In the Air to win the Oscar,20,2.5,Feb/04/2010 03:43:20
694865,PICTURE:UP.IN.THE.AIR,Up In the Air to win the Oscar,6,2.5,Feb/04/2010 03:43:20
694865,PICTURE:UP.IN.THE.AIR,Up In the Air to win the Oscar,4,2.4,Feb/04/2010 03:43:20
694865,PICTURE:UP.IN.THE.AIR,Up In the Air to win the Oscar,14,2.3,Feb/04/2010 03:46:01
694865,PICTURE:UP.IN.THE.AIR,Up In the Air to win the Oscar,6,2.4,Feb/04/2010 03:46:01
694865,PICTURE:UP.IN.THE.AIR,Up In the Air to win the Oscar,20,2.2,Feb/04/2010 03:47:32
694865,PICTURE:UP.IN.THE.AIR,Up In the Air to win the Oscar,6,2.3,Feb/04/2010 03:47:32
694865,PICTURE:UP.IN.THE.AIR,Up In the Air to win the Oscar,10,2.1,Feb/04/2010 03:47:32
694865,PICTURE:UP.IN.THE.AIR,Up In the Air to win the Oscar,14,1.9,Feb/04/2010 03:47:32
694865,PICTURE:UP.IN.THE.AIR,Up In the Air to win the Oscar,5,3.0,Feb/04/2010 04:08:09
694865,PICTURE:UP.IN.THE.AIR,Up In the Air to win the Oscar,2,3.6,Feb/04/2010 04:08:09
694865,PICTURE:UP.IN.THE.AIR,Up In the Air to win the Oscar,3,3.5,Feb/04/2010 04:08:09
694865,PICTURE:UP.IN.THE.AIR,Up In the Air to win the Oscar,3,3.4,Feb/04/2010 04:08:09
694865,PICTURE:UP.IN.THE.AIR,Up In the Air to win the Oscar,3,3.3,Feb/04/2010 04:08:09
694865,PICTURE:UP.IN.THE.AIR,Up In the Air to win the Oscar,5,3.5,Feb/04/2010 04:08:09
694865,PICTURE:UP.IN.THE.AIR,Up In the Air to win the Oscar,5,3.4,Feb/04/2010 04:08:09
694865,PICTURE:UP.IN.THE.AIR,Up In the Air to win the Oscar,5,3.3,Feb/04/2010 04:08:09
694865,PICTURE:UP.IN.THE.AIR,Up In the Air to win the Oscar,5,3.2,Feb/04/2010 04:08:09
694865,PICTURE:UP.IN.THE.AIR,Up In the Air to win the Oscar,5,3.1,Feb/04/2010 04:08:09
694865,PICTURE:UP.IN.THE.AIR,Up In the Air to win the Oscar,5,3.5,Feb/04/2010 04:08:09
694865,PICTURE:UP.IN.THE.AIR,Up In the Air to win the Oscar,10,4.1,Feb/04/2010 04:08:09
694865,PICTURE:UP.IN.THE.AIR,Up In the Air to win the Oscar,10,3.9,Feb/04/2010 04:08:09
694865,PICTURE:UP.IN.THE.AIR,Up In the Air to win the Oscar,3,4.2,Feb/04/2010 04:08:09
694865,PICTURE:UP.IN.THE.AIR,Up In the Air to win the Oscar,2,4.1,Feb/04/2010 04:08:09
694865,PICTURE:UP.IN.THE.AIR,Up In the Air to win the Oscar,3,4.1,Feb/04/2010 04:08:09
694865,PICTURE:UP.IN.THE.AIR,Up In the Air to win the Oscar,3,4.0,Feb/04/2010 04:08:09
694865,PICTURE:UP.IN.THE.AIR,Up In the Air to win the Oscar,3,3.9,Feb/04/2010 04:08:09
694865,PICTURE:UP.IN.THE.AIR,Up In the Air to win the Oscar,3,3.8,Feb/04/2010 04:08:09
694865,PICTURE:UP.IN.THE.AIR,Up In the Air to win the Oscar,3,3.7,Feb/04/2010 04:08:09
694865,PICTURE:UP.IN.THE.AIR,Up In the Air to win the Oscar,1,3.6,Feb/04/2010 04:08:09
694865,PICTURE:UP.IN.THE.AIR,Up In the Air to win the Oscar,13,4.2,Feb/04/2010 04:08:32
694865,PICTURE:UP.IN.THE.AIR,Up In the Air to win the Oscar,3,3.9,Feb/04/2010 05:17:46
694865,PICTURE:UP.IN.THE.AIR,Up In the Air to win the Oscar,3,3.8,Feb/04/2010 05:17:46
694865,PICTURE:UP.IN.THE.AIR,Up In the Air to win the Oscar,3,3.7,Feb/04/2010 05:17:46
694865,PICTURE:UP.IN.THE.AIR,Up In the Air to win the Oscar,1,3.9,Feb/04/2010 05:17:46
694865,PICTURE:UP.IN.THE.AIR,Up In the Air to win the Oscar,10,2.7,Feb/04/2010 05:28:50
694865,PICTURE:UP.IN.THE.AIR,Up In the Air to win the Oscar,5,2.9,Feb/04/2010 05:28:50
694865,PICTURE:UP.IN.THE.AIR,Up In the Air to win the Oscar,5,2.8,Feb/04/2010 05:28:50
694865,PICTURE:UP.IN.THE.AIR,Up In the Air to win the Oscar,5,2.7,Feb/04/2010 05:28:50
694865,PICTURE:UP.IN.THE.AIR,Up In the Air to win the Oscar,5,2.4,Feb/04/2010 05:28:50
694865,PICTURE:UP.IN.THE.AIR,Up In the Air to win the Oscar,10,2.6,Feb/04/2010 05:28:50
694865,PICTURE:UP.IN.THE.AIR,Up In the Air to win the Oscar,10,2.5,Feb/04/2010 05:28:50
694865,PICTURE:UP.IN.THE.AIR,Up In the Air to win the Oscar,3,3.8,Feb/04/2010 06:36:11
694865,PICTURE:UP.IN.THE.AIR,Up In the Air to win the Oscar,10,2.8,Feb/04/2010 22:27:03
694865,PICTURE:UP.IN.THE.AIR,Up In the Air to win the Oscar,5,2.6,Feb/04/2010 22:27:03
694865,PICTURE:UP.IN.THE.AIR,Up In the Air to win the Oscar,10,2.7,Feb/04/2010 22:27:03
694865,PICTURE:UP.IN.THE.AIR,Up In the Air to win the Oscar,10,2.9,Feb/04/2010 22:27:03
694865,PICTURE:UP.IN.THE.AIR,Up In the Air to win the Oscar,10,3.1,Feb/04/2010 22:27:03
694865,PICTURE:UP.IN.THE.AIR,Up In the Air to win the Oscar,5,2.7,Feb/04/2010 22:27:03
694865,PICTURE:UP.IN.THE.AIR,Up In the Air to win the Oscar,5,2.3,Feb/04/2010 22:28:20
694865,PICTURE:UP.IN.THE.AIR,Up In the Air to win the Oscar,10,2.3,Feb/04/2010 22:28:20
694865,PICTURE:UP.IN.THE.AIR,Up In the Air to win the Oscar,10,2.5,Feb/04/2010 22:28:20
694865,PICTURE:UP.IN.THE.AIR,Up In the Air to win the Oscar,20,2.4,Feb/04/2010 22:28:20
694865,PICTURE:UP.IN.THE.AIR,Up In the Air to win the Oscar,5,2.6,Feb/04/2010 22:28:20
694865,PICTURE:UP.IN.THE.AIR,Up In the Air to win the Oscar,5,2.9,Feb/05/2010 00:11:52
694865,PICTURE:UP.IN.THE.AIR,Up In the Air to win the Oscar,10,2.5,Feb/05/2010 01:22:47
694865,PICTURE:UP.IN.THE.AIR,Up In the Air to win the Oscar,10,2.7,Feb/05/2010 01:22:47
694865,PICTURE:UP.IN.THE.AIR,Up In the Air to win the Oscar,10,2.4,Feb/05/2010 01:22:47
694865,PICTURE:UP.IN.THE.AIR,Up In the Air to win the Oscar,10,2.6,Feb/05/2010 01:22:47
694865,PICTURE:UP.IN.THE.AIR,Up In the Air to win the Oscar,10,2.8,Feb/05/2010 01:22:47
694865,PICTURE:UP.IN.THE.AIR,Up In the Air to win the Oscar,32,2.3,Feb/05/2010 01:25:12
694865,PICTURE:UP.IN.THE.AIR,Up In the Air to win the Oscar,5,2.3,Feb/05/2010 01:25:12
694865,PICTURE:UP.IN.THE.AIR,Up In the Air to win the Oscar,10,2.4,Feb/05/2010 01:25:12
694865,PICTURE:UP.IN.THE.AIR,Up In the Air to win the Oscar,3,2.2,Feb/05/2010 01:25:12
694865,PICTURE:UP.IN.THE.AIR,Up In the Air to win the Oscar,1,2.8,Feb/05/2010 01:56:06
694865,PICTURE:UP.IN.THE.AIR,Up In the Air to win the Oscar,26,2.3,Feb/05/2010 09:58:02
694865,PICTURE:UP.IN.THE.AIR,Up In the Air to win the Oscar,1,2.6,Feb/06/2010 09:21:52
694865,PICTURE:UP.IN.THE.AIR,Up In the Air to win the Oscar,1,2.7,Feb/06/2010 09:22:01
694865,PICTURE:UP.IN.THE.AIR,Up In the Air to win the Oscar,10,2.9,Feb/06/2010 20:27:16
694865,PICTURE:UP.IN.THE.AIR,Up In the Air to win the Oscar,10,2.9,Feb/06/2010 20:27:16
694865,PICTURE:UP.IN.THE.AIR,Up In the Air to win the Oscar,20,3.0,Feb/07/2010 00:38:35
694865,PICTURE:UP.IN.THE.AIR,Up In the Air to win the Oscar,5,3.0,Feb/07/2010 00:38:35
694865,PICTURE:UP.IN.THE.AIR,Up In the Air to win the Oscar,5,3.0,Feb/07/2010 00:38:35
694865,PICTURE:UP.IN.THE.AIR,Up In the Air to win the Oscar,10,3.0,Feb/07/2010 00:38:35
694865,PICTURE:UP.IN.THE.AIR,Up In the Air to win the Oscar,5,3.1,Feb/07/2010 09:07:33
694865,PICTURE:UP.IN.THE.AIR,Up In the Air to win the Oscar,10,3.1,Feb/07/2010 09:07:33
694865,PICTURE:UP.IN.THE.AIR,Up In the Air to win the Oscar,5,3.0,Feb/07/2010 09:07:33
694865,PICTURE:UP.IN.THE.AIR,Up In the Air to win the Oscar,10,3.2,Feb/07/2010 10:25:17
694865,PICTURE:UP.IN.THE.AIR,Up In the Air to win the Oscar,5,3.2,Feb/07/2010 10:25:17
694865,PICTURE:UP.IN.THE.AIR,Up In the Air to win the Oscar,5,3.2,Feb/07/2010 10:25:17
694865,PICTURE:UP.IN.THE.AIR,Up In the Air to win the Oscar,10,2.9,Feb/07/2010 20:33:42
694865,PICTURE:UP.IN.THE.AIR,Up In the Air to win the Oscar,10,2.9,Feb/07/2010 20:34:40
694865,PICTURE:UP.IN.THE.AIR,Up In the Air to win the Oscar,40,2.9,Feb/07/2010 20:34:40
694865,PICTURE:UP.IN.THE.AIR,Up In the Air to win the Oscar,50,2.8,Feb/07/2010 20:35:52
694865,PICTURE:UP.IN.THE.AIR,Up In the Air to win the Oscar,4,2.6,Feb/07/2010 23:54:53
694865,PICTURE:UP.IN.THE.AIR,Up In the Air to win the Oscar,1,2.7,Feb/07/2010 23:54:53
694865,PICTURE:UP.IN.THE.AIR,Up In the Air to win the Oscar,5,2.6,Feb/08/2010 00:00:51
694865,PICTURE:UP.IN.THE.AIR,Up In the Air to win the Oscar,1,2.6,Feb/08/2010 10:19:06
694865,PICTURE:UP.IN.THE.AIR,Up In the Air to win the Oscar,10,2.7,Feb/08/2010 14:57:57
694865,PICTURE:UP.IN.THE.AIR,Up In the Air to win the Oscar,4,2.6,Feb/08/2010 23:04:06
694865,PICTURE:UP.IN.THE.AIR,Up In the Air to win the Oscar,6,2.5,Feb/08/2010 23:04:06
694865,PICTURE:UP.IN.THE.AIR,Up In the Air to win the Oscar,10,2.5,Feb/08/2010 23:04:43
694865,PICTURE:UP.IN.THE.AIR,Up In the Air to win the Oscar,10,2.5,Feb/08/2010 23:05:27
694865,PICTURE:UP.IN.THE.AIR,Up In the Air to win the Oscar,5,2.5,Feb/08/2010 23:09:31
694865,PICTURE:UP.IN.THE.AIR,Up In the Air to win the Oscar,10,2.9,Feb/09/2010 03:07:34
694865,PICTURE:UP.IN.THE.AIR,Up In the Air to win the Oscar,10,2.7,Feb/09/2010 03:07:34
694865,PICTURE:UP.IN.THE.AIR,Up In the Air to win the Oscar,10,2.7,Feb/09/2010 03:07:34
694865,PICTURE:UP.IN.THE.AIR,Up In the Air to win the Oscar,10,2.9,Feb/09/2010 03:07:34
694865,PICTURE:UP.IN.THE.AIR,Up In the Air to win the Oscar,10,2.8,Feb/09/2010 03:07:34
694865,PICTURE:UP.IN.THE.AIR,Up In the Air to win the Oscar,10,2.7,Feb/09/2010 13:42:33
694865,PICTURE:UP.IN.THE.AIR,Up In the Air to win the Oscar,10,2.8,Feb/09/2010 13:42:46
694865,PICTURE:UP.IN.THE.AIR,Up In the Air to win the Oscar,10,2.9,Feb/09/2010 13:42:55
694865,PICTURE:UP.IN.THE.AIR,Up In the Air to win the Oscar,10,3.0,Feb/09/2010 13:43:10
694865,PICTURE:UP.IN.THE.AIR,Up In the Air to win the Oscar,30,3.0,Feb/09/2010 13:43:10
694865,PICTURE:UP.IN.THE.AIR,Up In the Air to win the Oscar,6,2.6,Feb/10/2010 09:56:29
694865,PICTURE:UP.IN.THE.AIR,Up In the Air to win the Oscar,46,3.0,Feb/10/2010 19:26:10
694865,PICTURE:UP.IN.THE.AIR,Up In the Air to win the Oscar,10,3.1,Feb/10/2010 19:39:01
694865,PICTURE:UP.IN.THE.AIR,Up In the Air to win the Oscar,30,3.1,Feb/10/2010 19:39:01
694865,PICTURE:UP.IN.THE.AIR,Up In the Air to win the Oscar,15,3.2,Feb/10/2010 19:43:39
694865,PICTURE:UP.IN.THE.AIR,Up In the Air to win the Oscar,5,2.6,Feb/11/2010 02:39:18
694865,PICTURE:UP.IN.THE.AIR,Up In the Air to win the Oscar,5,2.6,Feb/11/2010 02:41:58
694865,PICTURE:UP.IN.THE.AIR,Up In the Air to win the Oscar,5,2.6,Feb/11/2010 02:42:08
694865,PICTURE:UP.IN.THE.AIR,Up In the Air to win the Oscar,5,2.6,Feb/11/2010 02:42:32
694865,PICTURE:UP.IN.THE.AIR,Up In the Air to win the Oscar,5,2.6,Feb/11/2010 03:03:21
694865,PICTURE:UP.IN.THE.AIR,Up In the Air to win the Oscar,4,2.6,Feb/11/2010 03:03:30
694865,PICTURE:UP.IN.THE.AIR,Up In the Air to win the Oscar,1,2.6,Feb/11/2010 03:03:30
694865,PICTURE:UP.IN.THE.AIR,Up In the Air to win the Oscar,5,2.6,Feb/11/2010 03:03:39
694865,PICTURE:UP.IN.THE.AIR,Up In the Air to win the Oscar,5,2.6,Feb/11/2010 03:04:08
694865,PICTURE:UP.IN.THE.AIR,Up In the Air to win the Oscar,10,2.9,Feb/11/2010 03:59:05
694865,PICTURE:UP.IN.THE.AIR,Up In the Air to win the Oscar,30,2.6,Feb/11/2010 13:28:13
694865,PICTURE:UP.IN.THE.AIR,Up In the Air to win the Oscar,5,2.6,Feb/11/2010 13:29:09
694865,PICTURE:UP.IN.THE.AIR,Up In the Air to win the Oscar,1,2.5,Feb/11/2010 13:29:59
694865,PICTURE:UP.IN.THE.AIR,Up In the Air to win the Oscar,4,2.6,Feb/11/2010 13:29:59
694865,PICTURE:UP.IN.THE.AIR,Up In the Air to win the Oscar,5,2.5,Feb/11/2010 13:30:12
694865,PICTURE:UP.IN.THE.AIR,Up In the Air to win the Oscar,5,2.5,Feb/11/2010 14:21:46
694865,PICTURE:UP.IN.THE.AIR,Up In the Air to win the Oscar,5,2.5,Feb/11/2010 14:21:55
694865,PICTURE:UP.IN.THE.AIR,Up In the Air to win the Oscar,5,2.5,Feb/11/2010 14:21:58
694865,PICTURE:UP.IN.THE.AIR,Up In the Air to win the Oscar,4,2.5,Feb/11/2010 14:22:15
694865,PICTURE:UP.IN.THE.AIR,Up In the Air to win the Oscar,1,2.5,Feb/11/2010 14:22:15
694865,PICTURE:UP.IN.THE.AIR,Up In the Air to win the Oscar,1,2.5,Feb/11/2010 15:32:42
694865,PICTURE:UP.IN.THE.AIR,Up In the Air to win the Oscar,10,2.8,Feb/12/2010 13:59:36
694865,PICTURE:UP.IN.THE.AIR,Up In the Air to win the Oscar,48,2.5,Feb/12/2010 20:09:21
694865,PICTURE:UP.IN.THE.AIR,Up In the Air to win the Oscar,50,2.4,Feb/12/2010 20:09:21
694865,PICTURE:UP.IN.THE.AIR,Up In the Air to win the Oscar,1,2.2,Feb/12/2010 20:09:21
694865,PICTURE:UP.IN.THE.AIR,Up In the Air to win the Oscar,49,2.2,Feb/12/2010 20:25:09
694865,PICTURE:UP.IN.THE.AIR,Up In the Air to win the Oscar,1,1.6,Feb/12/2010 20:40:08
694865,PICTURE:UP.IN.THE.AIR,Up In the Air to win the Oscar,50,2.2,Feb/13/2010 15:38:38
694865,PICTURE:UP.IN.THE.AIR,Up In the Air to win the Oscar,10,2.3,Feb/13/2010 22:26:37
694865,PICTURE:UP.IN.THE.AIR,Up In the Air to win the Oscar,10,2.3,Feb/13/2010 22:26:58
694865,PICTURE:UP.IN.THE.AIR,Up In the Air to win the Oscar,1,2.3,Feb/14/2010 16:44:50
694865,PICTURE:UP.IN.THE.AIR,Up In the Air to win the Oscar,1,2.3,Feb/14/2010 16:46:49
694865,PICTURE:UP.IN.THE.AIR,Up In the Air to win the Oscar,26,2.3,Feb/14/2010 16:58:09
694865,PICTURE:UP.IN.THE.AIR,Up In the Air to win the Oscar,1,2.3,Feb/14/2010 17:06:50
694865,PICTURE:UP.IN.THE.AIR,Up In the Air to win the Oscar,1,2.3,Feb/14/2010 17:06:57
694865,PICTURE:UP.IN.THE.AIR,Up In the Air to win the Oscar,1,2.3,Feb/14/2010 17:11:44
694865,PICTURE:UP.IN.THE.AIR,Up In the Air to win the Oscar,5,2.4,Feb/14/2010 21:12:08
694865,PICTURE:UP.IN.THE.AIR,Up In the Air to win the Oscar,10,2.5,Feb/14/2010 21:12:28
694865,PICTURE:UP.IN.THE.AIR,Up In the Air to win the Oscar,10,2.5,Feb/14/2010 21:12:28
694865,PICTURE:UP.IN.THE.AIR,Up In the Air to win the Oscar,5,2.4,Feb/15/2010 06:33:10
694865,PICTURE:UP.IN.THE.AIR,Up In the Air to win the Oscar,5,2.4,Feb/15/2010 06:33:28
694865,PICTURE:UP.IN.THE.AIR,Up In the Air to win the Oscar,5,2.3,Feb/15/2010 06:34:12
694865,PICTURE:UP.IN.THE.AIR,Up In the Air to win the Oscar,5,2.3,Feb/15/2010 06:34:24
694865,PICTURE:UP.IN.THE.AIR,Up In the Air to win the Oscar,5,2.3,Feb/15/2010 06:34:58
694865,PICTURE:UP.IN.THE.AIR,Up In the Air to win the Oscar,5,2.3,Feb/15/2010 06:35:07
694865,PICTURE:UP.IN.THE.AIR,Up In the Air to win the Oscar,5,2.3,Feb/15/2010 06:35:24
694865,PICTURE:UP.IN.THE.AIR,Up In the Air to win the Oscar,5,2.3,Feb/15/2010 06:35:36
694865,PICTURE:UP.IN.THE.AIR,Up In the Air to win the Oscar,5,2.3,Feb/15/2010 06:35:47
694865,PICTURE:UP.IN.THE.AIR,Up In the Air to win the Oscar,5,2.3,Feb/15/2010 06:36:11
694865,PICTURE:UP.IN.THE.AIR,Up In the Air to win the Oscar,7,2.5,Feb/15/2010 06:53:53
694865,PICTURE:UP.IN.THE.AIR,Up In the Air to win the Oscar,9,2.3,Feb/15/2010 09:58:20
694865,PICTURE:UP.IN.THE.AIR,Up In the Air to win the Oscar,11,2.1,Feb/15/2010 09:58:33
694865,PICTURE:UP.IN.THE.AIR,Up In the Air to win the Oscar,5,2.1,Feb/15/2010 16:21:44
694865,PICTURE:UP.IN.THE.AIR,Up In the Air to win the Oscar,1,2.1,Feb/15/2010 16:21:57
694865,PICTURE:UP.IN.THE.AIR,Up In the Air to win the Oscar,14,2.1,Feb/15/2010 16:26:58
694865,PICTURE:UP.IN.THE.AIR,Up In the Air to win the Oscar,6,2.1,Feb/16/2010 11:26:27
694865,PICTURE:UP.IN.THE.AIR,Up In the Air to win the Oscar,4,2.3,Feb/16/2010 11:26:27
694865,PICTURE:UP.IN.THE.AIR,Up In the Air to win the Oscar,5,2.1,Feb/16/2010 11:26:49
694865,PICTURE:UP.IN.THE.AIR,Up In the Air to win the Oscar,1,2.1,Feb/16/2010 11:27:27
694865,PICTURE:UP.IN.THE.AIR,Up In the Air to win the Oscar,2,2.1,Feb/16/2010 11:37:13
694865,PICTURE:UP.IN.THE.AIR,Up In the Air to win the Oscar,1,2.4,Feb/16/2010 16:26:06
694865,PICTURE:UP.IN.THE.AIR,Up In the Air to win the Oscar,3,2.5,Feb/16/2010 16:27:44
694865,PICTURE:UP.IN.THE.AIR,Up In the Air to win the Oscar,6,2.5,Feb/16/2010 16:27:44
694865,PICTURE:UP.IN.THE.AIR,Up In the Air to win the Oscar,1,1.7,Feb/17/2010 14:23:15
694865,PICTURE:UP.IN.THE.AIR,Up In the Air to win the Oscar,1,1.6,Feb/17/2010 16:09:21
694865,PICTURE:UP.IN.THE.AIR,Up In the Air to win the Oscar,1,1.5,Feb/17/2010 16:09:21
694865,PICTURE:UP.IN.THE.AIR,Up In the Air to win the Oscar,2,1.3,Feb/17/2010 16:09:21
694865,PICTURE:UP.IN.THE.AIR,Up In the Air to win the Oscar,1,1.4,Feb/17/2010 16:09:21
694865,PICTURE:UP.IN.THE.AIR,Up In the Air to win the Oscar,1,1.3,Feb/17/2010 16:10:14
694865,PICTURE:UP.IN.THE.AIR,Up In the Air to win the Oscar,1,1.7,Feb/17/2010 23:37:15
694865,PICTURE:UP.IN.THE.AIR,Up In the Air to win the Oscar,1,1.5,Feb/18/2010 00:57:04
694865,PICTURE:UP.IN.THE.AIR,Up In the Air to win the Oscar,4,1.5,Feb/18/2010 00:57:04
694865,PICTURE:UP.IN.THE.AIR,Up In the Air to win the Oscar,5,1.5,Feb/18/2010 00:57:21
694865,PICTURE:UP.IN.THE.AIR,Up In the Air to win the Oscar,1,1.5,Feb/18/2010 12:54:58
694865,PICTURE:UP.IN.THE.AIR,Up In the Air to win the Oscar,5,1.5,Feb/18/2010 17:26:48
694865,PICTURE:UP.IN.THE.AIR,Up In the Air to win the Oscar,5,1.5,Feb/18/2010 17:27:02
694865,PICTURE:UP.IN.THE.AIR,Up In the Air to win the Oscar,15,1.4,Feb/18/2010 17:28:14
694865,PICTURE:UP.IN.THE.AIR,Up In the Air to win the Oscar,5,1.4,Feb/18/2010 17:28:36
694865,PICTURE:UP.IN.THE.AIR,Up In the Air to win the Oscar,5,1.4,Feb/18/2010 17:31:47
694865,PICTURE:UP.IN.THE.AIR,Up In the Air to win the Oscar,5,1.4,Feb/18/2010 17:32:04
694865,PICTURE:UP.IN.THE.AIR,Up In the Air to win the Oscar,5,1.4,Feb/18/2010 17:32:31
694865,PICTURE:UP.IN.THE.AIR,Up In the Air to win the Oscar,5,1.4,Feb/18/2010 17:32:43
694865,PICTURE:UP.IN.THE.AIR,Up In the Air to win the Oscar,5,1.4,Feb/18/2010 17:33:51
694865,PICTURE:UP.IN.THE.AIR,Up In the Air to win the Oscar,3,1.5,Feb/19/2010 17:57:44
694865,PICTURE:UP.IN.THE.AIR,Up In the Air to win the Oscar,7,1.5,Feb/19/2010 17:58:50
694865,PICTURE:UP.IN.THE.AIR,Up In the Air to win the Oscar,10,1.4,Feb/19/2010 17:58:59
694865,PICTURE:UP.IN.THE.AIR,Up In the Air to win the Oscar,10,1.4,Feb/19/2010 17:58:59
694865,PICTURE:UP.IN.THE.AIR,Up In the Air to win the Oscar,10,1.4,Feb/19/2010 17:59:13
694865,PICTURE:UP.IN.THE.AIR,Up In the Air to win the Oscar,1,1.6,Feb/19/2010 20:40:48
694865,PICTURE:UP.IN.THE.AIR,Up In the Air to win the Oscar,4,1.7,Feb/19/2010 20:40:48
694865,PICTURE:UP.IN.THE.AIR,Up In the Air to win the Oscar,40,1.3,Feb/19/2010 22:48:47
694865,PICTURE:UP.IN.THE.AIR,Up In the Air to win the Oscar,5,1.3,Feb/19/2010 22:49:38
694865,PICTURE:UP.IN.THE.AIR,Up In the Air to win the Oscar,5,1.3,Feb/19/2010 22:50:02
694865,PICTURE:UP.IN.THE.AIR,Up In the Air to win the Oscar,6,1.5,Feb/21/2010 00:24:03
694865,PICTURE:UP.IN.THE.AIR,Up In the Air to win the Oscar,14,1.1,Feb/21/2010 00:24:03
694865,PICTURE:UP.IN.THE.AIR,Up In the Air to win the Oscar,20,1.2,Feb/21/2010 00:24:03
694865,PICTURE:UP.IN.THE.AIR,Up In the Air to win the Oscar,5,1.2,Feb/21/2010 00:29:48
694865,PICTURE:UP.IN.THE.AIR,Up In the Air to win the Oscar,40,1.2,Feb/21/2010 00:30:44
694865,PICTURE:UP.IN.THE.AIR,Up In the Air to win the Oscar,35,1.1,Feb/21/2010 00:31:22
694865,PICTURE:UP.IN.THE.AIR,Up In the Air to win the Oscar,5,1.2,Feb/21/2010 00:31:22
694865,PICTURE:UP.IN.THE.AIR,Up In the Air to win the Oscar,20,1.2,Feb/21/2010 00:32:14
694865,PICTURE:UP.IN.THE.AIR,Up In the Air to win the Oscar,20,1.2,Feb/21/2010 00:33:10
694865,PICTURE:UP.IN.THE.AIR,Up In the Air to win the Oscar,10,1.2,Feb/21/2010 00:33:52
694865,PICTURE:UP.IN.THE.AIR,Up In the Air to win the Oscar,1,1.1,Feb/21/2010 00:33:52
694865,PICTURE:UP.IN.THE.AIR,Up In the Air to win the Oscar,9,1.1,Feb/21/2010 00:33:52
694865,PICTURE:UP.IN.THE.AIR,Up In the Air to win the Oscar,10,1.2,Feb/21/2010 00:35:16
694865,PICTURE:UP.IN.THE.AIR,Up In the Air to win the Oscar,5,1.3,Feb/21/2010 00:36:43
694865,PICTURE:UP.IN.THE.AIR,Up In the Air to win the Oscar,10,1.5,Feb/21/2010 01:37:12
694865,PICTURE:UP.IN.THE.AIR,Up In the Air to win the Oscar,10,1.4,Feb/21/2010 22:40:50
694865,PICTURE:UP.IN.THE.AIR,Up In the Air to win the Oscar,40,1.2,Feb/22/2010 02:27:20
694865,PICTURE:UP.IN.THE.AIR,Up In the Air to win the Oscar,35,1.2,Feb/22/2010 02:27:20
694865,PICTURE:UP.IN.THE.AIR,Up In the Air to win the Oscar,10,1.3,Feb/22/2010 02:27:20
694865,PICTURE:UP.IN.THE.AIR,Up In the Air to win the Oscar,10,1.3,Feb/22/2010 02:27:20
694865,PICTURE:UP.IN.THE.AIR,Up In the Air to win the Oscar,10,1.4,Feb/22/2010 10:13:19
694865,PICTURE:UP.IN.THE.AIR,Up In the Air to win the Oscar,25,1.3,Feb/22/2010 19:59:41
694865,PICTURE:UP.IN.THE.AIR,Up In the Air to win the Oscar,30,1.3,Feb/22/2010 20:59:19
694865,PICTURE:UP.IN.THE.AIR,Up In the Air to win the Oscar,20,1.3,Feb/22/2010 20:59:55
694865,PICTURE:UP.IN.THE.AIR,Up In the Air to win the Oscar,25,1.3,Feb/22/2010 21:10:49
694865,PICTURE:UP.IN.THE.AIR,Up In the Air to win the Oscar,50,1.2,Feb/23/2010 04:18:17
694865,PICTURE:UP.IN.THE.AIR,Up In the Air to win the Oscar,8,1.3,Feb/23/2010 04:18:17
694865,PICTURE:UP.IN.THE.AIR,Up In the Air to win the Oscar,1,1.1,Feb/24/2010 11:38:39
694865,PICTURE:UP.IN.THE.AIR,Up In the Air to win the Oscar,1,1.1,Feb/24/2010 11:38:47
694865,PICTURE:UP.IN.THE.AIR,Up In the Air to win the Oscar,1,1.1,Feb/24/2010 11:38:54
694865,PICTURE:UP.IN.THE.AIR,Up In the Air to win the Oscar,1,1.1,Feb/24/2010 11:39:07
694865,PICTURE:UP.IN.THE.AIR,Up In the Air to win the Oscar,14,1.1,Feb/24/2010 11:39:27
694865,PICTURE:UP.IN.THE.AIR,Up In the Air to win the Oscar,3,1.1,Feb/24/2010 11:39:34
694865,PICTURE:UP.IN.THE.AIR,Up In the Air to win the Oscar,1,1.0,Feb/24/2010 15:08:02
694865,PICTURE:UP.IN.THE.AIR,Up In the Air to win the Oscar,100,1.0,Feb/24/2010 15:08:02
694865,PICTURE:UP.IN.THE.AIR,Up In the Air to win the Oscar,141,1.0,Feb/24/2010 16:08:19
694865,PICTURE:UP.IN.THE.AIR,Up In the Air to win the Oscar,5,1.3,Feb/25/2010 20:18:47
694865,PICTURE:UP.IN.THE.AIR,Up In the Air to win the Oscar,38,1.0,Feb/25/2010 20:18:47
694865,PICTURE:UP.IN.THE.AIR,Up In the Air to win the Oscar,10,1.5,Feb/26/2010 16:36:55
694865,PICTURE:UP.IN.THE.AIR,Up In the Air to win the Oscar,10,1.4,Feb/28/2010 06:33:16
694865,PICTURE:UP.IN.THE.AIR,Up In the Air to win the Oscar,25,1.5,Feb/28/2010 09:59:09
694865,PICTURE:UP.IN.THE.AIR,Up In the Air to win the Oscar,5,1.7,Feb/28/2010 09:59:09
694865,PICTURE:UP.IN.THE.AIR,Up In the Air to win the Oscar,20,1.4,Feb/28/2010 18:25:32
694865,PICTURE:UP.IN.THE.AIR,Up In the Air to win the Oscar,8,1.0,Mar/01/2010 00:06:35
694865,PICTURE:UP.IN.THE.AIR,Up In the Air to win the Oscar,1,1.4,Mar/01/2010 00:06:35
694865,PICTURE:UP.IN.THE.AIR,Up In the Air to win the Oscar,1,1.1,Mar/01/2010 00:06:35
694865,PICTURE:UP.IN.THE.AIR,Up In the Air to win the Oscar,2,1.0,Mar/01/2010 21:42:49
694865,PICTURE:UP.IN.THE.AIR,Up In the Air to win the Oscar,40,1.0,Mar/01/2010 21:42:49
694865,PICTURE:UP.IN.THE.AIR,Up In the Air to win the Oscar,1,1.5,Mar/02/2010 04:01:57
694865,PICTURE:UP.IN.THE.AIR,Up In the Air to win the Oscar,5,1.8,Mar/02/2010 04:01:57
694865,PICTURE:UP.IN.THE.AIR,Up In the Air to win the Oscar,1,1.3,Mar/02/2010 04:01:57
694865,PICTURE:UP.IN.THE.AIR,Up In the Air to win the Oscar,5,1.7,Mar/02/2010 04:01:57
694865,PICTURE:UP.IN.THE.AIR,Up In the Air to win the Oscar,5,1.6,Mar/02/2010 04:01:57
694865,PICTURE:UP.IN.THE.AIR,Up In the Air to win the Oscar,25,1.8,Mar/02/2010 04:01:57
694865,PICTURE:UP.IN.THE.AIR,Up In the Air to win the Oscar,1,1.2,Mar/03/2010 04:04:22
694865,PICTURE:UP.IN.THE.AIR,Up In the Air to win the Oscar,10,1.5,Mar/03/2010 22:36:29
694865,PICTURE:UP.IN.THE.AIR,Up In the Air to win the Oscar,1,1.5,Mar/03/2010 22:36:29
694865,PICTURE:UP.IN.THE.AIR,Up In the Air to win the Oscar,1,1.2,Mar/04/2010 05:21:00
694865,PICTURE:UP.IN.THE.AIR,Up In the Air to win the Oscar,2,1.2,Mar/04/2010 07:33:17
694865,PICTURE:UP.IN.THE.AIR,Up In the Air to win the Oscar,2,1.2,Mar/04/2010 07:33:21
694865,PICTURE:UP.IN.THE.AIR,Up In the Air to win the Oscar,3,1.2,Mar/04/2010 07:33:27
694865,PICTURE:UP.IN.THE.AIR,Up In the Air to win the Oscar,1,1.2,Mar/04/2010 07:33:34
694865,PICTURE:UP.IN.THE.AIR,Up In the Air to win the Oscar,2,1.2,Mar/04/2010 07:33:45
694865,PICTURE:UP.IN.THE.AIR,Up In the Air to win the Oscar,1,1.2,Mar/04/2010 07:33:51
694865,PICTURE:UP.IN.THE.AIR,Up In the Air to win the Oscar,10,1.2,Mar/04/2010 07:33:58
694865,PICTURE:UP.IN.THE.AIR,Up In the Air to win the Oscar,2,1.2,Mar/04/2010 07:34:04
694865,PICTURE:UP.IN.THE.AIR,Up In the Air to win the Oscar,1,1.2,Mar/05/2010 02:54:37
694865,PICTURE:UP.IN.THE.AIR,Up In the Air to win the Oscar,1,1.2,Mar/05/2010 14:53:19
694865,PICTURE:UP.IN.THE.AIR,Up In the Air to win the Oscar,1,1.3,Mar/05/2010 16:31:07
694865,PICTURE:UP.IN.THE.AIR,Up In the Air to win the Oscar,24,1.3,Mar/05/2010 17:09:33
694865,PICTURE:UP.IN.THE.AIR,Up In the Air to win the Oscar,25,1.0,Mar/05/2010 17:10:28
694865,PICTURE:UP.IN.THE.AIR,Up In the Air to win the Oscar,1,1.2,Mar/06/2010 03:22:01
694865,PICTURE:UP.IN.THE.AIR,Up In the Air to win the Oscar,25,1.0,Mar/06/2010 04:25:44
694865,PICTURE:UP.IN.THE.AIR,Up In the Air to win the Oscar,15,1.0,Mar/06/2010 04:25:44
694865,PICTURE:UP.IN.THE.AIR,Up In the Air to win the Oscar,9,1.0,Mar/06/2010 04:26:32
694865,PICTURE:UP.IN.THE.AIR,Up In the Air to win the Oscar,2,0.9,Mar/06/2010 04:26:57
694865,PICTURE:UP.IN.THE.AIR,Up In the Air to win the Oscar,1,1.0,Mar/06/2010 04:26:57
694865,PICTURE:UP.IN.THE.AIR,Up In the Air to win the Oscar,99,0.9,Mar/06/2010 04:26:57
694865,PICTURE:UP.IN.THE.AIR,Up In the Air to win the Oscar,100,0.9,Mar/06/2010 04:27:46
694865,PICTURE:UP.IN.THE.AIR,Up In the Air to win the Oscar,1,1.2,Mar/06/2010 11:55:20
694865,PICTURE:UP.IN.THE.AIR,Up In the Air to win the Oscar,5,1.3,Mar/06/2010 11:55:38
694865,PICTURE:UP.IN.THE.AIR,Up In the Air to win the Oscar,25,1.4,Mar/06/2010 18:05:57
694865,PICTURE:UP.IN.THE.AIR,Up In the Air to win the Oscar,25,1.4,Mar/06/2010 18:05:57
694865,PICTURE:UP.IN.THE.AIR,Up In the Air to win the Oscar,9,1.4,Mar/06/2010 18:05:57
694865,PICTURE:UP.IN.THE.AIR,Up In the Air to win the Oscar,91,1.4,Mar/06/2010 18:05:57
694865,PICTURE:UP.IN.THE.AIR,Up In the Air to win the Oscar,5,1.1,Mar/06/2010 23:02:17
694865,PICTURE:UP.IN.THE.AIR,Up In the Air to win the Oscar,5,1.1,Mar/06/2010 23:02:37
694865,PICTURE:UP.IN.THE.AIR,Up In the Air to win the Oscar,10,1.2,Mar/07/2010 02:22:18
694865,PICTURE:UP.IN.THE.AIR,Up In the Air to win the Oscar,9,1.1,Mar/07/2010 02:22:18
694865,PICTURE:UP.IN.THE.AIR,Up In the Air to win the Oscar,10,1.1,Mar/07/2010 03:42:00
694865,PICTURE:UP.IN.THE.AIR,Up In the Air to win the Oscar,25,1.0,Mar/07/2010 07:26:12
694865,PICTURE:UP.IN.THE.AIR,Up In the Air to win the Oscar,25,1.1,Mar/07/2010 07:26:12
694865,PICTURE:UP.IN.THE.AIR,Up In the Air to win the Oscar,25,1.0,Mar/07/2010 07:27:00
694865,PICTURE:UP.IN.THE.AIR,Up In the Air to win the Oscar,100,0.9,Mar/07/2010 07:29:17
694865,PICTURE:UP.IN.THE.AIR,Up In the Air to win the Oscar,100,0.9,Mar/07/2010 07:29:32
694865,PICTURE:UP.IN.THE.AIR,Up In the Air to win the Oscar,61,0.9,Mar/07/2010 07:30:37
694865,PICTURE:UP.IN.THE.AIR,Up In the Air to win the Oscar,39,0.8,Mar/07/2010 07:30:37
694865,PICTURE:UP.IN.THE.AIR,Up In the Air to win the Oscar,61,0.8,Mar/07/2010 07:31:55
694865,PICTURE:UP.IN.THE.AIR,Up In the Air to win the Oscar,1,0.8,Mar/07/2010 14:35:07
694865,PICTURE:UP.IN.THE.AIR,Up In the Air to win the Oscar,5,1.3,Mar/07/2010 16:41:17
694865,PICTURE:UP.IN.THE.AIR,Up In the Air to win the Oscar,20,1.3,Mar/07/2010 18:29:27
694865,PICTURE:UP.IN.THE.AIR,Up In the Air to win the Oscar,5,1.3,Mar/07/2010 18:29:27
694865,PICTURE:UP.IN.THE.AIR,Up In the Air to win the Oscar,6,1.4,Mar/07/2010 19:16:14
694865,PICTURE:UP.IN.THE.AIR,Up In the Air to win the Oscar,22,1.3,Mar/07/2010 19:16:14
694865,PICTURE:UP.IN.THE.AIR,Up In the Air to win the Oscar,22,1.2,Mar/07/2010 19:16:14
694865,PICTURE:UP.IN.THE.AIR,Up In the Air to win the Oscar,3,1.4,Mar/07/2010 19:18:16
694865,PICTURE:UP.IN.THE.AIR,Up In the Air to win the Oscar,7,1.4,Mar/07/2010 19:25:40
694865,PICTURE:UP.IN.THE.AIR,Up In the Air to win the Oscar,3,1.9,Mar/07/2010 19:50:05
694865,PICTURE:UP.IN.THE.AIR,Up In the Air to win the Oscar,20,1.9,Mar/07/2010 19:56:49
694865,PICTURE:UP.IN.THE.AIR,Up In the Air to win the Oscar,2,1.3,Mar/07/2010 20:55:54
694865,PICTURE:UP.IN.THE.AIR,Up In the Air to win the Oscar,7,1.2,Mar/07/2010 20:56:43
694865,PICTURE:UP.IN.THE.AIR,Up In the Air to win the Oscar,1,1.8,Mar/07/2010 22:10:23
694865,PICTURE:UP.IN.THE.AIR,Up In the Air to win the Oscar,1,1.7,Mar/07/2010 22:38:44
694865,PICTURE:UP.IN.THE.AIR,Up In the Air to win the Oscar,1,1.6,Mar/07/2010 23:24:34
694865,PICTURE:UP.IN.THE.AIR,Up In the Air to win the Oscar,1,1.6,Mar/07/2010 23:32:37
694865,PICTURE:UP.IN.THE.AIR,Up In the Air to win the Oscar,34,1.8,Mar/07/2010 23:32:37
694865,PICTURE:UP.IN.THE.AIR,Up In the Air to win the Oscar,5,1.8,Mar/07/2010 23:32:37
694865,PICTURE:UP.IN.THE.AIR,Up In the Air to win the Oscar,43,1.8,Mar/07/2010 23:33:50
694865,PICTURE:UP.IN.THE.AIR,Up In the Air to win the Oscar,9,1.4,Mar/08/2010 00:27:48
694865,PICTURE:UP.IN.THE.AIR,Up In the Air to win the Oscar,10,1.5,Mar/08/2010 00:42:59
694865,PICTURE:UP.IN.THE.AIR,Up In the Air to win the Oscar,39,2.4,Mar/08/2010 01:53:48
694865,PICTURE:UP.IN.THE.AIR,Up In the Air to win the Oscar,2,3.0,Mar/08/2010 02:07:05
694865,PICTURE:UP.IN.THE.AIR,Up In the Air to win the Oscar,1,2.0,Mar/08/2010 02:51:15
694865,PICTURE:UP.IN.THE.AIR,Up In the Air to win the Oscar,100,1.0,Mar/08/2010 03:28:10
694865,PICTURE:UP.IN.THE.AIR,Up In the Air to win the Oscar,4,1.0,Mar/08/2010 03:38:26
694865,PICTURE:UP.IN.THE.AIR,Up In the Air to win the Oscar,10,1.0,Mar/08/2010 03:45:36
694865,PICTURE:UP.IN.THE.AIR,Up In the Air to win the Oscar,10,1.0,Mar/08/2010 03:47:09
694865,PICTURE:UP.IN.THE.AIR,Up In the Air to win the Oscar,1,1.0,Mar/08/2010 03:55:34
694865,PICTURE:UP.IN.THE.AIR,Up In the Air to win the Oscar,25,1.0,Mar/08/2010 04:09:44
694865,PICTURE:UP.IN.THE.AIR,Up In the Air to win the Oscar,200,1.1,Mar/08/2010 04:10:28
694865,PICTURE:UP.IN.THE.AIR,Up In the Air to win the Oscar,25,0.6,Mar/08/2010 04:18:23
694865,PICTURE:UP.IN.THE.AIR,Up In the Air to win the Oscar,2,0.6,Mar/08/2010 04:20:38
