market id,market symbol,market name,trade quantity,trade price,date/time [utc]
694853,PICTURE:AVATAR,Avatar to win the Oscar,19,20.0,Oct/08/2009 13:41:16
694853,PICTURE:AVATAR,Avatar to win the Oscar,1,19.9,Oct/08/2009 13:41:16
694853,PICTURE:AVATAR,Avatar to win the Oscar,1,5.0,Nov/24/2009 05:32:31
694853,PICTURE:AVATAR,Avatar to win the Oscar,5,5.0,Nov/30/2009 07:41:06
694853,PICTURE:AVATAR,Avatar to win the Oscar,1,7.9,Dec/01/2009 14:28:57
694853,PICTURE:AVATAR,Avatar to win the Oscar,20,17.5,Dec/11/2009 00:17:01
694853,PICTURE:AVATAR,Avatar to win the Oscar,10,17.5,Dec/11/2009 00:17:26
694853,PICTURE:AVATAR,Avatar to win the Oscar,1,20.0,Dec/11/2009 15:26:46
694853,PICTURE:AVATAR,Avatar to win the Oscar,2,25.0,Dec/12/2009 06:43:50
694853,PICTURE:AVATAR,Avatar to win the Oscar,2,25.0,Dec/12/2009 12:18:23
694853,PICTURE:AVATAR,Avatar to win the Oscar,1,25.0,Dec/13/2009 02:54:46
694853,PICTURE:AVATAR,Avatar to win the Oscar,5,25.0,Dec/13/2009 04:44:33
694853,PICTURE:AVATAR,Avatar to win the Oscar,1,25.0,Dec/13/2009 12:30:36
694853,PICTURE:AVATAR,Avatar to win the Oscar,10,29.5,Dec/13/2009 23:39:47
694853,PICTURE:AVATAR,Avatar to win the Oscar,1,29.4,Dec/13/2009 23:39:47
694853,PICTURE:AVATAR,Avatar to win the Oscar,1,29.3,Dec/13/2009 23:39:47
694853,PICTURE:AVATAR,Avatar to win the Oscar,5,21.0,Dec/15/2009 20:43:35
694853,PICTURE:AVATAR,Avatar to win the Oscar,10,21.0,Dec/17/2009 16:55:17
694853,PICTURE:AVATAR,Avatar to win the Oscar,5,25.0,Dec/21/2009 00:09:41
694853,PICTURE:AVATAR,Avatar to win the Oscar,45,25.0,Dec/21/2009 02:51:34
694853,PICTURE:AVATAR,Avatar to win the Oscar,6,34.8,Dec/21/2009 02:53:19
694853,PICTURE:AVATAR,Avatar to win the Oscar,6,34.7,Dec/21/2009 02:53:19
694853,PICTURE:AVATAR,Avatar to win the Oscar,4,34.8,Dec/21/2009 02:53:19
694853,PICTURE:AVATAR,Avatar to win the Oscar,1,39.9,Dec/21/2009 02:53:51
694853,PICTURE:AVATAR,Avatar to win the Oscar,9,39.9,Dec/21/2009 02:53:51
694853,PICTURE:AVATAR,Avatar to win the Oscar,1,38.0,Dec/21/2009 02:53:51
694853,PICTURE:AVATAR,Avatar to win the Oscar,20,50.0,Dec/21/2009 03:27:55
694853,PICTURE:AVATAR,Avatar to win the Oscar,20,50.0,Dec/21/2009 03:28:10
694853,PICTURE:AVATAR,Avatar to win the Oscar,9,50.0,Dec/21/2009 03:28:39
694853,PICTURE:AVATAR,Avatar to win the Oscar,10,50.0,Dec/21/2009 03:43:53
694853,PICTURE:AVATAR,Avatar to win the Oscar,30,50.0,Dec/21/2009 03:47:18
694853,PICTURE:AVATAR,Avatar to win the Oscar,5,30.0,Dec/22/2009 01:39:27
694853,PICTURE:AVATAR,Avatar to win the Oscar,1,30.1,Dec/22/2009 01:39:27
694853,PICTURE:AVATAR,Avatar to win the Oscar,1,30.1,Dec/22/2009 09:56:17
694853,PICTURE:AVATAR,Avatar to win the Oscar,5,30.0,Dec/22/2009 09:56:35
694853,PICTURE:AVATAR,Avatar to win the Oscar,6,28.0,Dec/22/2009 09:58:19
694853,PICTURE:AVATAR,Avatar to win the Oscar,7,28.1,Dec/22/2009 09:58:19
694853,PICTURE:AVATAR,Avatar to win the Oscar,1,28.2,Dec/22/2009 09:58:19
694853,PICTURE:AVATAR,Avatar to win the Oscar,1,28.3,Dec/22/2009 09:58:19
694853,PICTURE:AVATAR,Avatar to win the Oscar,1,28.0,Dec/22/2009 09:58:57
694853,PICTURE:AVATAR,Avatar to win the Oscar,3,27.2,Dec/22/2009 09:58:57
694853,PICTURE:AVATAR,Avatar to win the Oscar,2,27.2,Dec/22/2009 18:36:37
694853,PICTURE:AVATAR,Avatar to win the Oscar,6,27.1,Dec/22/2009 18:36:37
694853,PICTURE:AVATAR,Avatar to win the Oscar,2,27.3,Dec/22/2009 18:36:37
694853,PICTURE:AVATAR,Avatar to win the Oscar,1,31.9,Dec/23/2009 09:02:10
694853,PICTURE:AVATAR,Avatar to win the Oscar,8,32.0,Dec/23/2009 09:02:39
694853,PICTURE:AVATAR,Avatar to win the Oscar,3,28.1,Dec/24/2009 03:37:26
694853,PICTURE:AVATAR,Avatar to win the Oscar,1,28.2,Dec/24/2009 03:37:26
694853,PICTURE:AVATAR,Avatar to win the Oscar,5,28.1,Dec/24/2009 03:37:26
694853,PICTURE:AVATAR,Avatar to win the Oscar,2,28.1,Dec/24/2009 13:32:36
694853,PICTURE:AVATAR,Avatar to win the Oscar,2,28.1,Dec/24/2009 13:32:36
694853,PICTURE:AVATAR,Avatar to win the Oscar,21,28.0,Dec/24/2009 13:33:03
694853,PICTURE:AVATAR,Avatar to win the Oscar,25,27.0,Dec/24/2009 13:33:32
694853,PICTURE:AVATAR,Avatar to win the Oscar,20,26.0,Dec/26/2009 00:26:00
694853,PICTURE:AVATAR,Avatar to win the Oscar,7,26.0,Dec/26/2009 21:25:14
694853,PICTURE:AVATAR,Avatar to win the Oscar,5,26.0,Dec/27/2009 14:42:37
694853,PICTURE:AVATAR,Avatar to win the Oscar,8,31.0,Dec/28/2009 20:16:42
694853,PICTURE:AVATAR,Avatar to win the Oscar,1,33.9,Dec/31/2009 00:35:36
694853,PICTURE:AVATAR,Avatar to win the Oscar,4,33.9,Dec/31/2009 10:23:26
694853,PICTURE:AVATAR,Avatar to win the Oscar,1,33.9,Dec/31/2009 10:23:26
694853,PICTURE:AVATAR,Avatar to win the Oscar,5,34.0,Dec/31/2009 11:52:48
694853,PICTURE:AVATAR,Avatar to win the Oscar,5,35.0,Dec/31/2009 13:42:15
694853,PICTURE:AVATAR,Avatar to win the Oscar,1,35.0,Dec/31/2009 16:04:47
694853,PICTURE:AVATAR,Avatar to win the Oscar,1,33.1,Jan/01/2010 05:47:12
694853,PICTURE:AVATAR,Avatar to win the Oscar,19,34.0,Jan/02/2010 01:13:02
694853,PICTURE:AVATAR,Avatar to win the Oscar,1,33.9,Jan/02/2010 01:13:02
694853,PICTURE:AVATAR,Avatar to win the Oscar,1,34.0,Jan/02/2010 02:55:11
694853,PICTURE:AVATAR,Avatar to win the Oscar,25,34.8,Jan/04/2010 05:24:31
694853,PICTURE:AVATAR,Avatar to win the Oscar,1,34.6,Jan/04/2010 05:24:31
694853,PICTURE:AVATAR,Avatar to win the Oscar,1,34.5,Jan/04/2010 05:24:31
694853,PICTURE:AVATAR,Avatar to win the Oscar,5,34.0,Jan/04/2010 05:24:31
694853,PICTURE:AVATAR,Avatar to win the Oscar,1,33.9,Jan/04/2010 05:24:31
694853,PICTURE:AVATAR,Avatar to win the Oscar,6,36.0,Jan/04/2010 05:24:47
694853,PICTURE:AVATAR,Avatar to win the Oscar,1,35.9,Jan/04/2010 05:24:47
694853,PICTURE:AVATAR,Avatar to win the Oscar,10,35.5,Jan/04/2010 05:24:47
694853,PICTURE:AVATAR,Avatar to win the Oscar,4,35.8,Jan/04/2010 17:05:36
694853,PICTURE:AVATAR,Avatar to win the Oscar,24,35.8,Jan/04/2010 19:51:52
694853,PICTURE:AVATAR,Avatar to win the Oscar,1,35.7,Jan/04/2010 19:51:52
694853,PICTURE:AVATAR,Avatar to win the Oscar,6,30.0,Jan/05/2010 15:21:10
694853,PICTURE:AVATAR,Avatar to win the Oscar,1,30.1,Jan/05/2010 15:21:10
694853,PICTURE:AVATAR,Avatar to win the Oscar,2,30.2,Jan/05/2010 15:21:10
694853,PICTURE:AVATAR,Avatar to win the Oscar,1,30.3,Jan/05/2010 15:21:10
694853,PICTURE:AVATAR,Avatar to win the Oscar,2,27.1,Jan/05/2010 15:22:17
694853,PICTURE:AVATAR,Avatar to win the Oscar,5,28.0,Jan/05/2010 15:22:17
694853,PICTURE:AVATAR,Avatar to win the Oscar,3,29.0,Jan/05/2010 15:22:17
694853,PICTURE:AVATAR,Avatar to win the Oscar,1,30.0,Jan/06/2010 19:00:35
694853,PICTURE:AVATAR,Avatar to win the Oscar,15,32.5,Jan/06/2010 21:18:17
694853,PICTURE:AVATAR,Avatar to win the Oscar,10,32.3,Jan/06/2010 21:18:17
694853,PICTURE:AVATAR,Avatar to win the Oscar,10,33.0,Jan/07/2010 05:03:36
694853,PICTURE:AVATAR,Avatar to win the Oscar,30,32.5,Jan/07/2010 05:03:36
694853,PICTURE:AVATAR,Avatar to win the Oscar,10,32.3,Jan/07/2010 05:03:36
694853,PICTURE:AVATAR,Avatar to win the Oscar,10,33.0,Jan/08/2010 04:15:47
694853,PICTURE:AVATAR,Avatar to win the Oscar,3,33.3,Jan/09/2010 04:52:32
694853,PICTURE:AVATAR,Avatar to win the Oscar,1,27.0,Jan/09/2010 14:41:34
694853,PICTURE:AVATAR,Avatar to win the Oscar,1,28.0,Jan/09/2010 14:41:34
694853,PICTURE:AVATAR,Avatar to win the Oscar,1,29.0,Jan/09/2010 14:41:34
694853,PICTURE:AVATAR,Avatar to win the Oscar,10,25.2,Jan/09/2010 14:41:34
694853,PICTURE:AVATAR,Avatar to win the Oscar,9,25.3,Jan/09/2010 14:41:34
694853,PICTURE:AVATAR,Avatar to win the Oscar,1,33.6,Jan/12/2010 17:11:45
694853,PICTURE:AVATAR,Avatar to win the Oscar,3,34.2,Jan/12/2010 17:11:45
694853,PICTURE:AVATAR,Avatar to win the Oscar,1,32.0,Jan/12/2010 17:11:45
694853,PICTURE:AVATAR,Avatar to win the Oscar,2,34.2,Jan/13/2010 20:02:36
694853,PICTURE:AVATAR,Avatar to win the Oscar,3,34.7,Jan/13/2010 20:02:36
694853,PICTURE:AVATAR,Avatar to win the Oscar,2,32.1,Jan/14/2010 20:29:05
694853,PICTURE:AVATAR,Avatar to win the Oscar,2,32.6,Jan/14/2010 20:29:05
694853,PICTURE:AVATAR,Avatar to win the Oscar,1,33.1,Jan/14/2010 20:29:05
694853,PICTURE:AVATAR,Avatar to win the Oscar,2,34.8,Jan/15/2010 01:10:24
694853,PICTURE:AVATAR,Avatar to win the Oscar,3,32.4,Jan/15/2010 03:38:29
694853,PICTURE:AVATAR,Avatar to win the Oscar,5,34.8,Jan/15/2010 21:21:21
694853,PICTURE:AVATAR,Avatar to win the Oscar,2,32.4,Jan/16/2010 15:43:54
694853,PICTURE:AVATAR,Avatar to win the Oscar,3,33.0,Jan/16/2010 15:43:54
694853,PICTURE:AVATAR,Avatar to win the Oscar,3,34.8,Jan/17/2010 06:52:25
694853,PICTURE:AVATAR,Avatar to win the Oscar,1,35.0,Jan/17/2010 13:56:05
694853,PICTURE:AVATAR,Avatar to win the Oscar,1,35.8,Jan/17/2010 21:37:21
694853,PICTURE:AVATAR,Avatar to win the Oscar,1,35.8,Jan/17/2010 21:37:42
694853,PICTURE:AVATAR,Avatar to win the Oscar,1,34.0,Jan/17/2010 22:55:40
694853,PICTURE:AVATAR,Avatar to win the Oscar,5,39.8,Jan/18/2010 03:33:26
694853,PICTURE:AVATAR,Avatar to win the Oscar,1,40.0,Jan/18/2010 03:45:34
694853,PICTURE:AVATAR,Avatar to win the Oscar,5,40.0,Jan/18/2010 03:45:34
694853,PICTURE:AVATAR,Avatar to win the Oscar,9,45.0,Jan/18/2010 03:47:46
694853,PICTURE:AVATAR,Avatar to win the Oscar,1,44.8,Jan/18/2010 03:47:46
694853,PICTURE:AVATAR,Avatar to win the Oscar,10,31.5,Jan/18/2010 03:50:33
694853,PICTURE:AVATAR,Avatar to win the Oscar,9,31.5,Jan/18/2010 03:52:18
694853,PICTURE:AVATAR,Avatar to win the Oscar,1,32.0,Jan/18/2010 03:52:18
694853,PICTURE:AVATAR,Avatar to win the Oscar,5,47.9,Jan/18/2010 03:57:29
694853,PICTURE:AVATAR,Avatar to win the Oscar,1,45.0,Jan/18/2010 03:57:29
694853,PICTURE:AVATAR,Avatar to win the Oscar,15,50.0,Jan/18/2010 03:57:29
694853,PICTURE:AVATAR,Avatar to win the Oscar,1,45.0,Jan/18/2010 03:57:29
694853,PICTURE:AVATAR,Avatar to win the Oscar,1,64.0,Jan/18/2010 04:41:15
694853,PICTURE:AVATAR,Avatar to win the Oscar,10,50.2,Jan/18/2010 10:01:48
694853,PICTURE:AVATAR,Avatar to win the Oscar,10,55.0,Jan/18/2010 12:55:11
694853,PICTURE:AVATAR,Avatar to win the Oscar,1,60.0,Jan/18/2010 14:38:52
694853,PICTURE:AVATAR,Avatar to win the Oscar,2,60.0,Jan/18/2010 14:41:38
694853,PICTURE:AVATAR,Avatar to win the Oscar,1,56.0,Jan/18/2010 18:23:58
694853,PICTURE:AVATAR,Avatar to win the Oscar,2,59.5,Jan/18/2010 21:27:36
694853,PICTURE:AVATAR,Avatar to win the Oscar,2,59.5,Jan/18/2010 21:28:06
694853,PICTURE:AVATAR,Avatar to win the Oscar,1,59.5,Jan/18/2010 21:28:53
694853,PICTURE:AVATAR,Avatar to win the Oscar,2,60.0,Jan/18/2010 21:29:00
694853,PICTURE:AVATAR,Avatar to win the Oscar,5,60.0,Jan/19/2010 03:33:51
694853,PICTURE:AVATAR,Avatar to win the Oscar,1,60.0,Jan/19/2010 03:33:51
694853,PICTURE:AVATAR,Avatar to win the Oscar,8,64.0,Jan/19/2010 03:34:21
694853,PICTURE:AVATAR,Avatar to win the Oscar,5,63.5,Jan/19/2010 04:18:29
694853,PICTURE:AVATAR,Avatar to win the Oscar,3,59.6,Jan/19/2010 07:58:52
694853,PICTURE:AVATAR,Avatar to win the Oscar,10,62.0,Jan/20/2010 15:26:18
694853,PICTURE:AVATAR,Avatar to win the Oscar,1,63.0,Jan/20/2010 17:34:38
694853,PICTURE:AVATAR,Avatar to win the Oscar,5,63.9,Jan/21/2010 00:12:13
694853,PICTURE:AVATAR,Avatar to win the Oscar,14,63.0,Jan/21/2010 11:10:57
694853,PICTURE:AVATAR,Avatar to win the Oscar,1,61.0,Jan/21/2010 15:49:29
694853,PICTURE:AVATAR,Avatar to win the Oscar,1,61.0,Jan/21/2010 17:36:35
694853,PICTURE:AVATAR,Avatar to win the Oscar,5,60.9,Jan/21/2010 17:46:21
694853,PICTURE:AVATAR,Avatar to win the Oscar,9,56.0,Jan/21/2010 23:30:38
694853,PICTURE:AVATAR,Avatar to win the Oscar,9,56.9,Jan/21/2010 23:30:38
694853,PICTURE:AVATAR,Avatar to win the Oscar,5,57.0,Jan/21/2010 23:30:38
694853,PICTURE:AVATAR,Avatar to win the Oscar,1,59.5,Jan/21/2010 23:30:38
694853,PICTURE:AVATAR,Avatar to win the Oscar,2,60.0,Jan/21/2010 23:30:38
694853,PICTURE:AVATAR,Avatar to win the Oscar,1,60.0,Jan/21/2010 23:30:38
694853,PICTURE:AVATAR,Avatar to win the Oscar,10,55.0,Jan/21/2010 23:30:38
694853,PICTURE:AVATAR,Avatar to win the Oscar,10,55.1,Jan/21/2010 23:30:38
694853,PICTURE:AVATAR,Avatar to win the Oscar,1,60.1,Jan/21/2010 23:30:38
694853,PICTURE:AVATAR,Avatar to win the Oscar,1,57.1,Jan/21/2010 23:30:38
694853,PICTURE:AVATAR,Avatar to win the Oscar,1,60.2,Jan/21/2010 23:30:38
694853,PICTURE:AVATAR,Avatar to win the Oscar,5,53.0,Jan/21/2010 23:31:04
694853,PICTURE:AVATAR,Avatar to win the Oscar,10,54.0,Jan/21/2010 23:31:04
694853,PICTURE:AVATAR,Avatar to win the Oscar,10,53.3,Jan/21/2010 23:31:04
694853,PICTURE:AVATAR,Avatar to win the Oscar,10,55.0,Jan/21/2010 23:31:04
694853,PICTURE:AVATAR,Avatar to win the Oscar,1,55.0,Jan/21/2010 23:31:04
694853,PICTURE:AVATAR,Avatar to win the Oscar,5,54.0,Jan/21/2010 23:35:36
694853,PICTURE:AVATAR,Avatar to win the Oscar,5,55.0,Jan/21/2010 23:35:36
694853,PICTURE:AVATAR,Avatar to win the Oscar,5,56.0,Jan/21/2010 23:35:36
694853,PICTURE:AVATAR,Avatar to win the Oscar,3,57.0,Jan/21/2010 23:35:36
694853,PICTURE:AVATAR,Avatar to win the Oscar,75,53.1,Jan/22/2010 00:07:52
694853,PICTURE:AVATAR,Avatar to win the Oscar,12,55.5,Jan/22/2010 08:42:03
694853,PICTURE:AVATAR,Avatar to win the Oscar,3,55.6,Jan/22/2010 08:42:03
694853,PICTURE:AVATAR,Avatar to win the Oscar,1,59.8,Jan/22/2010 17:22:22
694853,PICTURE:AVATAR,Avatar to win the Oscar,10,59.9,Jan/22/2010 17:24:08
694853,PICTURE:AVATAR,Avatar to win the Oscar,10,60.0,Jan/23/2010 14:18:37
694853,PICTURE:AVATAR,Avatar to win the Oscar,5,60.0,Jan/23/2010 14:18:37
694853,PICTURE:AVATAR,Avatar to win the Oscar,40,61.9,Jan/23/2010 23:41:11
694853,PICTURE:AVATAR,Avatar to win the Oscar,39,63.4,Jan/25/2010 00:03:29
694853,PICTURE:AVATAR,Avatar to win the Oscar,1,63.3,Jan/25/2010 00:03:29
694853,PICTURE:AVATAR,Avatar to win the Oscar,3,63.5,Jan/25/2010 03:00:25
694853,PICTURE:AVATAR,Avatar to win the Oscar,2,64.0,Jan/25/2010 03:00:53
694853,PICTURE:AVATAR,Avatar to win the Oscar,50,63.0,Jan/25/2010 04:17:55
694853,PICTURE:AVATAR,Avatar to win the Oscar,5,59.0,Jan/25/2010 05:40:12
694853,PICTURE:AVATAR,Avatar to win the Oscar,4,58.1,Jan/25/2010 11:12:49
694853,PICTURE:AVATAR,Avatar to win the Oscar,2,58.2,Jan/25/2010 11:12:49
694853,PICTURE:AVATAR,Avatar to win the Oscar,1,59.0,Jan/25/2010 11:12:49
694853,PICTURE:AVATAR,Avatar to win the Oscar,8,58.2,Jan/26/2010 03:18:45
694853,PICTURE:AVATAR,Avatar to win the Oscar,2,58.2,Jan/26/2010 04:01:52
694853,PICTURE:AVATAR,Avatar to win the Oscar,2,58.1,Jan/26/2010 04:01:59
694853,PICTURE:AVATAR,Avatar to win the Oscar,2,57.6,Jan/26/2010 04:02:04
694853,PICTURE:AVATAR,Avatar to win the Oscar,2,57.1,Jan/26/2010 04:02:10
694853,PICTURE:AVATAR,Avatar to win the Oscar,2,56.6,Jan/26/2010 04:02:17
694853,PICTURE:AVATAR,Avatar to win the Oscar,10,56.2,Jan/26/2010 04:02:25
694853,PICTURE:AVATAR,Avatar to win the Oscar,2,56.1,Jan/26/2010 04:02:30
694853,PICTURE:AVATAR,Avatar to win the Oscar,100,56.1,Jan/26/2010 04:02:30
694853,PICTURE:AVATAR,Avatar to win the Oscar,10,55.7,Jan/26/2010 04:03:14
694853,PICTURE:AVATAR,Avatar to win the Oscar,2,55.6,Jan/26/2010 04:03:20
694853,PICTURE:AVATAR,Avatar to win the Oscar,36,55.5,Jan/26/2010 04:03:27
694853,PICTURE:AVATAR,Avatar to win the Oscar,1,55.8,Jan/26/2010 13:33:11
694853,PICTURE:AVATAR,Avatar to win the Oscar,9,55.7,Jan/26/2010 13:33:11
694853,PICTURE:AVATAR,Avatar to win the Oscar,9,55.6,Jan/26/2010 13:33:11
694853,PICTURE:AVATAR,Avatar to win the Oscar,1,55.5,Jan/26/2010 13:33:11
694853,PICTURE:AVATAR,Avatar to win the Oscar,2,55.8,Jan/26/2010 23:36:38
694853,PICTURE:AVATAR,Avatar to win the Oscar,9,55.6,Jan/26/2010 23:36:38
694853,PICTURE:AVATAR,Avatar to win the Oscar,9,55.7,Jan/26/2010 23:36:38
694853,PICTURE:AVATAR,Avatar to win the Oscar,3,55.9,Jan/26/2010 23:37:55
694853,PICTURE:AVATAR,Avatar to win the Oscar,6,55.8,Jan/26/2010 23:37:55
694853,PICTURE:AVATAR,Avatar to win the Oscar,1,55.8,Jan/26/2010 23:37:55
694853,PICTURE:AVATAR,Avatar to win the Oscar,1,55.6,Jan/27/2010 01:54:42
694853,PICTURE:AVATAR,Avatar to win the Oscar,1,53.7,Jan/27/2010 03:16:24
694853,PICTURE:AVATAR,Avatar to win the Oscar,20,53.0,Jan/27/2010 03:16:24
694853,PICTURE:AVATAR,Avatar to win the Oscar,4,52.8,Jan/27/2010 05:29:46
694853,PICTURE:AVATAR,Avatar to win the Oscar,200,52.6,Jan/27/2010 05:29:56
694853,PICTURE:AVATAR,Avatar to win the Oscar,25,52.5,Jan/27/2010 05:30:11
694853,PICTURE:AVATAR,Avatar to win the Oscar,1,52.5,Jan/27/2010 05:34:21
694853,PICTURE:AVATAR,Avatar to win the Oscar,4,52.6,Jan/27/2010 09:01:03
694853,PICTURE:AVATAR,Avatar to win the Oscar,3,52.5,Jan/27/2010 20:10:37
694853,PICTURE:AVATAR,Avatar to win the Oscar,10,55.6,Jan/28/2010 02:21:56
694853,PICTURE:AVATAR,Avatar to win the Oscar,1,55.5,Jan/28/2010 02:21:56
694853,PICTURE:AVATAR,Avatar to win the Oscar,20,55.0,Jan/28/2010 02:21:56
694853,PICTURE:AVATAR,Avatar to win the Oscar,68,55.9,Jan/28/2010 02:21:56
694853,PICTURE:AVATAR,Avatar to win the Oscar,1,55.0,Jan/28/2010 02:21:56
694853,PICTURE:AVATAR,Avatar to win the Oscar,10,52.9,Jan/28/2010 12:16:03
694853,PICTURE:AVATAR,Avatar to win the Oscar,10,53.0,Jan/28/2010 12:16:03
694853,PICTURE:AVATAR,Avatar to win the Oscar,3,53.1,Jan/28/2010 12:16:03
694853,PICTURE:AVATAR,Avatar to win the Oscar,3,53.2,Jan/28/2010 12:16:03
694853,PICTURE:AVATAR,Avatar to win the Oscar,1,52.5,Jan/28/2010 13:47:38
694853,PICTURE:AVATAR,Avatar to win the Oscar,3,52.1,Jan/28/2010 13:47:38
694853,PICTURE:AVATAR,Avatar to win the Oscar,6,55.6,Jan/28/2010 17:40:44
694853,PICTURE:AVATAR,Avatar to win the Oscar,3,55.6,Jan/28/2010 17:40:44
694853,PICTURE:AVATAR,Avatar to win the Oscar,5,55.6,Jan/28/2010 17:40:44
694853,PICTURE:AVATAR,Avatar to win the Oscar,5,55.6,Jan/28/2010 17:48:05
694853,PICTURE:AVATAR,Avatar to win the Oscar,1,55.8,Jan/29/2010 01:31:25
694853,PICTURE:AVATAR,Avatar to win the Oscar,1,55.6,Jan/29/2010 14:33:39
694853,PICTURE:AVATAR,Avatar to win the Oscar,1,53.0,Jan/30/2010 14:41:31
694853,PICTURE:AVATAR,Avatar to win the Oscar,1,55.6,Jan/31/2010 00:35:17
694853,PICTURE:AVATAR,Avatar to win the Oscar,4,55.8,Jan/31/2010 00:35:27
694853,PICTURE:AVATAR,Avatar to win the Oscar,5,59.9,Jan/31/2010 03:33:02
694853,PICTURE:AVATAR,Avatar to win the Oscar,1,59.9,Jan/31/2010 03:33:59
694853,PICTURE:AVATAR,Avatar to win the Oscar,1,53.1,Jan/31/2010 07:50:56
694853,PICTURE:AVATAR,Avatar to win the Oscar,5,53.0,Jan/31/2010 07:51:15
694853,PICTURE:AVATAR,Avatar to win the Oscar,5,52.5,Jan/31/2010 07:51:33
694853,PICTURE:AVATAR,Avatar to win the Oscar,10,52.1,Jan/31/2010 07:51:48
694853,PICTURE:AVATAR,Avatar to win the Oscar,5,52.0,Jan/31/2010 07:52:00
694853,PICTURE:AVATAR,Avatar to win the Oscar,5,51.5,Jan/31/2010 07:52:16
694853,PICTURE:AVATAR,Avatar to win the Oscar,5,51.0,Jan/31/2010 07:52:31
694853,PICTURE:AVATAR,Avatar to win the Oscar,5,50.5,Jan/31/2010 07:53:00
694853,PICTURE:AVATAR,Avatar to win the Oscar,5,50.0,Jan/31/2010 08:25:37
694853,PICTURE:AVATAR,Avatar to win the Oscar,90,50.1,Jan/31/2010 13:12:38
694853,PICTURE:AVATAR,Avatar to win the Oscar,5,50.0,Jan/31/2010 13:12:38
694853,PICTURE:AVATAR,Avatar to win the Oscar,1,50.5,Jan/31/2010 13:52:31
694853,PICTURE:AVATAR,Avatar to win the Oscar,9,47.0,Jan/31/2010 14:03:59
694853,PICTURE:AVATAR,Avatar to win the Oscar,10,47.0,Jan/31/2010 16:53:02
694853,PICTURE:AVATAR,Avatar to win the Oscar,16,47.0,Jan/31/2010 16:55:18
694853,PICTURE:AVATAR,Avatar to win the Oscar,70,48.0,Jan/31/2010 18:47:46
694853,PICTURE:AVATAR,Avatar to win the Oscar,1,47.0,Feb/01/2010 00:43:49
694853,PICTURE:AVATAR,Avatar to win the Oscar,1,47.0,Feb/01/2010 01:05:44
694853,PICTURE:AVATAR,Avatar to win the Oscar,3,47.0,Feb/01/2010 01:10:19
694853,PICTURE:AVATAR,Avatar to win the Oscar,10,48.0,Feb/01/2010 02:10:23
694853,PICTURE:AVATAR,Avatar to win the Oscar,5,46.0,Feb/01/2010 17:12:58
694853,PICTURE:AVATAR,Avatar to win the Oscar,1,46.0,Feb/01/2010 17:12:58
694853,PICTURE:AVATAR,Avatar to win the Oscar,1,47.9,Feb/01/2010 17:23:37
694853,PICTURE:AVATAR,Avatar to win the Oscar,20,50.0,Feb/01/2010 17:24:29
694853,PICTURE:AVATAR,Avatar to win the Oscar,20,49.9,Feb/01/2010 17:24:29
694853,PICTURE:AVATAR,Avatar to win the Oscar,20,49.0,Feb/01/2010 17:24:29
694853,PICTURE:AVATAR,Avatar to win the Oscar,20,48.9,Feb/01/2010 17:24:29
694853,PICTURE:AVATAR,Avatar to win the Oscar,20,48.1,Feb/01/2010 17:24:29
694853,PICTURE:AVATAR,Avatar to win the Oscar,5,48.0,Feb/01/2010 17:24:29
694853,PICTURE:AVATAR,Avatar to win the Oscar,20,52.0,Feb/01/2010 17:25:38
694853,PICTURE:AVATAR,Avatar to win the Oscar,20,52.9,Feb/01/2010 17:25:38
694853,PICTURE:AVATAR,Avatar to win the Oscar,20,51.9,Feb/01/2010 17:25:38
694853,PICTURE:AVATAR,Avatar to win the Oscar,20,51.0,Feb/01/2010 17:25:38
694853,PICTURE:AVATAR,Avatar to win the Oscar,20,50.9,Feb/01/2010 17:25:38
694853,PICTURE:AVATAR,Avatar to win the Oscar,20,53.0,Feb/01/2010 17:26:16
694853,PICTURE:AVATAR,Avatar to win the Oscar,1,50.0,Feb/01/2010 17:38:05
694853,PICTURE:AVATAR,Avatar to win the Oscar,20,53.9,Feb/01/2010 18:21:37
694853,PICTURE:AVATAR,Avatar to win the Oscar,20,54.0,Feb/01/2010 18:21:37
694853,PICTURE:AVATAR,Avatar to win the Oscar,2,53.0,Feb/01/2010 18:21:37
694853,PICTURE:AVATAR,Avatar to win the Oscar,1,53.8,Feb/01/2010 18:21:37
694853,PICTURE:AVATAR,Avatar to win the Oscar,20,54.9,Feb/01/2010 18:23:34
694853,PICTURE:AVATAR,Avatar to win the Oscar,20,55.0,Feb/01/2010 18:23:34
694853,PICTURE:AVATAR,Avatar to win the Oscar,1,54.8,Feb/01/2010 18:23:34
694853,PICTURE:AVATAR,Avatar to win the Oscar,1,54.8,Feb/01/2010 18:23:34
694853,PICTURE:AVATAR,Avatar to win the Oscar,1,49.0,Feb/01/2010 20:21:52
694853,PICTURE:AVATAR,Avatar to win the Oscar,1,50.0,Feb/01/2010 20:21:52
694853,PICTURE:AVATAR,Avatar to win the Oscar,1,48.0,Feb/01/2010 20:21:52
694853,PICTURE:AVATAR,Avatar to win the Oscar,1,51.0,Feb/01/2010 21:10:16
694853,PICTURE:AVATAR,Avatar to win the Oscar,1,52.0,Feb/01/2010 22:11:43
694853,PICTURE:AVATAR,Avatar to win the Oscar,1,52.9,Feb/01/2010 22:40:58
694853,PICTURE:AVATAR,Avatar to win the Oscar,1,53.7,Feb/01/2010 22:40:58
694853,PICTURE:AVATAR,Avatar to win the Oscar,10,55.9,Feb/01/2010 22:44:52
694853,PICTURE:AVATAR,Avatar to win the Oscar,8,56.0,Feb/01/2010 22:44:52
694853,PICTURE:AVATAR,Avatar to win the Oscar,1,54.7,Feb/01/2010 22:44:52
694853,PICTURE:AVATAR,Avatar to win the Oscar,1,55.7,Feb/01/2010 22:44:52
694853,PICTURE:AVATAR,Avatar to win the Oscar,2,56.0,Feb/01/2010 22:45:02
694853,PICTURE:AVATAR,Avatar to win the Oscar,1,52.0,Feb/01/2010 23:33:28
694853,PICTURE:AVATAR,Avatar to win the Oscar,5,52.0,Feb/01/2010 23:33:28
694853,PICTURE:AVATAR,Avatar to win the Oscar,1,51.0,Feb/02/2010 00:10:55
694853,PICTURE:AVATAR,Avatar to win the Oscar,10,51.0,Feb/02/2010 00:10:55
694853,PICTURE:AVATAR,Avatar to win the Oscar,5,51.5,Feb/02/2010 00:10:55
694853,PICTURE:AVATAR,Avatar to win the Oscar,1,51.1,Feb/02/2010 00:10:55
694853,PICTURE:AVATAR,Avatar to win the Oscar,3,50.0,Feb/02/2010 00:59:08
694853,PICTURE:AVATAR,Avatar to win the Oscar,2,50.0,Feb/02/2010 09:01:21
694853,PICTURE:AVATAR,Avatar to win the Oscar,5,49.0,Feb/02/2010 09:01:21
694853,PICTURE:AVATAR,Avatar to win the Oscar,5,48.5,Feb/02/2010 10:40:31
694853,PICTURE:AVATAR,Avatar to win the Oscar,5,48.0,Feb/02/2010 10:40:31
694853,PICTURE:AVATAR,Avatar to win the Oscar,4,47.5,Feb/02/2010 15:32:25
694853,PICTURE:AVATAR,Avatar to win the Oscar,1,47.6,Feb/02/2010 15:32:25
694853,PICTURE:AVATAR,Avatar to win the Oscar,1,47.5,Feb/02/2010 15:33:14
694853,PICTURE:AVATAR,Avatar to win the Oscar,5,47.1,Feb/02/2010 15:35:57
694853,PICTURE:AVATAR,Avatar to win the Oscar,1,47.0,Feb/02/2010 15:36:49
694853,PICTURE:AVATAR,Avatar to win the Oscar,1,47.0,Feb/02/2010 15:36:49
694853,PICTURE:AVATAR,Avatar to win the Oscar,4,47.2,Feb/02/2010 16:09:39
694853,PICTURE:AVATAR,Avatar to win the Oscar,3,47.1,Feb/02/2010 16:09:39
694853,PICTURE:AVATAR,Avatar to win the Oscar,3,47.1,Feb/02/2010 16:09:39
694853,PICTURE:AVATAR,Avatar to win the Oscar,1,46.1,Feb/02/2010 16:28:52
694853,PICTURE:AVATAR,Avatar to win the Oscar,1,45.1,Feb/02/2010 16:28:52
694853,PICTURE:AVATAR,Avatar to win the Oscar,1,45.1,Feb/02/2010 16:28:52
694853,PICTURE:AVATAR,Avatar to win the Oscar,4,47.0,Feb/02/2010 16:28:52
694853,PICTURE:AVATAR,Avatar to win the Oscar,5,46.0,Feb/02/2010 16:28:52
694853,PICTURE:AVATAR,Avatar to win the Oscar,2,45.0,Feb/02/2010 16:28:52
694853,PICTURE:AVATAR,Avatar to win the Oscar,5,46.5,Feb/02/2010 16:28:52
694853,PICTURE:AVATAR,Avatar to win the Oscar,1,47.0,Feb/02/2010 16:28:52
694853,PICTURE:AVATAR,Avatar to win the Oscar,5,47.0,Feb/02/2010 16:47:22
694853,PICTURE:AVATAR,Avatar to win the Oscar,3,47.1,Feb/02/2010 16:58:00
694853,PICTURE:AVATAR,Avatar to win the Oscar,5,46.5,Feb/02/2010 17:08:40
694853,PICTURE:AVATAR,Avatar to win the Oscar,5,47.0,Feb/02/2010 17:08:40
694853,PICTURE:AVATAR,Avatar to win the Oscar,5,46.5,Feb/02/2010 17:10:19
694853,PICTURE:AVATAR,Avatar to win the Oscar,2,46.0,Feb/02/2010 17:10:19
694853,PICTURE:AVATAR,Avatar to win the Oscar,3,46.8,Feb/02/2010 17:10:19
694853,PICTURE:AVATAR,Avatar to win the Oscar,8,46.0,Feb/02/2010 17:13:32
694853,PICTURE:AVATAR,Avatar to win the Oscar,1,46.0,Feb/02/2010 17:13:32
694853,PICTURE:AVATAR,Avatar to win the Oscar,1,46.5,Feb/02/2010 17:13:32
694853,PICTURE:AVATAR,Avatar to win the Oscar,1,45.0,Feb/02/2010 17:16:17
694853,PICTURE:AVATAR,Avatar to win the Oscar,9,46.0,Feb/02/2010 17:16:17
694853,PICTURE:AVATAR,Avatar to win the Oscar,10,46.5,Feb/02/2010 17:29:24
694853,PICTURE:AVATAR,Avatar to win the Oscar,1,44.1,Feb/02/2010 17:36:53
694853,PICTURE:AVATAR,Avatar to win the Oscar,2,45.0,Feb/02/2010 17:36:53
694853,PICTURE:AVATAR,Avatar to win the Oscar,4,44.0,Feb/02/2010 17:36:53
694853,PICTURE:AVATAR,Avatar to win the Oscar,1,44.1,Feb/02/2010 17:36:53
694853,PICTURE:AVATAR,Avatar to win the Oscar,1,45.0,Feb/02/2010 17:36:53
694853,PICTURE:AVATAR,Avatar to win the Oscar,1,46.5,Feb/02/2010 17:36:53
694853,PICTURE:AVATAR,Avatar to win the Oscar,10,47.0,Feb/02/2010 17:55:53
694853,PICTURE:AVATAR,Avatar to win the Oscar,7,47.0,Feb/02/2010 18:23:49
694853,PICTURE:AVATAR,Avatar to win the Oscar,1,45.0,Feb/02/2010 18:25:59
694853,PICTURE:AVATAR,Avatar to win the Oscar,3,44.5,Feb/02/2010 19:30:39
694853,PICTURE:AVATAR,Avatar to win the Oscar,10,46.5,Feb/02/2010 19:37:37
694853,PICTURE:AVATAR,Avatar to win the Oscar,1,44.0,Feb/02/2010 20:04:21
694853,PICTURE:AVATAR,Avatar to win the Oscar,7,44.5,Feb/02/2010 20:04:21
694853,PICTURE:AVATAR,Avatar to win the Oscar,1,44.5,Feb/02/2010 20:04:21
694853,PICTURE:AVATAR,Avatar to win the Oscar,1,42.1,Feb/02/2010 20:07:13
694853,PICTURE:AVATAR,Avatar to win the Oscar,4,42.1,Feb/02/2010 20:07:13
694853,PICTURE:AVATAR,Avatar to win the Oscar,5,42.2,Feb/02/2010 20:07:13
694853,PICTURE:AVATAR,Avatar to win the Oscar,1,43.0,Feb/02/2010 20:10:19
694853,PICTURE:AVATAR,Avatar to win the Oscar,4,44.4,Feb/02/2010 22:02:16
694853,PICTURE:AVATAR,Avatar to win the Oscar,1,44.5,Feb/02/2010 22:02:16
694853,PICTURE:AVATAR,Avatar to win the Oscar,1,44.0,Feb/02/2010 22:02:16
694853,PICTURE:AVATAR,Avatar to win the Oscar,4,44.4,Feb/02/2010 22:14:08
694853,PICTURE:AVATAR,Avatar to win the Oscar,4,44.5,Feb/02/2010 23:07:49
694853,PICTURE:AVATAR,Avatar to win the Oscar,3,46.0,Feb/02/2010 23:08:52
694853,PICTURE:AVATAR,Avatar to win the Oscar,3,46.0,Feb/02/2010 23:08:52
694853,PICTURE:AVATAR,Avatar to win the Oscar,3,44.2,Feb/03/2010 00:07:43
694853,PICTURE:AVATAR,Avatar to win the Oscar,5,44.2,Feb/03/2010 00:56:52
694853,PICTURE:AVATAR,Avatar to win the Oscar,8,44.3,Feb/03/2010 00:57:23
694853,PICTURE:AVATAR,Avatar to win the Oscar,7,44.4,Feb/03/2010 00:58:50
694853,PICTURE:AVATAR,Avatar to win the Oscar,1,44.4,Feb/03/2010 02:17:32
694853,PICTURE:AVATAR,Avatar to win the Oscar,3,42.0,Feb/03/2010 03:34:25
694853,PICTURE:AVATAR,Avatar to win the Oscar,1,42.6,Feb/03/2010 03:34:25
694853,PICTURE:AVATAR,Avatar to win the Oscar,1,42.7,Feb/03/2010 03:34:25
694853,PICTURE:AVATAR,Avatar to win the Oscar,5,42.7,Feb/03/2010 03:34:25
694853,PICTURE:AVATAR,Avatar to win the Oscar,2,42.0,Feb/03/2010 05:01:05
694853,PICTURE:AVATAR,Avatar to win the Oscar,5,41.0,Feb/03/2010 05:01:05
694853,PICTURE:AVATAR,Avatar to win the Oscar,2,40.1,Feb/03/2010 05:01:05
694853,PICTURE:AVATAR,Avatar to win the Oscar,10,40.2,Feb/03/2010 05:01:05
694853,PICTURE:AVATAR,Avatar to win the Oscar,1,42.0,Feb/03/2010 05:01:05
694853,PICTURE:AVATAR,Avatar to win the Oscar,1,40.0,Feb/03/2010 05:43:30
694853,PICTURE:AVATAR,Avatar to win the Oscar,8,43.9,Feb/03/2010 06:39:31
694853,PICTURE:AVATAR,Avatar to win the Oscar,8,43.8,Feb/03/2010 06:39:31
694853,PICTURE:AVATAR,Avatar to win the Oscar,8,43.7,Feb/03/2010 06:39:31
694853,PICTURE:AVATAR,Avatar to win the Oscar,1,43.6,Feb/03/2010 06:39:31
694853,PICTURE:AVATAR,Avatar to win the Oscar,7,43.6,Feb/03/2010 06:39:31
694853,PICTURE:AVATAR,Avatar to win the Oscar,3,43.5,Feb/03/2010 06:39:31
694853,PICTURE:AVATAR,Avatar to win the Oscar,2,43.7,Feb/03/2010 08:18:55
694853,PICTURE:AVATAR,Avatar to win the Oscar,8,43.6,Feb/03/2010 08:18:55
694853,PICTURE:AVATAR,Avatar to win the Oscar,5,43.7,Feb/03/2010 11:27:35
694853,PICTURE:AVATAR,Avatar to win the Oscar,1,43.7,Feb/03/2010 12:09:48
694853,PICTURE:AVATAR,Avatar to win the Oscar,50,41.0,Feb/03/2010 12:15:15
694853,PICTURE:AVATAR,Avatar to win the Oscar,10,41.5,Feb/03/2010 12:15:15
694853,PICTURE:AVATAR,Avatar to win the Oscar,1,43.7,Feb/03/2010 13:52:20
694853,PICTURE:AVATAR,Avatar to win the Oscar,4,43.8,Feb/03/2010 13:52:42
694853,PICTURE:AVATAR,Avatar to win the Oscar,8,44.0,Feb/03/2010 14:20:13
694853,PICTURE:AVATAR,Avatar to win the Oscar,8,43.9,Feb/03/2010 14:20:13
694853,PICTURE:AVATAR,Avatar to win the Oscar,4,43.8,Feb/03/2010 14:20:13
694853,PICTURE:AVATAR,Avatar to win the Oscar,1,44.0,Feb/03/2010 17:56:39
694853,PICTURE:AVATAR,Avatar to win the Oscar,8,44.1,Feb/03/2010 17:57:17
694853,PICTURE:AVATAR,Avatar to win the Oscar,2,44.3,Feb/03/2010 18:23:54
694853,PICTURE:AVATAR,Avatar to win the Oscar,8,44.2,Feb/03/2010 18:23:54
694853,PICTURE:AVATAR,Avatar to win the Oscar,6,44.3,Feb/03/2010 18:35:42
694853,PICTURE:AVATAR,Avatar to win the Oscar,4,44.4,Feb/03/2010 18:35:42
694853,PICTURE:AVATAR,Avatar to win the Oscar,6,44.5,Feb/03/2010 18:36:21
694853,PICTURE:AVATAR,Avatar to win the Oscar,4,44.4,Feb/03/2010 18:36:21
694853,PICTURE:AVATAR,Avatar to win the Oscar,1,44.5,Feb/03/2010 18:37:59
694853,PICTURE:AVATAR,Avatar to win the Oscar,1,44.7,Feb/03/2010 18:40:22
694853,PICTURE:AVATAR,Avatar to win the Oscar,8,44.6,Feb/03/2010 18:40:22
694853,PICTURE:AVATAR,Avatar to win the Oscar,1,44.5,Feb/03/2010 18:40:22
694853,PICTURE:AVATAR,Avatar to win the Oscar,9,44.6,Feb/03/2010 19:12:38
694853,PICTURE:AVATAR,Avatar to win the Oscar,20,44.6,Feb/03/2010 19:20:57
694853,PICTURE:AVATAR,Avatar to win the Oscar,10,44.6,Feb/03/2010 19:21:41
694853,PICTURE:AVATAR,Avatar to win the Oscar,10,44.6,Feb/03/2010 19:22:48
694853,PICTURE:AVATAR,Avatar to win the Oscar,10,44.6,Feb/03/2010 19:24:09
694853,PICTURE:AVATAR,Avatar to win the Oscar,41,44.6,Feb/03/2010 19:41:54
694853,PICTURE:AVATAR,Avatar to win the Oscar,90,44.6,Feb/03/2010 19:41:54
694853,PICTURE:AVATAR,Avatar to win the Oscar,2,44.7,Feb/03/2010 21:09:13
694853,PICTURE:AVATAR,Avatar to win the Oscar,1,45.8,Feb/03/2010 21:52:30
694853,PICTURE:AVATAR,Avatar to win the Oscar,8,45.7,Feb/03/2010 21:52:30
694853,PICTURE:AVATAR,Avatar to win the Oscar,8,45.6,Feb/03/2010 21:52:30
694853,PICTURE:AVATAR,Avatar to win the Oscar,8,45.5,Feb/03/2010 21:52:30
694853,PICTURE:AVATAR,Avatar to win the Oscar,8,45.4,Feb/03/2010 21:52:30
694853,PICTURE:AVATAR,Avatar to win the Oscar,8,45.3,Feb/03/2010 21:52:30
694853,PICTURE:AVATAR,Avatar to win the Oscar,8,45.2,Feb/03/2010 21:52:30
694853,PICTURE:AVATAR,Avatar to win the Oscar,8,45.1,Feb/03/2010 21:52:30
694853,PICTURE:AVATAR,Avatar to win the Oscar,8,45.0,Feb/03/2010 21:52:30
694853,PICTURE:AVATAR,Avatar to win the Oscar,8,44.9,Feb/03/2010 21:52:30
694853,PICTURE:AVATAR,Avatar to win the Oscar,8,44.8,Feb/03/2010 21:52:30
694853,PICTURE:AVATAR,Avatar to win the Oscar,5,44.7,Feb/03/2010 21:52:30
694853,PICTURE:AVATAR,Avatar to win the Oscar,2,44.7,Feb/03/2010 21:52:30
694853,PICTURE:AVATAR,Avatar to win the Oscar,7,45.8,Feb/03/2010 22:15:21
694853,PICTURE:AVATAR,Avatar to win the Oscar,2,46.0,Feb/03/2010 22:15:21
694853,PICTURE:AVATAR,Avatar to win the Oscar,2,46.0,Feb/03/2010 22:15:21
694853,PICTURE:AVATAR,Avatar to win the Oscar,8,45.9,Feb/03/2010 22:15:21
694853,PICTURE:AVATAR,Avatar to win the Oscar,3,46.0,Feb/03/2010 22:44:44
694853,PICTURE:AVATAR,Avatar to win the Oscar,8,46.3,Feb/03/2010 22:55:29
694853,PICTURE:AVATAR,Avatar to win the Oscar,8,46.2,Feb/03/2010 22:55:29
694853,PICTURE:AVATAR,Avatar to win the Oscar,8,46.1,Feb/03/2010 22:55:29
694853,PICTURE:AVATAR,Avatar to win the Oscar,5,47.4,Feb/03/2010 23:01:14
694853,PICTURE:AVATAR,Avatar to win the Oscar,8,47.3,Feb/03/2010 23:01:14
694853,PICTURE:AVATAR,Avatar to win the Oscar,4,47.2,Feb/03/2010 23:01:14
694853,PICTURE:AVATAR,Avatar to win the Oscar,4,47.2,Feb/03/2010 23:01:14
694853,PICTURE:AVATAR,Avatar to win the Oscar,2,47.1,Feb/03/2010 23:01:14
694853,PICTURE:AVATAR,Avatar to win the Oscar,4,47.1,Feb/03/2010 23:01:14
694853,PICTURE:AVATAR,Avatar to win the Oscar,2,47.1,Feb/03/2010 23:01:14
694853,PICTURE:AVATAR,Avatar to win the Oscar,8,47.0,Feb/03/2010 23:01:14
694853,PICTURE:AVATAR,Avatar to win the Oscar,8,46.9,Feb/03/2010 23:01:14
694853,PICTURE:AVATAR,Avatar to win the Oscar,8,46.8,Feb/03/2010 23:01:14
694853,PICTURE:AVATAR,Avatar to win the Oscar,8,46.7,Feb/03/2010 23:01:14
694853,PICTURE:AVATAR,Avatar to win the Oscar,8,46.6,Feb/03/2010 23:01:14
694853,PICTURE:AVATAR,Avatar to win the Oscar,8,46.5,Feb/03/2010 23:01:14
694853,PICTURE:AVATAR,Avatar to win the Oscar,8,46.4,Feb/03/2010 23:01:14
694853,PICTURE:AVATAR,Avatar to win the Oscar,8,47.8,Feb/04/2010 00:21:37
694853,PICTURE:AVATAR,Avatar to win the Oscar,8,47.7,Feb/04/2010 00:21:37
694853,PICTURE:AVATAR,Avatar to win the Oscar,8,47.6,Feb/04/2010 00:21:37
694853,PICTURE:AVATAR,Avatar to win the Oscar,8,47.5,Feb/04/2010 00:21:37
694853,PICTURE:AVATAR,Avatar to win the Oscar,3,47.4,Feb/04/2010 00:21:37
694853,PICTURE:AVATAR,Avatar to win the Oscar,50,46.6,Feb/04/2010 02:20:18
694853,PICTURE:AVATAR,Avatar to win the Oscar,20,46.4,Feb/04/2010 02:22:23
694853,PICTURE:AVATAR,Avatar to win the Oscar,4,48.3,Feb/04/2010 03:12:06
694853,PICTURE:AVATAR,Avatar to win the Oscar,8,48.2,Feb/04/2010 03:12:06
694853,PICTURE:AVATAR,Avatar to win the Oscar,8,48.1,Feb/04/2010 03:12:06
694853,PICTURE:AVATAR,Avatar to win the Oscar,8,48.0,Feb/04/2010 03:12:06
694853,PICTURE:AVATAR,Avatar to win the Oscar,8,47.9,Feb/04/2010 03:12:06
694853,PICTURE:AVATAR,Avatar to win the Oscar,3,47.9,Feb/04/2010 03:12:06
694853,PICTURE:AVATAR,Avatar to win the Oscar,8,47.8,Feb/04/2010 03:12:06
694853,PICTURE:AVATAR,Avatar to win the Oscar,8,47.7,Feb/04/2010 03:12:06
694853,PICTURE:AVATAR,Avatar to win the Oscar,8,47.6,Feb/04/2010 03:12:06
694853,PICTURE:AVATAR,Avatar to win the Oscar,30,46.9,Feb/04/2010 03:12:06
694853,PICTURE:AVATAR,Avatar to win the Oscar,30,46.5,Feb/04/2010 03:43:20
694853,PICTURE:AVATAR,Avatar to win the Oscar,20,46.5,Feb/04/2010 03:46:01
694853,PICTURE:AVATAR,Avatar to win the Oscar,50,46.5,Feb/04/2010 03:47:32
694853,PICTURE:AVATAR,Avatar to win the Oscar,50,47.0,Feb/04/2010 05:28:50
694853,PICTURE:AVATAR,Avatar to win the Oscar,1,46.6,Feb/04/2010 12:26:35
694853,PICTURE:AVATAR,Avatar to win the Oscar,1,46.1,Feb/04/2010 14:10:31
694853,PICTURE:AVATAR,Avatar to win the Oscar,17,46.6,Feb/04/2010 14:10:31
694853,PICTURE:AVATAR,Avatar to win the Oscar,1,48.0,Feb/04/2010 17:26:52
694853,PICTURE:AVATAR,Avatar to win the Oscar,2,48.9,Feb/04/2010 19:15:04
694853,PICTURE:AVATAR,Avatar to win the Oscar,8,48.8,Feb/04/2010 19:15:04
694853,PICTURE:AVATAR,Avatar to win the Oscar,8,48.7,Feb/04/2010 19:15:04
694853,PICTURE:AVATAR,Avatar to win the Oscar,8,48.6,Feb/04/2010 19:15:04
694853,PICTURE:AVATAR,Avatar to win the Oscar,8,48.5,Feb/04/2010 19:15:04
694853,PICTURE:AVATAR,Avatar to win the Oscar,8,48.4,Feb/04/2010 19:15:04
694853,PICTURE:AVATAR,Avatar to win the Oscar,4,48.3,Feb/04/2010 19:15:04
694853,PICTURE:AVATAR,Avatar to win the Oscar,4,48.2,Feb/04/2010 19:15:04
694853,PICTURE:AVATAR,Avatar to win the Oscar,5,48.9,Feb/04/2010 19:22:27
694853,PICTURE:AVATAR,Avatar to win the Oscar,50,47.4,Feb/04/2010 22:27:03
694853,PICTURE:AVATAR,Avatar to win the Oscar,1,47.5,Feb/04/2010 22:28:01
694853,PICTURE:AVATAR,Avatar to win the Oscar,50,47.4,Feb/04/2010 22:28:20
694853,PICTURE:AVATAR,Avatar to win the Oscar,1,47.5,Feb/04/2010 23:29:14
694853,PICTURE:AVATAR,Avatar to win the Oscar,50,48.4,Feb/05/2010 01:22:47
694853,PICTURE:AVATAR,Avatar to win the Oscar,50,48.4,Feb/05/2010 01:25:12
694853,PICTURE:AVATAR,Avatar to win the Oscar,1,48.5,Feb/05/2010 01:53:21
694853,PICTURE:AVATAR,Avatar to win the Oscar,2,48.5,Feb/05/2010 03:33:13
694853,PICTURE:AVATAR,Avatar to win the Oscar,5,48.5,Feb/05/2010 05:07:28
694853,PICTURE:AVATAR,Avatar to win the Oscar,4,48.6,Feb/05/2010 05:07:28
694853,PICTURE:AVATAR,Avatar to win the Oscar,10,48.5,Feb/05/2010 05:07:28
694853,PICTURE:AVATAR,Avatar to win the Oscar,12,47.3,Feb/05/2010 09:58:02
694853,PICTURE:AVATAR,Avatar to win the Oscar,5,47.4,Feb/05/2010 09:58:02
694853,PICTURE:AVATAR,Avatar to win the Oscar,1,47.4,Feb/05/2010 09:58:02
694853,PICTURE:AVATAR,Avatar to win the Oscar,1,47.6,Feb/05/2010 09:58:02
694853,PICTURE:AVATAR,Avatar to win the Oscar,1,47.7,Feb/05/2010 09:58:02
694853,PICTURE:AVATAR,Avatar to win the Oscar,1,47.4,Feb/05/2010 09:58:02
694853,PICTURE:AVATAR,Avatar to win the Oscar,5,47.4,Feb/05/2010 09:58:02
694853,PICTURE:AVATAR,Avatar to win the Oscar,2,48.3,Feb/05/2010 20:12:43
694853,PICTURE:AVATAR,Avatar to win the Oscar,3,48.4,Feb/05/2010 20:13:26
694853,PICTURE:AVATAR,Avatar to win the Oscar,8,48.3,Feb/06/2010 00:05:00
694853,PICTURE:AVATAR,Avatar to win the Oscar,1,48.9,Feb/06/2010 00:05:25
694853,PICTURE:AVATAR,Avatar to win the Oscar,2,48.9,Feb/06/2010 00:05:25
694853,PICTURE:AVATAR,Avatar to win the Oscar,8,48.8,Feb/06/2010 00:05:25
694853,PICTURE:AVATAR,Avatar to win the Oscar,8,48.7,Feb/06/2010 00:05:25
694853,PICTURE:AVATAR,Avatar to win the Oscar,4,48.6,Feb/06/2010 00:05:25
694853,PICTURE:AVATAR,Avatar to win the Oscar,4,48.5,Feb/06/2010 00:05:25
694853,PICTURE:AVATAR,Avatar to win the Oscar,8,48.4,Feb/06/2010 00:05:25
694853,PICTURE:AVATAR,Avatar to win the Oscar,6,49.3,Feb/06/2010 00:11:14
694853,PICTURE:AVATAR,Avatar to win the Oscar,8,49.2,Feb/06/2010 00:11:14
694853,PICTURE:AVATAR,Avatar to win the Oscar,8,49.1,Feb/06/2010 00:11:14
694853,PICTURE:AVATAR,Avatar to win the Oscar,8,49.0,Feb/06/2010 00:11:14
694853,PICTURE:AVATAR,Avatar to win the Oscar,5,48.9,Feb/06/2010 00:11:14
694853,PICTURE:AVATAR,Avatar to win the Oscar,8,49.5,Feb/06/2010 00:12:56
694853,PICTURE:AVATAR,Avatar to win the Oscar,8,49.4,Feb/06/2010 00:12:56
694853,PICTURE:AVATAR,Avatar to win the Oscar,2,49.3,Feb/06/2010 00:12:56
694853,PICTURE:AVATAR,Avatar to win the Oscar,8,49.8,Feb/06/2010 00:14:11
694853,PICTURE:AVATAR,Avatar to win the Oscar,8,49.7,Feb/06/2010 00:14:11
694853,PICTURE:AVATAR,Avatar to win the Oscar,8,49.9,Feb/06/2010 00:14:11
694853,PICTURE:AVATAR,Avatar to win the Oscar,8,49.6,Feb/06/2010 00:14:11
694853,PICTURE:AVATAR,Avatar to win the Oscar,10,49.8,Feb/06/2010 00:14:11
694853,PICTURE:AVATAR,Avatar to win the Oscar,1,49.5,Feb/06/2010 04:06:18
694853,PICTURE:AVATAR,Avatar to win the Oscar,7,49.5,Feb/06/2010 04:06:18
694853,PICTURE:AVATAR,Avatar to win the Oscar,1,49.8,Feb/06/2010 04:07:34
694853,PICTURE:AVATAR,Avatar to win the Oscar,8,49.6,Feb/06/2010 04:07:34
694853,PICTURE:AVATAR,Avatar to win the Oscar,8,49.7,Feb/06/2010 04:07:34
694853,PICTURE:AVATAR,Avatar to win the Oscar,33,49.8,Feb/06/2010 04:07:34
694853,PICTURE:AVATAR,Avatar to win the Oscar,7,49.8,Feb/06/2010 16:53:23
694853,PICTURE:AVATAR,Avatar to win the Oscar,3,49.8,Feb/06/2010 16:53:23
694853,PICTURE:AVATAR,Avatar to win the Oscar,2,49.8,Feb/06/2010 17:22:02
694853,PICTURE:AVATAR,Avatar to win the Oscar,35,49.8,Feb/06/2010 17:25:08
694853,PICTURE:AVATAR,Avatar to win the Oscar,4,49.8,Feb/06/2010 17:25:08
694853,PICTURE:AVATAR,Avatar to win the Oscar,50,49.0,Feb/06/2010 20:11:41
694853,PICTURE:AVATAR,Avatar to win the Oscar,100,48.0,Feb/06/2010 20:20:33
694853,PICTURE:AVATAR,Avatar to win the Oscar,1,49.2,Feb/07/2010 19:12:35
694853,PICTURE:AVATAR,Avatar to win the Oscar,7,49.2,Feb/07/2010 19:12:35
694853,PICTURE:AVATAR,Avatar to win the Oscar,1,49.3,Feb/07/2010 19:40:09
694853,PICTURE:AVATAR,Avatar to win the Oscar,1,49.3,Feb/07/2010 19:40:50
694853,PICTURE:AVATAR,Avatar to win the Oscar,42,49.2,Feb/07/2010 20:34:40
694853,PICTURE:AVATAR,Avatar to win the Oscar,1,48.1,Feb/07/2010 20:34:55
694853,PICTURE:AVATAR,Avatar to win the Oscar,1,48.2,Feb/07/2010 20:34:55
694853,PICTURE:AVATAR,Avatar to win the Oscar,5,47.2,Feb/07/2010 20:35:13
694853,PICTURE:AVATAR,Avatar to win the Oscar,1,47.3,Feb/07/2010 20:35:13
694853,PICTURE:AVATAR,Avatar to win the Oscar,2,47.0,Feb/07/2010 20:35:52
694853,PICTURE:AVATAR,Avatar to win the Oscar,10,47.1,Feb/07/2010 20:35:52
694853,PICTURE:AVATAR,Avatar to win the Oscar,31,47.2,Feb/07/2010 20:35:52
694853,PICTURE:AVATAR,Avatar to win the Oscar,7,47.2,Feb/07/2010 20:35:52
694853,PICTURE:AVATAR,Avatar to win the Oscar,3,49.2,Feb/07/2010 21:22:52
694853,PICTURE:AVATAR,Avatar to win the Oscar,5,48.9,Feb/07/2010 22:41:42
694853,PICTURE:AVATAR,Avatar to win the Oscar,1,47.5,Feb/07/2010 23:33:03
694853,PICTURE:AVATAR,Avatar to win the Oscar,1,47.1,Feb/07/2010 23:33:15
694853,PICTURE:AVATAR,Avatar to win the Oscar,3,47.1,Feb/07/2010 23:33:15
694853,PICTURE:AVATAR,Avatar to win the Oscar,28,47.0,Feb/07/2010 23:33:36
694853,PICTURE:AVATAR,Avatar to win the Oscar,1,47.1,Feb/08/2010 00:00:51
694853,PICTURE:AVATAR,Avatar to win the Oscar,4,47.0,Feb/08/2010 00:56:08
694853,PICTURE:AVATAR,Avatar to win the Oscar,10,48.8,Feb/08/2010 01:01:49
694853,PICTURE:AVATAR,Avatar to win the Oscar,30,49.9,Feb/08/2010 01:48:47
694853,PICTURE:AVATAR,Avatar to win the Oscar,4,49.6,Feb/08/2010 01:48:47
694853,PICTURE:AVATAR,Avatar to win the Oscar,10,49.4,Feb/08/2010 01:48:47
694853,PICTURE:AVATAR,Avatar to win the Oscar,6,49.3,Feb/08/2010 01:48:47
694853,PICTURE:AVATAR,Avatar to win the Oscar,20,49.4,Feb/08/2010 01:48:47
694853,PICTURE:AVATAR,Avatar to win the Oscar,20,48.7,Feb/08/2010 01:48:47
694853,PICTURE:AVATAR,Avatar to win the Oscar,10,48.6,Feb/08/2010 01:48:47
694853,PICTURE:AVATAR,Avatar to win the Oscar,8,50.0,Feb/08/2010 01:49:33
694853,PICTURE:AVATAR,Avatar to win the Oscar,20,50.0,Feb/08/2010 01:49:33
694853,PICTURE:AVATAR,Avatar to win the Oscar,10,49.9,Feb/08/2010 01:49:33
694853,PICTURE:AVATAR,Avatar to win the Oscar,1,46.8,Feb/08/2010 04:03:35
694853,PICTURE:AVATAR,Avatar to win the Oscar,30,49.8,Feb/08/2010 09:00:27
694853,PICTURE:AVATAR,Avatar to win the Oscar,1,49.7,Feb/08/2010 09:00:27
694853,PICTURE:AVATAR,Avatar to win the Oscar,1,46.8,Feb/08/2010 10:19:06
694853,PICTURE:AVATAR,Avatar to win the Oscar,1,49.7,Feb/08/2010 22:40:40
694853,PICTURE:AVATAR,Avatar to win the Oscar,3,49.7,Feb/08/2010 22:40:40
694853,PICTURE:AVATAR,Avatar to win the Oscar,1,49.8,Feb/08/2010 22:45:31
694853,PICTURE:AVATAR,Avatar to win the Oscar,1,49.7,Feb/08/2010 22:50:06
694853,PICTURE:AVATAR,Avatar to win the Oscar,1,49.2,Feb/08/2010 22:50:29
694853,PICTURE:AVATAR,Avatar to win the Oscar,1,49.1,Feb/08/2010 22:50:41
694853,PICTURE:AVATAR,Avatar to win the Oscar,8,47.1,Feb/08/2010 23:04:06
694853,PICTURE:AVATAR,Avatar to win the Oscar,1,48.4,Feb/08/2010 23:04:06
694853,PICTURE:AVATAR,Avatar to win the Oscar,1,48.1,Feb/08/2010 23:04:06
694853,PICTURE:AVATAR,Avatar to win the Oscar,1,46.6,Feb/08/2010 23:04:43
694853,PICTURE:AVATAR,Avatar to win the Oscar,7,47.0,Feb/08/2010 23:04:43
694853,PICTURE:AVATAR,Avatar to win the Oscar,2,47.1,Feb/08/2010 23:04:43
694853,PICTURE:AVATAR,Avatar to win the Oscar,2,45.7,Feb/08/2010 23:05:27
694853,PICTURE:AVATAR,Avatar to win the Oscar,1,46.2,Feb/08/2010 23:05:27
694853,PICTURE:AVATAR,Avatar to win the Oscar,1,46.3,Feb/08/2010 23:05:27
694853,PICTURE:AVATAR,Avatar to win the Oscar,1,46.6,Feb/08/2010 23:05:27
694853,PICTURE:AVATAR,Avatar to win the Oscar,2,46.1,Feb/08/2010 23:05:27
694853,PICTURE:AVATAR,Avatar to win the Oscar,2,45.6,Feb/08/2010 23:05:27
694853,PICTURE:AVATAR,Avatar to win the Oscar,1,48.0,Feb/08/2010 23:07:34
694853,PICTURE:AVATAR,Avatar to win the Oscar,5,48.0,Feb/08/2010 23:08:36
694853,PICTURE:AVATAR,Avatar to win the Oscar,1,47.0,Feb/09/2010 00:30:43
694853,PICTURE:AVATAR,Avatar to win the Oscar,1,45.2,Feb/09/2010 01:01:43
694853,PICTURE:AVATAR,Avatar to win the Oscar,2,45.1,Feb/09/2010 01:01:43
694853,PICTURE:AVATAR,Avatar to win the Oscar,15,46.0,Feb/09/2010 06:11:03
694853,PICTURE:AVATAR,Avatar to win the Oscar,5,46.0,Feb/09/2010 06:52:19
694853,PICTURE:AVATAR,Avatar to win the Oscar,20,46.0,Feb/09/2010 13:24:30
694853,PICTURE:AVATAR,Avatar to win the Oscar,2,47.3,Feb/09/2010 23:34:10
694853,PICTURE:AVATAR,Avatar to win the Oscar,19,47.5,Feb/10/2010 03:59:31
694853,PICTURE:AVATAR,Avatar to win the Oscar,1,47.4,Feb/10/2010 03:59:31
694853,PICTURE:AVATAR,Avatar to win the Oscar,3,47.3,Feb/10/2010 03:59:31
694853,PICTURE:AVATAR,Avatar to win the Oscar,1,47.5,Feb/10/2010 04:01:25
694853,PICTURE:AVATAR,Avatar to win the Oscar,48,47.9,Feb/10/2010 14:26:25
694853,PICTURE:AVATAR,Avatar to win the Oscar,1,47.8,Feb/10/2010 14:26:25
694853,PICTURE:AVATAR,Avatar to win the Oscar,6,47.7,Feb/10/2010 14:26:25
694853,PICTURE:AVATAR,Avatar to win the Oscar,22,47.9,Feb/10/2010 16:19:32
694853,PICTURE:AVATAR,Avatar to win the Oscar,33,47.9,Feb/10/2010 16:43:30
694853,PICTURE:AVATAR,Avatar to win the Oscar,1,47.9,Feb/10/2010 18:27:00
694853,PICTURE:AVATAR,Avatar to win the Oscar,4,46.0,Feb/10/2010 19:40:24
694853,PICTURE:AVATAR,Avatar to win the Oscar,1,45.8,Feb/10/2010 19:40:24
694853,PICTURE:AVATAR,Avatar to win the Oscar,1,46.3,Feb/10/2010 19:40:24
694853,PICTURE:AVATAR,Avatar to win the Oscar,1,46.8,Feb/10/2010 19:40:24
694853,PICTURE:AVATAR,Avatar to win the Oscar,1,47.1,Feb/10/2010 19:40:24
694853,PICTURE:AVATAR,Avatar to win the Oscar,1,46.2,Feb/10/2010 19:40:24
694853,PICTURE:AVATAR,Avatar to win the Oscar,1,47.4,Feb/10/2010 19:40:24
694853,PICTURE:AVATAR,Avatar to win the Oscar,9,45.1,Feb/10/2010 19:40:24
694853,PICTURE:AVATAR,Avatar to win the Oscar,1,45.2,Feb/10/2010 19:40:24
694853,PICTURE:AVATAR,Avatar to win the Oscar,1,47.8,Feb/10/2010 19:53:39
694853,PICTURE:AVATAR,Avatar to win the Oscar,4,47.8,Feb/10/2010 19:53:39
694853,PICTURE:AVATAR,Avatar to win the Oscar,1,46.9,Feb/10/2010 22:13:11
694853,PICTURE:AVATAR,Avatar to win the Oscar,1,47.6,Feb/10/2010 22:13:35
694853,PICTURE:AVATAR,Avatar to win the Oscar,1,47.7,Feb/10/2010 22:13:49
694853,PICTURE:AVATAR,Avatar to win the Oscar,7,46.5,Feb/10/2010 23:21:26
694853,PICTURE:AVATAR,Avatar to win the Oscar,5,47.0,Feb/11/2010 02:39:18
694853,PICTURE:AVATAR,Avatar to win the Oscar,1,45.4,Feb/11/2010 02:41:58
694853,PICTURE:AVATAR,Avatar to win the Oscar,1,45.5,Feb/11/2010 02:41:58
694853,PICTURE:AVATAR,Avatar to win the Oscar,3,45.2,Feb/11/2010 02:41:58
694853,PICTURE:AVATAR,Avatar to win the Oscar,5,45.2,Feb/11/2010 02:42:08
694853,PICTURE:AVATAR,Avatar to win the Oscar,5,45.2,Feb/11/2010 02:42:32
694853,PICTURE:AVATAR,Avatar to win the Oscar,5,45.2,Feb/11/2010 03:03:21
694853,PICTURE:AVATAR,Avatar to win the Oscar,5,45.2,Feb/11/2010 03:03:30
694853,PICTURE:AVATAR,Avatar to win the Oscar,5,45.2,Feb/11/2010 03:03:39
694853,PICTURE:AVATAR,Avatar to win the Oscar,3,45.1,Feb/11/2010 03:04:08
694853,PICTURE:AVATAR,Avatar to win the Oscar,2,45.2,Feb/11/2010 03:04:08
694853,PICTURE:AVATAR,Avatar to win the Oscar,1,46.0,Feb/11/2010 08:11:46
694853,PICTURE:AVATAR,Avatar to win the Oscar,1,45.5,Feb/11/2010 08:11:58
694853,PICTURE:AVATAR,Avatar to win the Oscar,1,45.2,Feb/11/2010 08:12:20
694853,PICTURE:AVATAR,Avatar to win the Oscar,1,45.2,Feb/11/2010 08:12:20
694853,PICTURE:AVATAR,Avatar to win the Oscar,5,45.1,Feb/11/2010 08:14:14
694853,PICTURE:AVATAR,Avatar to win the Oscar,17,45.0,Feb/11/2010 13:28:13
694853,PICTURE:AVATAR,Avatar to win the Oscar,2,45.1,Feb/11/2010 13:28:13
694853,PICTURE:AVATAR,Avatar to win the Oscar,10,45.1,Feb/11/2010 13:28:13
694853,PICTURE:AVATAR,Avatar to win the Oscar,1,45.1,Feb/11/2010 13:28:13
694853,PICTURE:AVATAR,Avatar to win the Oscar,3,45.0,Feb/11/2010 13:29:09
694853,PICTURE:AVATAR,Avatar to win the Oscar,1,44.5,Feb/11/2010 13:29:09
694853,PICTURE:AVATAR,Avatar to win the Oscar,1,44.4,Feb/11/2010 13:29:26
694853,PICTURE:AVATAR,Avatar to win the Oscar,5,44.4,Feb/11/2010 13:29:59
694853,PICTURE:AVATAR,Avatar to win the Oscar,1,44.2,Feb/11/2010 13:30:12
694853,PICTURE:AVATAR,Avatar to win the Oscar,4,44.4,Feb/11/2010 13:30:12
694853,PICTURE:AVATAR,Avatar to win the Oscar,5,44.3,Feb/11/2010 14:21:46
694853,PICTURE:AVATAR,Avatar to win the Oscar,5,44.3,Feb/11/2010 14:21:55
694853,PICTURE:AVATAR,Avatar to win the Oscar,5,44.3,Feb/11/2010 14:21:58
694853,PICTURE:AVATAR,Avatar to win the Oscar,5,44.3,Feb/11/2010 14:22:15
694853,PICTURE:AVATAR,Avatar to win the Oscar,1,44.2,Feb/11/2010 15:32:42
694853,PICTURE:AVATAR,Avatar to win the Oscar,1,44.3,Feb/11/2010 17:54:57
694853,PICTURE:AVATAR,Avatar to win the Oscar,1,46.3,Feb/12/2010 13:09:47
694853,PICTURE:AVATAR,Avatar to win the Oscar,1,46.2,Feb/12/2010 13:09:47
694853,PICTURE:AVATAR,Avatar to win the Oscar,100,46.0,Feb/12/2010 17:04:39
694853,PICTURE:AVATAR,Avatar to win the Oscar,99,45.5,Feb/12/2010 20:09:20
694853,PICTURE:AVATAR,Avatar to win the Oscar,25,45.9,Feb/12/2010 20:18:16
694853,PICTURE:AVATAR,Avatar to win the Oscar,25,45.9,Feb/12/2010 20:18:23
694853,PICTURE:AVATAR,Avatar to win the Oscar,200,45.4,Feb/12/2010 22:18:30
694853,PICTURE:AVATAR,Avatar to win the Oscar,1,45.0,Feb/13/2010 15:04:02
694853,PICTURE:AVATAR,Avatar to win the Oscar,1,46.5,Feb/13/2010 15:20:05
694853,PICTURE:AVATAR,Avatar to win the Oscar,4,46.4,Feb/13/2010 15:20:05
694853,PICTURE:AVATAR,Avatar to win the Oscar,9,46.3,Feb/13/2010 15:20:05
694853,PICTURE:AVATAR,Avatar to win the Oscar,1,46.1,Feb/13/2010 15:20:05
694853,PICTURE:AVATAR,Avatar to win the Oscar,10,46.0,Feb/13/2010 15:20:05
694853,PICTURE:AVATAR,Avatar to win the Oscar,10,46.8,Feb/13/2010 15:29:58
694853,PICTURE:AVATAR,Avatar to win the Oscar,1,46.7,Feb/13/2010 15:29:58
694853,PICTURE:AVATAR,Avatar to win the Oscar,10,46.5,Feb/13/2010 22:26:37
694853,PICTURE:AVATAR,Avatar to win the Oscar,6,45.8,Feb/13/2010 22:27:14
694853,PICTURE:AVATAR,Avatar to win the Oscar,4,45.8,Feb/13/2010 22:27:14
694853,PICTURE:AVATAR,Avatar to win the Oscar,2,45.8,Feb/14/2010 00:04:59
694853,PICTURE:AVATAR,Avatar to win the Oscar,1,45.2,Feb/14/2010 16:33:01
694853,PICTURE:AVATAR,Avatar to win the Oscar,1,45.0,Feb/14/2010 16:33:56
694853,PICTURE:AVATAR,Avatar to win the Oscar,1,45.0,Feb/14/2010 16:44:50
694853,PICTURE:AVATAR,Avatar to win the Oscar,1,44.4,Feb/14/2010 16:46:49
694853,PICTURE:AVATAR,Avatar to win the Oscar,5,46.0,Feb/14/2010 21:30:37
694853,PICTURE:AVATAR,Avatar to win the Oscar,50,45.9,Feb/15/2010 02:32:23
694853,PICTURE:AVATAR,Avatar to win the Oscar,50,45.9,Feb/15/2010 05:42:20
694853,PICTURE:AVATAR,Avatar to win the Oscar,8,44.2,Feb/15/2010 05:43:44
694853,PICTURE:AVATAR,Avatar to win the Oscar,22,44.0,Feb/15/2010 05:43:44
694853,PICTURE:AVATAR,Avatar to win the Oscar,1,44.4,Feb/15/2010 05:43:44
694853,PICTURE:AVATAR,Avatar to win the Oscar,1,45.7,Feb/15/2010 05:43:44
694853,PICTURE:AVATAR,Avatar to win the Oscar,9,44.3,Feb/15/2010 05:43:44
694853,PICTURE:AVATAR,Avatar to win the Oscar,5,43.6,Feb/15/2010 06:33:10
694853,PICTURE:AVATAR,Avatar to win the Oscar,5,43.6,Feb/15/2010 06:33:28
694853,PICTURE:AVATAR,Avatar to win the Oscar,5,43.5,Feb/15/2010 06:34:12
694853,PICTURE:AVATAR,Avatar to win the Oscar,5,43.5,Feb/15/2010 06:34:24
694853,PICTURE:AVATAR,Avatar to win the Oscar,5,43.5,Feb/15/2010 06:34:58
694853,PICTURE:AVATAR,Avatar to win the Oscar,5,43.5,Feb/15/2010 06:35:07
694853,PICTURE:AVATAR,Avatar to win the Oscar,5,43.0,Feb/15/2010 06:35:24
694853,PICTURE:AVATAR,Avatar to win the Oscar,5,43.0,Feb/15/2010 06:35:36
694853,PICTURE:AVATAR,Avatar to win the Oscar,5,43.0,Feb/15/2010 06:35:47
694853,PICTURE:AVATAR,Avatar to win the Oscar,5,43.0,Feb/15/2010 06:36:11
694853,PICTURE:AVATAR,Avatar to win the Oscar,9,42.5,Feb/15/2010 09:58:20
694853,PICTURE:AVATAR,Avatar to win the Oscar,11,42.5,Feb/15/2010 09:58:33
694853,PICTURE:AVATAR,Avatar to win the Oscar,15,43.9,Feb/15/2010 14:33:27
694853,PICTURE:AVATAR,Avatar to win the Oscar,154,43.8,Feb/15/2010 15:40:20
694853,PICTURE:AVATAR,Avatar to win the Oscar,33,43.8,Feb/15/2010 15:44:46
694853,PICTURE:AVATAR,Avatar to win the Oscar,13,43.8,Feb/15/2010 16:26:58
694853,PICTURE:AVATAR,Avatar to win the Oscar,1,43.8,Feb/15/2010 16:26:58
694853,PICTURE:AVATAR,Avatar to win the Oscar,1,43.8,Feb/16/2010 00:18:08
694853,PICTURE:AVATAR,Avatar to win the Oscar,2,43.5,Feb/16/2010 04:09:29
694853,PICTURE:AVATAR,Avatar to win the Oscar,4,42.1,Feb/16/2010 04:10:00
694853,PICTURE:AVATAR,Avatar to win the Oscar,8,42.0,Feb/16/2010 04:10:12
694853,PICTURE:AVATAR,Avatar to win the Oscar,18,41.0,Feb/16/2010 04:11:34
694853,PICTURE:AVATAR,Avatar to win the Oscar,1,41.0,Feb/16/2010 04:12:10
694853,PICTURE:AVATAR,Avatar to win the Oscar,2,40.0,Feb/16/2010 04:51:36
694853,PICTURE:AVATAR,Avatar to win the Oscar,1,41.1,Feb/16/2010 04:51:36
694853,PICTURE:AVATAR,Avatar to win the Oscar,1,43.7,Feb/16/2010 16:20:49
694853,PICTURE:AVATAR,Avatar to win the Oscar,4,43.0,Feb/17/2010 02:04:15
694853,PICTURE:AVATAR,Avatar to win the Oscar,4,43.1,Feb/17/2010 02:04:43
694853,PICTURE:AVATAR,Avatar to win the Oscar,1,43.0,Feb/17/2010 06:47:55
694853,PICTURE:AVATAR,Avatar to win the Oscar,1,42.0,Feb/17/2010 14:23:15
694853,PICTURE:AVATAR,Avatar to win the Oscar,1,42.0,Feb/17/2010 14:23:20
694853,PICTURE:AVATAR,Avatar to win the Oscar,3,43.0,Feb/17/2010 16:04:00
694853,PICTURE:AVATAR,Avatar to win the Oscar,3,42.0,Feb/17/2010 16:09:21
694853,PICTURE:AVATAR,Avatar to win the Oscar,1,42.1,Feb/17/2010 16:09:21
694853,PICTURE:AVATAR,Avatar to win the Oscar,1,42.0,Feb/17/2010 16:10:14
694853,PICTURE:AVATAR,Avatar to win the Oscar,8,40.0,Feb/17/2010 16:12:08
694853,PICTURE:AVATAR,Avatar to win the Oscar,10,40.2,Feb/17/2010 16:12:08
694853,PICTURE:AVATAR,Avatar to win the Oscar,5,41.0,Feb/17/2010 16:12:08
694853,PICTURE:AVATAR,Avatar to win the Oscar,3,40.3,Feb/17/2010 16:12:08
694853,PICTURE:AVATAR,Avatar to win the Oscar,94,42.0,Feb/17/2010 16:12:08
694853,PICTURE:AVATAR,Avatar to win the Oscar,1,42.9,Feb/17/2010 18:38:42
694853,PICTURE:AVATAR,Avatar to win the Oscar,1,42.1,Feb/17/2010 19:31:57
694853,PICTURE:AVATAR,Avatar to win the Oscar,20,41.0,Feb/17/2010 19:32:42
694853,PICTURE:AVATAR,Avatar to win the Oscar,5,42.0,Feb/18/2010 00:20:02
694853,PICTURE:AVATAR,Avatar to win the Oscar,5,40.0,Feb/18/2010 00:57:04
694853,PICTURE:AVATAR,Avatar to win the Oscar,5,40.0,Feb/18/2010 00:57:21
694853,PICTURE:AVATAR,Avatar to win the Oscar,3,42.9,Feb/18/2010 01:03:08
694853,PICTURE:AVATAR,Avatar to win the Oscar,1,42.5,Feb/18/2010 01:03:08
694853,PICTURE:AVATAR,Avatar to win the Oscar,1,42.5,Feb/18/2010 01:03:08
694853,PICTURE:AVATAR,Avatar to win the Oscar,1,42.9,Feb/18/2010 01:05:00
694853,PICTURE:AVATAR,Avatar to win the Oscar,1,41.1,Feb/18/2010 12:54:58
694853,PICTURE:AVATAR,Avatar to win the Oscar,4,41.1,Feb/18/2010 17:21:59
694853,PICTURE:AVATAR,Avatar to win the Oscar,5,41.0,Feb/18/2010 17:26:48
694853,PICTURE:AVATAR,Avatar to win the Oscar,5,41.0,Feb/18/2010 17:27:02
694853,PICTURE:AVATAR,Avatar to win the Oscar,5,41.0,Feb/18/2010 17:27:24
694853,PICTURE:AVATAR,Avatar to win the Oscar,15,41.0,Feb/18/2010 17:28:14
694853,PICTURE:AVATAR,Avatar to win the Oscar,5,41.0,Feb/18/2010 17:31:47
694853,PICTURE:AVATAR,Avatar to win the Oscar,5,41.0,Feb/18/2010 17:32:04
694853,PICTURE:AVATAR,Avatar to win the Oscar,5,41.0,Feb/18/2010 17:32:31
694853,PICTURE:AVATAR,Avatar to win the Oscar,5,41.0,Feb/18/2010 17:32:43
694853,PICTURE:AVATAR,Avatar to win the Oscar,5,41.0,Feb/18/2010 17:33:51
694853,PICTURE:AVATAR,Avatar to win the Oscar,2,41.0,Feb/18/2010 17:44:06
694853,PICTURE:AVATAR,Avatar to win the Oscar,4,41.9,Feb/18/2010 20:27:10
694853,PICTURE:AVATAR,Avatar to win the Oscar,1,41.5,Feb/18/2010 20:27:10
694853,PICTURE:AVATAR,Avatar to win the Oscar,5,41.9,Feb/18/2010 20:27:59
694853,PICTURE:AVATAR,Avatar to win the Oscar,1,41.8,Feb/19/2010 01:57:18
694853,PICTURE:AVATAR,Avatar to win the Oscar,2,41.8,Feb/19/2010 02:41:34
694853,PICTURE:AVATAR,Avatar to win the Oscar,20,41.7,Feb/19/2010 02:41:53
694853,PICTURE:AVATAR,Avatar to win the Oscar,5,41.7,Feb/19/2010 02:42:43
694853,PICTURE:AVATAR,Avatar to win the Oscar,75,41.7,Feb/19/2010 02:45:17
694853,PICTURE:AVATAR,Avatar to win the Oscar,26,41.9,Feb/19/2010 07:10:38
694853,PICTURE:AVATAR,Avatar to win the Oscar,7,41.8,Feb/19/2010 07:10:38
694853,PICTURE:AVATAR,Avatar to win the Oscar,100,42.1,Feb/19/2010 16:29:03
694853,PICTURE:AVATAR,Avatar to win the Oscar,3,42.0,Feb/19/2010 17:45:35
694853,PICTURE:AVATAR,Avatar to win the Oscar,3,42.0,Feb/19/2010 17:57:44
694853,PICTURE:AVATAR,Avatar to win the Oscar,7,42.0,Feb/19/2010 17:58:50
694853,PICTURE:AVATAR,Avatar to win the Oscar,20,42.0,Feb/19/2010 17:58:59
694853,PICTURE:AVATAR,Avatar to win the Oscar,10,42.0,Feb/19/2010 17:59:13
694853,PICTURE:AVATAR,Avatar to win the Oscar,57,42.0,Feb/19/2010 18:27:14
694853,PICTURE:AVATAR,Avatar to win the Oscar,23,42.0,Feb/19/2010 18:27:14
694853,PICTURE:AVATAR,Avatar to win the Oscar,40,42.0,Feb/19/2010 22:48:47
694853,PICTURE:AVATAR,Avatar to win the Oscar,5,42.0,Feb/19/2010 22:49:38
694853,PICTURE:AVATAR,Avatar to win the Oscar,5,42.0,Feb/19/2010 22:50:02
694853,PICTURE:AVATAR,Avatar to win the Oscar,2,42.1,Feb/20/2010 00:54:51
694853,PICTURE:AVATAR,Avatar to win the Oscar,78,42.1,Feb/20/2010 20:46:02
694853,PICTURE:AVATAR,Avatar to win the Oscar,1,42.5,Feb/20/2010 22:47:26
694853,PICTURE:AVATAR,Avatar to win the Oscar,10,42.5,Feb/21/2010 00:06:49
694853,PICTURE:AVATAR,Avatar to win the Oscar,40,42.4,Feb/21/2010 00:24:03
694853,PICTURE:AVATAR,Avatar to win the Oscar,5,42.4,Feb/21/2010 00:29:48
694853,PICTURE:AVATAR,Avatar to win the Oscar,40,42.4,Feb/21/2010 00:30:44
694853,PICTURE:AVATAR,Avatar to win the Oscar,40,42.4,Feb/21/2010 00:31:22
694853,PICTURE:AVATAR,Avatar to win the Oscar,20,42.4,Feb/21/2010 00:32:14
694853,PICTURE:AVATAR,Avatar to win the Oscar,20,42.4,Feb/21/2010 00:33:10
694853,PICTURE:AVATAR,Avatar to win the Oscar,20,42.4,Feb/21/2010 00:33:52
694853,PICTURE:AVATAR,Avatar to win the Oscar,10,42.4,Feb/21/2010 00:35:16
694853,PICTURE:AVATAR,Avatar to win the Oscar,5,42.4,Feb/21/2010 00:36:43
694853,PICTURE:AVATAR,Avatar to win the Oscar,1,42.4,Feb/21/2010 06:31:18
694853,PICTURE:AVATAR,Avatar to win the Oscar,1,42.4,Feb/21/2010 06:31:18
694853,PICTURE:AVATAR,Avatar to win the Oscar,15,42.8,Feb/21/2010 15:31:49
694853,PICTURE:AVATAR,Avatar to win the Oscar,5,42.5,Feb/21/2010 15:31:49
694853,PICTURE:AVATAR,Avatar to win the Oscar,1,42.5,Feb/21/2010 15:31:49
694853,PICTURE:AVATAR,Avatar to win the Oscar,29,42.4,Feb/21/2010 15:31:49
694853,PICTURE:AVATAR,Avatar to win the Oscar,1,42.9,Feb/21/2010 15:32:11
694853,PICTURE:AVATAR,Avatar to win the Oscar,1,43.0,Feb/21/2010 15:32:11
694853,PICTURE:AVATAR,Avatar to win the Oscar,30,43.8,Feb/21/2010 15:32:11
694853,PICTURE:AVATAR,Avatar to win the Oscar,15,42.8,Feb/21/2010 15:32:11
694853,PICTURE:AVATAR,Avatar to win the Oscar,1,44.8,Feb/21/2010 15:35:23
694853,PICTURE:AVATAR,Avatar to win the Oscar,30,44.8,Feb/21/2010 15:35:23
694853,PICTURE:AVATAR,Avatar to win the Oscar,20,45.0,Feb/21/2010 15:35:23
694853,PICTURE:AVATAR,Avatar to win the Oscar,1,45.0,Feb/21/2010 15:35:23
694853,PICTURE:AVATAR,Avatar to win the Oscar,10,45.0,Feb/21/2010 15:59:40
694853,PICTURE:AVATAR,Avatar to win the Oscar,10,45.0,Feb/21/2010 16:01:13
694853,PICTURE:AVATAR,Avatar to win the Oscar,10,45.0,Feb/21/2010 16:03:01
694853,PICTURE:AVATAR,Avatar to win the Oscar,18,45.0,Feb/21/2010 16:04:23
694853,PICTURE:AVATAR,Avatar to win the Oscar,1,44.0,Feb/21/2010 16:14:44
694853,PICTURE:AVATAR,Avatar to win the Oscar,2,44.0,Feb/21/2010 17:01:37
694853,PICTURE:AVATAR,Avatar to win the Oscar,1,41.4,Feb/21/2010 23:48:04
694853,PICTURE:AVATAR,Avatar to win the Oscar,1,41.3,Feb/21/2010 23:48:04
694853,PICTURE:AVATAR,Avatar to win the Oscar,14,39.6,Feb/22/2010 01:22:59
694853,PICTURE:AVATAR,Avatar to win the Oscar,1,39.7,Feb/22/2010 01:22:59
694853,PICTURE:AVATAR,Avatar to win the Oscar,85,39.6,Feb/22/2010 02:26:21
694853,PICTURE:AVATAR,Avatar to win the Oscar,10,39.7,Feb/22/2010 02:26:21
694853,PICTURE:AVATAR,Avatar to win the Oscar,1,39.6,Feb/22/2010 05:13:16
694853,PICTURE:AVATAR,Avatar to win the Oscar,1,39.0,Feb/22/2010 05:13:34
694853,PICTURE:AVATAR,Avatar to win the Oscar,2,37.0,Feb/22/2010 05:13:52
694853,PICTURE:AVATAR,Avatar to win the Oscar,1,36.4,Feb/22/2010 05:14:12
694853,PICTURE:AVATAR,Avatar to win the Oscar,4,36.4,Feb/22/2010 05:14:12
694853,PICTURE:AVATAR,Avatar to win the Oscar,1,36.0,Feb/22/2010 05:14:54
694853,PICTURE:AVATAR,Avatar to win the Oscar,1,40.9,Feb/22/2010 15:31:47
694853,PICTURE:AVATAR,Avatar to win the Oscar,5,41.0,Feb/22/2010 15:32:48
694853,PICTURE:AVATAR,Avatar to win the Oscar,1,41.4,Feb/22/2010 15:34:51
694853,PICTURE:AVATAR,Avatar to win the Oscar,47,41.5,Feb/22/2010 15:35:55
694853,PICTURE:AVATAR,Avatar to win the Oscar,3,41.5,Feb/22/2010 15:36:56
694853,PICTURE:AVATAR,Avatar to win the Oscar,1,41.1,Feb/22/2010 15:54:19
694853,PICTURE:AVATAR,Avatar to win the Oscar,1,41.3,Feb/22/2010 16:32:05
694853,PICTURE:AVATAR,Avatar to win the Oscar,14,41.3,Feb/22/2010 16:32:05
694853,PICTURE:AVATAR,Avatar to win the Oscar,1,41.2,Feb/22/2010 18:46:15
694853,PICTURE:AVATAR,Avatar to win the Oscar,9,41.3,Feb/22/2010 18:47:27
694853,PICTURE:AVATAR,Avatar to win the Oscar,20,41.4,Feb/22/2010 18:48:52
694853,PICTURE:AVATAR,Avatar to win the Oscar,20,41.5,Feb/22/2010 18:49:56
694853,PICTURE:AVATAR,Avatar to win the Oscar,25,40.3,Feb/22/2010 19:59:41
694853,PICTURE:AVATAR,Avatar to win the Oscar,29,40.3,Feb/22/2010 20:59:19
694853,PICTURE:AVATAR,Avatar to win the Oscar,1,40.4,Feb/22/2010 20:59:19
694853,PICTURE:AVATAR,Avatar to win the Oscar,20,40.3,Feb/22/2010 20:59:55
694853,PICTURE:AVATAR,Avatar to win the Oscar,25,40.9,Feb/22/2010 21:03:56
694853,PICTURE:AVATAR,Avatar to win the Oscar,1,39.2,Feb/24/2010 11:38:39
694853,PICTURE:AVATAR,Avatar to win the Oscar,1,39.1,Feb/24/2010 11:38:47
694853,PICTURE:AVATAR,Avatar to win the Oscar,1,39.1,Feb/24/2010 11:38:54
694853,PICTURE:AVATAR,Avatar to win the Oscar,1,39.0,Feb/24/2010 11:39:07
694853,PICTURE:AVATAR,Avatar to win the Oscar,14,39.0,Feb/24/2010 11:39:27
694853,PICTURE:AVATAR,Avatar to win the Oscar,3,39.0,Feb/24/2010 11:39:34
694853,PICTURE:AVATAR,Avatar to win the Oscar,20,39.0,Feb/24/2010 14:18:58
694853,PICTURE:AVATAR,Avatar to win the Oscar,12,39.0,Feb/24/2010 19:32:42
694853,PICTURE:AVATAR,Avatar to win the Oscar,6,39.0,Feb/25/2010 03:34:25
694853,PICTURE:AVATAR,Avatar to win the Oscar,1,35.5,Feb/25/2010 06:10:46
694853,PICTURE:AVATAR,Avatar to win the Oscar,5,35.5,Feb/25/2010 15:28:21
694853,PICTURE:AVATAR,Avatar to win the Oscar,5,35.5,Feb/25/2010 15:49:47
694853,PICTURE:AVATAR,Avatar to win the Oscar,3,35.6,Feb/25/2010 17:09:11
694853,PICTURE:AVATAR,Avatar to win the Oscar,2,35.3,Feb/25/2010 17:09:32
694853,PICTURE:AVATAR,Avatar to win the Oscar,1,35.4,Feb/25/2010 17:50:13
694853,PICTURE:AVATAR,Avatar to win the Oscar,14,37.0,Feb/25/2010 20:18:47
694853,PICTURE:AVATAR,Avatar to win the Oscar,29,37.1,Feb/25/2010 20:18:47
694853,PICTURE:AVATAR,Avatar to win the Oscar,1,38.3,Feb/25/2010 22:09:32
694853,PICTURE:AVATAR,Avatar to win the Oscar,1,38.3,Feb/25/2010 22:09:32
694853,PICTURE:AVATAR,Avatar to win the Oscar,7,38.3,Feb/25/2010 22:09:32
694853,PICTURE:AVATAR,Avatar to win the Oscar,5,38.4,Feb/25/2010 22:10:35
694853,PICTURE:AVATAR,Avatar to win the Oscar,1,38.4,Feb/25/2010 22:10:35
694853,PICTURE:AVATAR,Avatar to win the Oscar,1,38.5,Feb/25/2010 22:11:36
694853,PICTURE:AVATAR,Avatar to win the Oscar,3,38.0,Feb/25/2010 22:15:47
694853,PICTURE:AVATAR,Avatar to win the Oscar,1,38.6,Feb/25/2010 22:42:27
694853,PICTURE:AVATAR,Avatar to win the Oscar,1,38.6,Feb/25/2010 22:42:27
694853,PICTURE:AVATAR,Avatar to win the Oscar,1,38.6,Feb/25/2010 22:42:27
694853,PICTURE:AVATAR,Avatar to win the Oscar,2,38.0,Feb/25/2010 23:08:36
694853,PICTURE:AVATAR,Avatar to win the Oscar,1,37.1,Feb/26/2010 02:19:08
694853,PICTURE:AVATAR,Avatar to win the Oscar,1,37.1,Feb/26/2010 02:19:08
694853,PICTURE:AVATAR,Avatar to win the Oscar,16,37.0,Feb/26/2010 02:19:23
694853,PICTURE:AVATAR,Avatar to win the Oscar,1,37.0,Feb/26/2010 11:39:13
694853,PICTURE:AVATAR,Avatar to win the Oscar,10,38.0,Feb/26/2010 14:37:38
694853,PICTURE:AVATAR,Avatar to win the Oscar,3,38.0,Feb/26/2010 18:14:38
694853,PICTURE:AVATAR,Avatar to win the Oscar,4,38.5,Feb/27/2010 00:46:18
694853,PICTURE:AVATAR,Avatar to win the Oscar,2,38.5,Feb/27/2010 03:24:24
694853,PICTURE:AVATAR,Avatar to win the Oscar,4,38.5,Feb/27/2010 12:47:35
694853,PICTURE:AVATAR,Avatar to win the Oscar,1,38.4,Feb/27/2010 17:08:53
694853,PICTURE:AVATAR,Avatar to win the Oscar,5,38.5,Feb/27/2010 22:32:24
694853,PICTURE:AVATAR,Avatar to win the Oscar,5,38.5,Feb/28/2010 06:32:41
694853,PICTURE:AVATAR,Avatar to win the Oscar,1,38.4,Feb/28/2010 14:23:02
694853,PICTURE:AVATAR,Avatar to win the Oscar,2,38.4,Feb/28/2010 14:23:02
694853,PICTURE:AVATAR,Avatar to win the Oscar,5,38.5,Feb/28/2010 15:15:30
694853,PICTURE:AVATAR,Avatar to win the Oscar,44,39.0,Feb/28/2010 15:15:30
694853,PICTURE:AVATAR,Avatar to win the Oscar,25,38.9,Feb/28/2010 15:15:30
694853,PICTURE:AVATAR,Avatar to win the Oscar,20,40.0,Feb/28/2010 18:25:32
694853,PICTURE:AVATAR,Avatar to win the Oscar,2,40.4,Feb/28/2010 22:28:13
694853,PICTURE:AVATAR,Avatar to win the Oscar,10,40.4,Feb/28/2010 22:28:13
694853,PICTURE:AVATAR,Avatar to win the Oscar,1,40.4,Mar/01/2010 00:44:56
694853,PICTURE:AVATAR,Avatar to win the Oscar,1,39.7,Mar/01/2010 02:15:17
694853,PICTURE:AVATAR,Avatar to win the Oscar,1,39.8,Mar/01/2010 02:15:17
694853,PICTURE:AVATAR,Avatar to win the Oscar,1,39.0,Mar/01/2010 05:04:15
694853,PICTURE:AVATAR,Avatar to win the Oscar,1,40.4,Mar/01/2010 15:09:40
694853,PICTURE:AVATAR,Avatar to win the Oscar,7,40.4,Mar/01/2010 15:09:40
694853,PICTURE:AVATAR,Avatar to win the Oscar,5,40.4,Mar/01/2010 20:08:12
694853,PICTURE:AVATAR,Avatar to win the Oscar,7,40.3,Mar/01/2010 20:08:12
694853,PICTURE:AVATAR,Avatar to win the Oscar,24,39.0,Mar/01/2010 21:42:49
694853,PICTURE:AVATAR,Avatar to win the Oscar,1,39.2,Mar/01/2010 21:42:49
694853,PICTURE:AVATAR,Avatar to win the Oscar,2,40.2,Mar/02/2010 02:42:08
694853,PICTURE:AVATAR,Avatar to win the Oscar,2,40.3,Mar/02/2010 04:07:12
694853,PICTURE:AVATAR,Avatar to win the Oscar,23,40.1,Mar/02/2010 14:55:00
694853,PICTURE:AVATAR,Avatar to win the Oscar,80,40.2,Mar/02/2010 14:55:00
694853,PICTURE:AVATAR,Avatar to win the Oscar,1,40.5,Mar/02/2010 15:00:05
694853,PICTURE:AVATAR,Avatar to win the Oscar,10,40.5,Mar/02/2010 15:00:05
694853,PICTURE:AVATAR,Avatar to win the Oscar,23,40.3,Mar/02/2010 15:00:05
694853,PICTURE:AVATAR,Avatar to win the Oscar,10,40.5,Mar/02/2010 16:40:06
694853,PICTURE:AVATAR,Avatar to win the Oscar,17,40.2,Mar/02/2010 16:53:12
694853,PICTURE:AVATAR,Avatar to win the Oscar,33,40.5,Mar/02/2010 16:53:12
694853,PICTURE:AVATAR,Avatar to win the Oscar,3,40.2,Mar/02/2010 17:04:49
694853,PICTURE:AVATAR,Avatar to win the Oscar,4,40.3,Mar/02/2010 17:04:49
694853,PICTURE:AVATAR,Avatar to win the Oscar,11,40.0,Mar/02/2010 19:56:44
694853,PICTURE:AVATAR,Avatar to win the Oscar,5,40.0,Mar/02/2010 20:09:10
694853,PICTURE:AVATAR,Avatar to win the Oscar,4,39.7,Mar/02/2010 23:04:44
694853,PICTURE:AVATAR,Avatar to win the Oscar,1,39.0,Mar/02/2010 23:50:10
694853,PICTURE:AVATAR,Avatar to win the Oscar,8,37.2,Mar/02/2010 23:50:46
694853,PICTURE:AVATAR,Avatar to win the Oscar,1,39.5,Mar/03/2010 04:04:22
694853,PICTURE:AVATAR,Avatar to win the Oscar,13,39.8,Mar/03/2010 14:46:21
694853,PICTURE:AVATAR,Avatar to win the Oscar,34,39.5,Mar/03/2010 21:12:20
694853,PICTURE:AVATAR,Avatar to win the Oscar,2,39.5,Mar/03/2010 22:17:10
694853,PICTURE:AVATAR,Avatar to win the Oscar,1,39.8,Mar/03/2010 23:19:24
694853,PICTURE:AVATAR,Avatar to win the Oscar,63,39.5,Mar/03/2010 23:55:55
694853,PICTURE:AVATAR,Avatar to win the Oscar,1,37.1,Mar/04/2010 05:21:00
694853,PICTURE:AVATAR,Avatar to win the Oscar,2,37.2,Mar/04/2010 07:33:17
694853,PICTURE:AVATAR,Avatar to win the Oscar,3,37.0,Mar/04/2010 07:33:27
694853,PICTURE:AVATAR,Avatar to win the Oscar,1,37.0,Mar/04/2010 07:33:34
694853,PICTURE:AVATAR,Avatar to win the Oscar,2,37.0,Mar/04/2010 07:33:45
694853,PICTURE:AVATAR,Avatar to win the Oscar,1,37.0,Mar/04/2010 07:33:51
694853,PICTURE:AVATAR,Avatar to win the Oscar,10,37.0,Mar/04/2010 07:33:58
694853,PICTURE:AVATAR,Avatar to win the Oscar,2,37.0,Mar/04/2010 07:34:04
694853,PICTURE:AVATAR,Avatar to win the Oscar,2,37.2,Mar/04/2010 07:42:54
694853,PICTURE:AVATAR,Avatar to win the Oscar,3,38.4,Mar/04/2010 07:43:03
694853,PICTURE:AVATAR,Avatar to win the Oscar,2,36.7,Mar/04/2010 08:05:42
694853,PICTURE:AVATAR,Avatar to win the Oscar,1,38.8,Mar/04/2010 18:16:50
694853,PICTURE:AVATAR,Avatar to win the Oscar,2,38.9,Mar/04/2010 18:17:44
694853,PICTURE:AVATAR,Avatar to win the Oscar,42,38.6,Mar/04/2010 19:40:56
694853,PICTURE:AVATAR,Avatar to win the Oscar,9,38.0,Mar/04/2010 19:45:42
694853,PICTURE:AVATAR,Avatar to win the Oscar,1,38.9,Mar/04/2010 19:46:58
694853,PICTURE:AVATAR,Avatar to win the Oscar,6,38.9,Mar/04/2010 19:46:58
694853,PICTURE:AVATAR,Avatar to win the Oscar,1,38.0,Mar/04/2010 20:19:43
694853,PICTURE:AVATAR,Avatar to win the Oscar,1,38.2,Mar/05/2010 02:54:37
694853,PICTURE:AVATAR,Avatar to win the Oscar,18,38.0,Mar/05/2010 04:31:48
694853,PICTURE:AVATAR,Avatar to win the Oscar,5,38.0,Mar/05/2010 11:43:34
694853,PICTURE:AVATAR,Avatar to win the Oscar,1,35.2,Mar/05/2010 14:53:19
694853,PICTURE:AVATAR,Avatar to win the Oscar,17,36.5,Mar/05/2010 16:19:56
694853,PICTURE:AVATAR,Avatar to win the Oscar,3,36.6,Mar/05/2010 16:19:56
694853,PICTURE:AVATAR,Avatar to win the Oscar,9,36.5,Mar/05/2010 16:20:14
694853,PICTURE:AVATAR,Avatar to win the Oscar,10,36.5,Mar/05/2010 16:20:51
694853,PICTURE:AVATAR,Avatar to win the Oscar,2,37.0,Mar/05/2010 16:30:05
694853,PICTURE:AVATAR,Avatar to win the Oscar,3,37.0,Mar/05/2010 16:46:34
694853,PICTURE:AVATAR,Avatar to win the Oscar,83,36.9,Mar/05/2010 19:09:51
694853,PICTURE:AVATAR,Avatar to win the Oscar,10,36.9,Mar/05/2010 19:10:22
694853,PICTURE:AVATAR,Avatar to win the Oscar,7,36.9,Mar/05/2010 19:10:53
694853,PICTURE:AVATAR,Avatar to win the Oscar,5,37.0,Mar/05/2010 19:45:55
694853,PICTURE:AVATAR,Avatar to win the Oscar,1,37.8,Mar/05/2010 20:08:35
694853,PICTURE:AVATAR,Avatar to win the Oscar,1,38.0,Mar/05/2010 20:08:52
694853,PICTURE:AVATAR,Avatar to win the Oscar,1,38.0,Mar/05/2010 20:08:52
694853,PICTURE:AVATAR,Avatar to win the Oscar,1,38.0,Mar/05/2010 20:08:52
694853,PICTURE:AVATAR,Avatar to win the Oscar,4,38.0,Mar/05/2010 20:47:53
694853,PICTURE:AVATAR,Avatar to win the Oscar,5,38.0,Mar/05/2010 20:47:53
694853,PICTURE:AVATAR,Avatar to win the Oscar,1,38.3,Mar/05/2010 20:48:39
694853,PICTURE:AVATAR,Avatar to win the Oscar,1,38.4,Mar/05/2010 20:48:46
694853,PICTURE:AVATAR,Avatar to win the Oscar,1,39.6,Mar/05/2010 20:53:09
694853,PICTURE:AVATAR,Avatar to win the Oscar,5,39.7,Mar/05/2010 20:53:20
694853,PICTURE:AVATAR,Avatar to win the Oscar,5,39.8,Mar/05/2010 20:53:26
694853,PICTURE:AVATAR,Avatar to win the Oscar,20,40.0,Mar/05/2010 20:58:54
694853,PICTURE:AVATAR,Avatar to win the Oscar,2,42.9,Mar/06/2010 02:32:34
694853,PICTURE:AVATAR,Avatar to win the Oscar,2,43.4,Mar/06/2010 02:32:34
694853,PICTURE:AVATAR,Avatar to win the Oscar,2,43.9,Mar/06/2010 02:32:34
694853,PICTURE:AVATAR,Avatar to win the Oscar,2,43.0,Mar/06/2010 02:32:34
694853,PICTURE:AVATAR,Avatar to win the Oscar,2,42.8,Mar/06/2010 02:32:34
694853,PICTURE:AVATAR,Avatar to win the Oscar,5,44.8,Mar/06/2010 02:33:01
694853,PICTURE:AVATAR,Avatar to win the Oscar,2,44.4,Mar/06/2010 02:33:01
694853,PICTURE:AVATAR,Avatar to win the Oscar,2,44.9,Mar/06/2010 02:33:01
694853,PICTURE:AVATAR,Avatar to win the Oscar,5,44.9,Mar/06/2010 02:33:01
694853,PICTURE:AVATAR,Avatar to win the Oscar,40,44.9,Mar/06/2010 02:33:01
694853,PICTURE:AVATAR,Avatar to win the Oscar,23,44.5,Mar/06/2010 02:33:01
694853,PICTURE:AVATAR,Avatar to win the Oscar,1,44.0,Mar/06/2010 02:41:31
694853,PICTURE:AVATAR,Avatar to win the Oscar,20,43.0,Mar/06/2010 04:14:30
694853,PICTURE:AVATAR,Avatar to win the Oscar,40,43.0,Mar/06/2010 04:25:44
694853,PICTURE:AVATAR,Avatar to win the Oscar,9,43.0,Mar/06/2010 04:26:32
694853,PICTURE:AVATAR,Avatar to win the Oscar,1,43.1,Mar/06/2010 05:30:52
694853,PICTURE:AVATAR,Avatar to win the Oscar,4,43.0,Mar/06/2010 05:31:57
694853,PICTURE:AVATAR,Avatar to win the Oscar,10,43.8,Mar/06/2010 08:21:43
694853,PICTURE:AVATAR,Avatar to win the Oscar,4,43.0,Mar/06/2010 12:21:23
694853,PICTURE:AVATAR,Avatar to win the Oscar,5,43.0,Mar/06/2010 18:01:21
694853,PICTURE:AVATAR,Avatar to win the Oscar,2,42.0,Mar/06/2010 19:14:02
694853,PICTURE:AVATAR,Avatar to win the Oscar,5,42.0,Mar/06/2010 19:29:29
694853,PICTURE:AVATAR,Avatar to win the Oscar,5,42.0,Mar/06/2010 23:02:17
694853,PICTURE:AVATAR,Avatar to win the Oscar,2,42.0,Mar/06/2010 23:04:03
694853,PICTURE:AVATAR,Avatar to win the Oscar,1,41.3,Mar/07/2010 01:54:47
694853,PICTURE:AVATAR,Avatar to win the Oscar,5,42.8,Mar/07/2010 01:55:11
694853,PICTURE:AVATAR,Avatar to win the Oscar,8,42.8,Mar/07/2010 01:55:11
694853,PICTURE:AVATAR,Avatar to win the Oscar,7,42.9,Mar/07/2010 01:55:59
694853,PICTURE:AVATAR,Avatar to win the Oscar,27,43.0,Mar/07/2010 01:56:19
694853,PICTURE:AVATAR,Avatar to win the Oscar,5,40.0,Mar/07/2010 03:41:39
694853,PICTURE:AVATAR,Avatar to win the Oscar,5,40.1,Mar/07/2010 03:41:39
694853,PICTURE:AVATAR,Avatar to win the Oscar,8,42.0,Mar/07/2010 04:41:39
694853,PICTURE:AVATAR,Avatar to win the Oscar,1,43.2,Mar/07/2010 04:42:05
694853,PICTURE:AVATAR,Avatar to win the Oscar,3,44.7,Mar/07/2010 04:42:41
694853,PICTURE:AVATAR,Avatar to win the Oscar,2,44.8,Mar/07/2010 04:43:16
694853,PICTURE:AVATAR,Avatar to win the Oscar,44,44.6,Mar/07/2010 06:53:58
694853,PICTURE:AVATAR,Avatar to win the Oscar,10,44.5,Mar/07/2010 06:53:58
694853,PICTURE:AVATAR,Avatar to win the Oscar,10,44.5,Mar/07/2010 06:53:58
694853,PICTURE:AVATAR,Avatar to win the Oscar,60,44.7,Mar/07/2010 07:28:06
694853,PICTURE:AVATAR,Avatar to win the Oscar,5,44.7,Mar/07/2010 07:28:19
694853,PICTURE:AVATAR,Avatar to win the Oscar,100,44.7,Mar/07/2010 07:29:17
694853,PICTURE:AVATAR,Avatar to win the Oscar,100,44.7,Mar/07/2010 07:29:32
694853,PICTURE:AVATAR,Avatar to win the Oscar,100,44.7,Mar/07/2010 07:30:08
694853,PICTURE:AVATAR,Avatar to win the Oscar,18,44.7,Mar/07/2010 07:33:16
694853,PICTURE:AVATAR,Avatar to win the Oscar,10,44.7,Mar/07/2010 10:45:22
694853,PICTURE:AVATAR,Avatar to win the Oscar,15,44.7,Mar/07/2010 11:18:24
694853,PICTURE:AVATAR,Avatar to win the Oscar,15,44.7,Mar/07/2010 11:19:15
694853,PICTURE:AVATAR,Avatar to win the Oscar,1,44.8,Mar/07/2010 14:35:07
694853,PICTURE:AVATAR,Avatar to win the Oscar,4,44.8,Mar/07/2010 15:28:43
694853,PICTURE:AVATAR,Avatar to win the Oscar,1,45.0,Mar/07/2010 15:30:18
694853,PICTURE:AVATAR,Avatar to win the Oscar,2,45.0,Mar/07/2010 15:30:18
694853,PICTURE:AVATAR,Avatar to win the Oscar,30,44.7,Mar/07/2010 16:50:01
694853,PICTURE:AVATAR,Avatar to win the Oscar,21,44.7,Mar/07/2010 17:23:58
694853,PICTURE:AVATAR,Avatar to win the Oscar,30,44.7,Mar/07/2010 17:25:14
694853,PICTURE:AVATAR,Avatar to win the Oscar,41,44.7,Mar/07/2010 17:26:48
694853,PICTURE:AVATAR,Avatar to win the Oscar,1,44.7,Mar/07/2010 17:29:04
694853,PICTURE:AVATAR,Avatar to win the Oscar,57,44.7,Mar/07/2010 17:36:34
694853,PICTURE:AVATAR,Avatar to win the Oscar,33,44.7,Mar/07/2010 17:38:18
694853,PICTURE:AVATAR,Avatar to win the Oscar,2,44.7,Mar/07/2010 17:38:18
694853,PICTURE:AVATAR,Avatar to win the Oscar,30,43.8,Mar/07/2010 18:11:17
694853,PICTURE:AVATAR,Avatar to win the Oscar,5,40.0,Mar/07/2010 18:11:33
694853,PICTURE:AVATAR,Avatar to win the Oscar,5,40.3,Mar/07/2010 18:11:33
694853,PICTURE:AVATAR,Avatar to win the Oscar,10,40.3,Mar/07/2010 18:11:33
694853,PICTURE:AVATAR,Avatar to win the Oscar,10,40.0,Mar/07/2010 18:16:20
694853,PICTURE:AVATAR,Avatar to win the Oscar,5,40.0,Mar/07/2010 18:16:34
694853,PICTURE:AVATAR,Avatar to win the Oscar,14,42.5,Mar/07/2010 19:06:33
694853,PICTURE:AVATAR,Avatar to win the Oscar,3,41.9,Mar/07/2010 19:06:33
694853,PICTURE:AVATAR,Avatar to win the Oscar,3,42.2,Mar/07/2010 19:06:33
694853,PICTURE:AVATAR,Avatar to win the Oscar,10,42.0,Mar/07/2010 19:06:33
694853,PICTURE:AVATAR,Avatar to win the Oscar,2,41.5,Mar/07/2010 20:10:45
694853,PICTURE:AVATAR,Avatar to win the Oscar,2,39.1,Mar/07/2010 20:55:54
694853,PICTURE:AVATAR,Avatar to win the Oscar,3,40.5,Mar/07/2010 21:50:20
694853,PICTURE:AVATAR,Avatar to win the Oscar,1,40.0,Mar/07/2010 22:09:33
694853,PICTURE:AVATAR,Avatar to win the Oscar,1,40.2,Mar/07/2010 22:38:25
694853,PICTURE:AVATAR,Avatar to win the Oscar,1,40.2,Mar/07/2010 22:41:19
694853,PICTURE:AVATAR,Avatar to win the Oscar,1,40.1,Mar/07/2010 22:42:46
694853,PICTURE:AVATAR,Avatar to win the Oscar,14,40.9,Mar/07/2010 22:48:50
694853,PICTURE:AVATAR,Avatar to win the Oscar,1,40.6,Mar/07/2010 22:48:50
694853,PICTURE:AVATAR,Avatar to win the Oscar,5,40.8,Mar/07/2010 22:48:50
694853,PICTURE:AVATAR,Avatar to win the Oscar,5,40.4,Mar/07/2010 22:48:50
694853,PICTURE:AVATAR,Avatar to win the Oscar,2,40.9,Mar/07/2010 23:01:39
694853,PICTURE:AVATAR,Avatar to win the Oscar,58,40.9,Mar/07/2010 23:13:11
694853,PICTURE:AVATAR,Avatar to win the Oscar,2,41.0,Mar/07/2010 23:13:49
694853,PICTURE:AVATAR,Avatar to win the Oscar,5,40.2,Mar/07/2010 23:47:43
694853,PICTURE:AVATAR,Avatar to win the Oscar,10,40.2,Mar/07/2010 23:47:43
694853,PICTURE:AVATAR,Avatar to win the Oscar,5,41.0,Mar/07/2010 23:47:43
694853,PICTURE:AVATAR,Avatar to win the Oscar,5,41.0,Mar/08/2010 00:28:20
694853,PICTURE:AVATAR,Avatar to win the Oscar,1,41.0,Mar/08/2010 00:28:20
694853,PICTURE:AVATAR,Avatar to win the Oscar,1,42.4,Mar/08/2010 00:40:34
694853,PICTURE:AVATAR,Avatar to win the Oscar,9,42.4,Mar/08/2010 00:40:34
694853,PICTURE:AVATAR,Avatar to win the Oscar,5,40.1,Mar/08/2010 00:49:08
694853,PICTURE:AVATAR,Avatar to win the Oscar,1,40.2,Mar/08/2010 00:49:08
694853,PICTURE:AVATAR,Avatar to win the Oscar,5,41.9,Mar/08/2010 00:58:06
694853,PICTURE:AVATAR,Avatar to win the Oscar,20,40.1,Mar/08/2010 01:06:02
694853,PICTURE:AVATAR,Avatar to win the Oscar,5,40.5,Mar/08/2010 01:15:03
694853,PICTURE:AVATAR,Avatar to win the Oscar,15,40.1,Mar/08/2010 01:18:25
694853,PICTURE:AVATAR,Avatar to win the Oscar,38,40.1,Mar/08/2010 01:19:35
694853,PICTURE:AVATAR,Avatar to win the Oscar,56,40.1,Mar/08/2010 01:28:30
694853,PICTURE:AVATAR,Avatar to win the Oscar,3,40.1,Mar/08/2010 01:28:30
694853,PICTURE:AVATAR,Avatar to win the Oscar,50,40.0,Mar/08/2010 01:28:30
694853,PICTURE:AVATAR,Avatar to win the Oscar,15,39.0,Mar/08/2010 01:36:03
694853,PICTURE:AVATAR,Avatar to win the Oscar,50,41.0,Mar/08/2010 01:42:31
694853,PICTURE:AVATAR,Avatar to win the Oscar,10,44.4,Mar/08/2010 01:49:39
694853,PICTURE:AVATAR,Avatar to win the Oscar,2,44.7,Mar/08/2010 01:53:10
694853,PICTURE:AVATAR,Avatar to win the Oscar,2,45.0,Mar/08/2010 01:55:10
694853,PICTURE:AVATAR,Avatar to win the Oscar,10,45.0,Mar/08/2010 01:55:10
694853,PICTURE:AVATAR,Avatar to win the Oscar,2,44.8,Mar/08/2010 01:55:10
694853,PICTURE:AVATAR,Avatar to win the Oscar,10,44.9,Mar/08/2010 01:55:10
694853,PICTURE:AVATAR,Avatar to win the Oscar,10,45.0,Mar/08/2010 01:55:10
694853,PICTURE:AVATAR,Avatar to win the Oscar,1,44.0,Mar/08/2010 01:55:58
694853,PICTURE:AVATAR,Avatar to win the Oscar,2,44.0,Mar/08/2010 01:56:30
694853,PICTURE:AVATAR,Avatar to win the Oscar,2,44.0,Mar/08/2010 01:57:49
694853,PICTURE:AVATAR,Avatar to win the Oscar,1,45.8,Mar/08/2010 01:59:15
694853,PICTURE:AVATAR,Avatar to win the Oscar,10,45.9,Mar/08/2010 01:59:55
694853,PICTURE:AVATAR,Avatar to win the Oscar,10,46.0,Mar/08/2010 02:00:04
694853,PICTURE:AVATAR,Avatar to win the Oscar,5,46.0,Mar/08/2010 02:00:27
694853,PICTURE:AVATAR,Avatar to win the Oscar,1,44.1,Mar/08/2010 02:16:39
694853,PICTURE:AVATAR,Avatar to win the Oscar,2,46.1,Mar/08/2010 02:16:39
694853,PICTURE:AVATAR,Avatar to win the Oscar,2,42.0,Mar/08/2010 02:17:47
694853,PICTURE:AVATAR,Avatar to win the Oscar,18,42.0,Mar/08/2010 02:18:56
694853,PICTURE:AVATAR,Avatar to win the Oscar,2,46.0,Mar/08/2010 02:20:25
694853,PICTURE:AVATAR,Avatar to win the Oscar,1,47.0,Mar/08/2010 02:30:11
694853,PICTURE:AVATAR,Avatar to win the Oscar,1,44.0,Mar/08/2010 02:33:20
694853,PICTURE:AVATAR,Avatar to win the Oscar,2,47.9,Mar/08/2010 02:42:09
694853,PICTURE:AVATAR,Avatar to win the Oscar,1,47.9,Mar/08/2010 02:43:23
694853,PICTURE:AVATAR,Avatar to win the Oscar,2,47.9,Mar/08/2010 02:44:07
694853,PICTURE:AVATAR,Avatar to win the Oscar,2,48.0,Mar/08/2010 02:44:22
694853,PICTURE:AVATAR,Avatar to win the Oscar,5,48.1,Mar/08/2010 02:44:30
694853,PICTURE:AVATAR,Avatar to win the Oscar,5,48.5,Mar/08/2010 02:44:37
694853,PICTURE:AVATAR,Avatar to win the Oscar,1,47.9,Mar/08/2010 02:47:26
694853,PICTURE:AVATAR,Avatar to win the Oscar,1,47.9,Mar/08/2010 02:47:47
694853,PICTURE:AVATAR,Avatar to win the Oscar,2,45.1,Mar/08/2010 02:50:07
694853,PICTURE:AVATAR,Avatar to win the Oscar,8,45.1,Mar/08/2010 02:50:07
694853,PICTURE:AVATAR,Avatar to win the Oscar,2,48.0,Mar/08/2010 02:51:50
694853,PICTURE:AVATAR,Avatar to win the Oscar,5,47.9,Mar/08/2010 02:51:50
694853,PICTURE:AVATAR,Avatar to win the Oscar,1,47.8,Mar/08/2010 02:51:50
694853,PICTURE:AVATAR,Avatar to win the Oscar,2,47.8,Mar/08/2010 02:51:50
694853,PICTURE:AVATAR,Avatar to win the Oscar,10,47.9,Mar/08/2010 02:55:16
694853,PICTURE:AVATAR,Avatar to win the Oscar,5,47.9,Mar/08/2010 02:55:16
694853,PICTURE:AVATAR,Avatar to win the Oscar,20,46.0,Mar/08/2010 03:00:43
694853,PICTURE:AVATAR,Avatar to win the Oscar,1,52.0,Mar/08/2010 03:12:48
694853,PICTURE:AVATAR,Avatar to win the Oscar,1,51.8,Mar/08/2010 03:18:59
694853,PICTURE:AVATAR,Avatar to win the Oscar,2,49.1,Mar/08/2010 03:20:15
694853,PICTURE:AVATAR,Avatar to win the Oscar,6,49.5,Mar/08/2010 03:20:15
694853,PICTURE:AVATAR,Avatar to win the Oscar,2,51.4,Mar/08/2010 03:24:54
694853,PICTURE:AVATAR,Avatar to win the Oscar,2,51.5,Mar/08/2010 03:25:16
694853,PICTURE:AVATAR,Avatar to win the Oscar,5,45.6,Mar/08/2010 03:26:02
694853,PICTURE:AVATAR,Avatar to win the Oscar,1,45.0,Mar/08/2010 03:26:04
694853,PICTURE:AVATAR,Avatar to win the Oscar,2,45.0,Mar/08/2010 03:26:17
694853,PICTURE:AVATAR,Avatar to win the Oscar,2,45.0,Mar/08/2010 03:26:27
694853,PICTURE:AVATAR,Avatar to win the Oscar,2,40.0,Mar/08/2010 03:27:04
694853,PICTURE:AVATAR,Avatar to win the Oscar,3,40.0,Mar/08/2010 03:27:16
694853,PICTURE:AVATAR,Avatar to win the Oscar,2,40.0,Mar/08/2010 03:27:23
694853,PICTURE:AVATAR,Avatar to win the Oscar,2,40.0,Mar/08/2010 03:27:45
694853,PICTURE:AVATAR,Avatar to win the Oscar,2,42.0,Mar/08/2010 03:28:29
694853,PICTURE:AVATAR,Avatar to win the Oscar,10,39.2,Mar/08/2010 03:28:45
694853,PICTURE:AVATAR,Avatar to win the Oscar,2,42.1,Mar/08/2010 03:31:55
694853,PICTURE:AVATAR,Avatar to win the Oscar,2,41.5,Mar/08/2010 03:33:57
694853,PICTURE:AVATAR,Avatar to win the Oscar,22,37.0,Mar/08/2010 03:34:07
694853,PICTURE:AVATAR,Avatar to win the Oscar,1,37.1,Mar/08/2010 03:34:07
694853,PICTURE:AVATAR,Avatar to win the Oscar,3,36.0,Mar/08/2010 03:34:22
694853,PICTURE:AVATAR,Avatar to win the Oscar,16,35.0,Mar/08/2010 03:34:26
694853,PICTURE:AVATAR,Avatar to win the Oscar,13,36.0,Mar/08/2010 03:34:42
694853,PICTURE:AVATAR,Avatar to win the Oscar,4,35.0,Mar/08/2010 03:34:43
694853,PICTURE:AVATAR,Avatar to win the Oscar,2,36.0,Mar/08/2010 03:37:52
694853,PICTURE:AVATAR,Avatar to win the Oscar,5,36.0,Mar/08/2010 03:39:17
694853,PICTURE:AVATAR,Avatar to win the Oscar,1,38.9,Mar/08/2010 03:43:18
694853,PICTURE:AVATAR,Avatar to win the Oscar,20,38.0,Mar/08/2010 03:52:31
694853,PICTURE:AVATAR,Avatar to win the Oscar,5,43.9,Mar/08/2010 04:00:48
694853,PICTURE:AVATAR,Avatar to win the Oscar,5,44.0,Mar/08/2010 04:03:43
694853,PICTURE:AVATAR,Avatar to win the Oscar,5,44.0,Mar/08/2010 04:03:43
694853,PICTURE:AVATAR,Avatar to win the Oscar,10,44.7,Mar/08/2010 04:04:24
694853,PICTURE:AVATAR,Avatar to win the Oscar,10,44.0,Mar/08/2010 04:04:24
694853,PICTURE:AVATAR,Avatar to win the Oscar,10,44.8,Mar/08/2010 04:05:55
694853,PICTURE:AVATAR,Avatar to win the Oscar,1,44.4,Mar/08/2010 04:11:01
694853,PICTURE:AVATAR,Avatar to win the Oscar,1,44.0,Mar/08/2010 04:11:58
694853,PICTURE:AVATAR,Avatar to win the Oscar,1,44.0,Mar/08/2010 04:12:05
694853,PICTURE:AVATAR,Avatar to win the Oscar,2,40.0,Mar/08/2010 04:13:24
694853,PICTURE:AVATAR,Avatar to win the Oscar,1,40.0,Mar/08/2010 04:14:09
694853,PICTURE:AVATAR,Avatar to win the Oscar,1,40.1,Mar/08/2010 04:14:46
694853,PICTURE:AVATAR,Avatar to win the Oscar,2,38.0,Mar/08/2010 04:15:51
694853,PICTURE:AVATAR,Avatar to win the Oscar,1,39.0,Mar/08/2010 04:15:51
694853,PICTURE:AVATAR,Avatar to win the Oscar,10,39.0,Mar/08/2010 04:15:51
694853,PICTURE:AVATAR,Avatar to win the Oscar,5,37.0,Mar/08/2010 04:18:10
694853,PICTURE:AVATAR,Avatar to win the Oscar,5,38.0,Mar/08/2010 04:18:26
694853,PICTURE:AVATAR,Avatar to win the Oscar,2,41.9,Mar/08/2010 04:21:23
694853,PICTURE:AVATAR,Avatar to win the Oscar,1,41.9,Mar/08/2010 04:24:07
694853,PICTURE:AVATAR,Avatar to win the Oscar,1,41.9,Mar/08/2010 04:24:55
694853,PICTURE:AVATAR,Avatar to win the Oscar,1,41.0,Mar/08/2010 04:25:37
694853,PICTURE:AVATAR,Avatar to win the Oscar,3,38.2,Mar/08/2010 04:26:57
694853,PICTURE:AVATAR,Avatar to win the Oscar,10,38.0,Mar/08/2010 04:27:03
694853,PICTURE:AVATAR,Avatar to win the Oscar,2,37.9,Mar/08/2010 04:27:08
694853,PICTURE:AVATAR,Avatar to win the Oscar,1,37.0,Mar/08/2010 04:27:12
694853,PICTURE:AVATAR,Avatar to win the Oscar,50,34.0,Mar/08/2010 04:27:25
694853,PICTURE:AVATAR,Avatar to win the Oscar,5,34.0,Mar/08/2010 04:27:25
694853,PICTURE:AVATAR,Avatar to win the Oscar,2,27.0,Mar/08/2010 04:37:30
694853,PICTURE:AVATAR,Avatar to win the Oscar,7,27.1,Mar/08/2010 04:49:47
694853,PICTURE:AVATAR,Avatar to win the Oscar,3,27.1,Mar/08/2010 04:52:24
694853,PICTURE:AVATAR,Avatar to win the Oscar,15,27.0,Mar/08/2010 04:52:35
694853,PICTURE:AVATAR,Avatar to win the Oscar,10,25.2,Mar/08/2010 04:55:49
694853,PICTURE:AVATAR,Avatar to win the Oscar,20,26.1,Mar/08/2010 04:56:27
694853,PICTURE:AVATAR,Avatar to win the Oscar,55,26.1,Mar/08/2010 04:56:34
694853,PICTURE:AVATAR,Avatar to win the Oscar,25,26.2,Mar/08/2010 04:56:34
694853,PICTURE:AVATAR,Avatar to win the Oscar,20,26.6,Mar/08/2010 04:56:55
694853,PICTURE:AVATAR,Avatar to win the Oscar,4,28.0,Mar/08/2010 04:58:00
694853,PICTURE:AVATAR,Avatar to win the Oscar,6,28.0,Mar/08/2010 04:58:09
694853,PICTURE:AVATAR,Avatar to win the Oscar,1,25.1,Mar/08/2010 04:58:41
694853,PICTURE:AVATAR,Avatar to win the Oscar,10,25.0,Mar/08/2010 04:58:52
694853,PICTURE:AVATAR,Avatar to win the Oscar,20,15.0,Mar/08/2010 04:58:52
694853,PICTURE:AVATAR,Avatar to win the Oscar,2,1.5,Mar/08/2010 04:59:03
694853,PICTURE:AVATAR,Avatar to win the Oscar,1,1.0,Mar/08/2010 04:59:15
694853,PICTURE:AVATAR,Avatar to win the Oscar,2,0.9,Mar/08/2010 04:59:59
694853,PICTURE:AVATAR,Avatar to win the Oscar,14,0.8,Mar/08/2010 05:00:02
694853,PICTURE:AVATAR,Avatar to win the Oscar,5,0.8,Mar/08/2010 05:00:09
694853,PICTURE:AVATAR,Avatar to win the Oscar,16,0.8,Mar/08/2010 05:00:22
694853,PICTURE:AVATAR,Avatar to win the Oscar,1,0.6,Mar/08/2010 05:00:22
694853,PICTURE:AVATAR,Avatar to win the Oscar,9,0.8,Mar/08/2010 05:00:22
694853,PICTURE:AVATAR,Avatar to win the Oscar,4,0.5,Mar/08/2010 05:00:22
694853,PICTURE:AVATAR,Avatar to win the Oscar,70,0.8,Mar/08/2010 05:00:22
694853,PICTURE:AVATAR,Avatar to win the Oscar,4,0.5,Mar/08/2010 05:00:39
694853,PICTURE:AVATAR,Avatar to win the Oscar,5,0.9,Mar/08/2010 05:00:41
694853,PICTURE:AVATAR,Avatar to win the Oscar,100,0.5,Mar/08/2010 05:00:54
694853,PICTURE:AVATAR,Avatar to win the Oscar,16,0.5,Mar/08/2010 05:01:04
694853,PICTURE:AVATAR,Avatar to win the Oscar,25,0.5,Mar/08/2010 05:01:25
694853,PICTURE:AVATAR,Avatar to win the Oscar,7,0.4,Mar/08/2010 05:01:36
