market id,market symbol,market name,trade quantity,trade price,date/time [utc]
709415,2012.REP.NOM.BROWN,Scott Brown to be Republican Presidential Nominee in 2012,60,8.0,Jan/20/2010 18:24:53
709415,2012.REP.NOM.BROWN,Scott Brown to be Republican Presidential Nominee in 2012,2,7.9,Jan/20/2010 22:54:59
709415,2012.REP.NOM.BROWN,Scott Brown to be Republican Presidential Nominee in 2012,20,8.0,Jan/20/2010 22:54:59
709415,2012.REP.NOM.BROWN,Scott Brown to be Republican Presidential Nominee in 2012,1,8.0,Jan/21/2010 01:53:47
709415,2012.REP.NOM.BROWN,Scott Brown to be Republican Presidential Nominee in 2012,1,6.0,Jan/21/2010 09:42:23
709415,2012.REP.NOM.BROWN,Scott Brown to be Republican Presidential Nominee in 2012,1,6.0,Jan/21/2010 09:44:21
709415,2012.REP.NOM.BROWN,Scott Brown to be Republican Presidential Nominee in 2012,1,6.0,Jan/21/2010 09:46:40
709415,2012.REP.NOM.BROWN,Scott Brown to be Republican Presidential Nominee in 2012,17,6.0,Jan/21/2010 11:10:22
709415,2012.REP.NOM.BROWN,Scott Brown to be Republican Presidential Nominee in 2012,1,5.0,Jan/21/2010 11:10:22
709415,2012.REP.NOM.BROWN,Scott Brown to be Republican Presidential Nominee in 2012,1,4.5,Jan/21/2010 11:10:22
709415,2012.REP.NOM.BROWN,Scott Brown to be Republican Presidential Nominee in 2012,1,3.0,Jan/21/2010 11:10:22
709415,2012.REP.NOM.BROWN,Scott Brown to be Republican Presidential Nominee in 2012,20,0.1,Jan/21/2010 13:14:11
709415,2012.REP.NOM.BROWN,Scott Brown to be Republican Presidential Nominee in 2012,10,0.5,Jan/21/2010 15:50:39
709415,2012.REP.NOM.BROWN,Scott Brown to be Republican Presidential Nominee in 2012,1,1.0,Jan/21/2010 17:46:38
709415,2012.REP.NOM.BROWN,Scott Brown to be Republican Presidential Nominee in 2012,2,1.3,Jan/21/2010 17:46:38
709415,2012.REP.NOM.BROWN,Scott Brown to be Republican Presidential Nominee in 2012,2,2.0,Jan/21/2010 17:46:38
709415,2012.REP.NOM.BROWN,Scott Brown to be Republican Presidential Nominee in 2012,5,1.0,Jan/21/2010 17:46:46
709415,2012.REP.NOM.BROWN,Scott Brown to be Republican Presidential Nominee in 2012,1,1.0,Jan/21/2010 17:47:36
709415,2012.REP.NOM.BROWN,Scott Brown to be Republican Presidential Nominee in 2012,20,6.0,Jan/21/2010 18:30:12
709415,2012.REP.NOM.BROWN,Scott Brown to be Republican Presidential Nominee in 2012,1,3.5,Jan/22/2010 00:32:24
709415,2012.REP.NOM.BROWN,Scott Brown to be Republican Presidential Nominee in 2012,14,2.5,Jan/22/2010 06:22:11
709415,2012.REP.NOM.BROWN,Scott Brown to be Republican Presidential Nominee in 2012,14,2.5,Jan/22/2010 06:22:14
709415,2012.REP.NOM.BROWN,Scott Brown to be Republican Presidential Nominee in 2012,1,2.5,Jan/22/2010 06:22:25
709415,2012.REP.NOM.BROWN,Scott Brown to be Republican Presidential Nominee in 2012,1,2.5,Jan/22/2010 14:42:28
709415,2012.REP.NOM.BROWN,Scott Brown to be Republican Presidential Nominee in 2012,2,2.1,Jan/22/2010 14:42:28
709415,2012.REP.NOM.BROWN,Scott Brown to be Republican Presidential Nominee in 2012,4,2.2,Jan/22/2010 15:55:56
709415,2012.REP.NOM.BROWN,Scott Brown to be Republican Presidential Nominee in 2012,2,3.1,Jan/22/2010 15:55:56
709415,2012.REP.NOM.BROWN,Scott Brown to be Republican Presidential Nominee in 2012,1,4.0,Jan/22/2010 15:55:56
709415,2012.REP.NOM.BROWN,Scott Brown to be Republican Presidential Nominee in 2012,10,8.0,Jan/25/2010 00:43:14
709415,2012.REP.NOM.BROWN,Scott Brown to be Republican Presidential Nominee in 2012,20,8.0,Jan/25/2010 00:43:14
709415,2012.REP.NOM.BROWN,Scott Brown to be Republican Presidential Nominee in 2012,20,5.0,Jan/25/2010 00:43:14
709415,2012.REP.NOM.BROWN,Scott Brown to be Republican Presidential Nominee in 2012,2,4.8,Jan/25/2010 00:43:14
709415,2012.REP.NOM.BROWN,Scott Brown to be Republican Presidential Nominee in 2012,4,7.9,Jan/25/2010 00:43:14
709415,2012.REP.NOM.BROWN,Scott Brown to be Republican Presidential Nominee in 2012,4,4.0,Jan/25/2010 00:43:14
709415,2012.REP.NOM.BROWN,Scott Brown to be Republican Presidential Nominee in 2012,6,4.9,Jan/25/2010 00:43:14
709415,2012.REP.NOM.BROWN,Scott Brown to be Republican Presidential Nominee in 2012,10,2.3,Jan/25/2010 11:13:28
709415,2012.REP.NOM.BROWN,Scott Brown to be Republican Presidential Nominee in 2012,4,2.1,Jan/25/2010 11:13:28
709415,2012.REP.NOM.BROWN,Scott Brown to be Republican Presidential Nominee in 2012,6,2.1,Jan/25/2010 11:15:38
709415,2012.REP.NOM.BROWN,Scott Brown to be Republican Presidential Nominee in 2012,14,2.1,Jan/25/2010 18:33:58
709415,2012.REP.NOM.BROWN,Scott Brown to be Republican Presidential Nominee in 2012,4,2.3,Jan/26/2010 11:04:14
709415,2012.REP.NOM.BROWN,Scott Brown to be Republican Presidential Nominee in 2012,16,2.3,Jan/27/2010 18:35:43
709415,2012.REP.NOM.BROWN,Scott Brown to be Republican Presidential Nominee in 2012,4,2.2,Jan/27/2010 18:35:43
709415,2012.REP.NOM.BROWN,Scott Brown to be Republican Presidential Nominee in 2012,4,2.4,Jan/28/2010 12:16:20
709415,2012.REP.NOM.BROWN,Scott Brown to be Republican Presidential Nominee in 2012,10,2.5,Jan/28/2010 12:16:20
709415,2012.REP.NOM.BROWN,Scott Brown to be Republican Presidential Nominee in 2012,1,4.9,Feb/01/2010 01:50:26
709415,2012.REP.NOM.BROWN,Scott Brown to be Republican Presidential Nominee in 2012,20,5.0,Feb/01/2010 01:50:26
709415,2012.REP.NOM.BROWN,Scott Brown to be Republican Presidential Nominee in 2012,20,5.0,Feb/01/2010 04:21:20
709415,2012.REP.NOM.BROWN,Scott Brown to be Republican Presidential Nominee in 2012,15,5.0,Feb/01/2010 17:13:14
709415,2012.REP.NOM.BROWN,Scott Brown to be Republican Presidential Nominee in 2012,10,5.2,Feb/03/2010 05:11:15
709415,2012.REP.NOM.BROWN,Scott Brown to be Republican Presidential Nominee in 2012,10,5.2,Feb/03/2010 05:16:13
709415,2012.REP.NOM.BROWN,Scott Brown to be Republican Presidential Nominee in 2012,10,5.2,Feb/03/2010 12:15:32
709415,2012.REP.NOM.BROWN,Scott Brown to be Republican Presidential Nominee in 2012,1,5.3,Feb/04/2010 14:25:10
709415,2012.REP.NOM.BROWN,Scott Brown to be Republican Presidential Nominee in 2012,19,5.2,Feb/04/2010 14:25:10
709415,2012.REP.NOM.BROWN,Scott Brown to be Republican Presidential Nominee in 2012,11,5.2,Feb/04/2010 14:25:16
709415,2012.REP.NOM.BROWN,Scott Brown to be Republican Presidential Nominee in 2012,2,4.6,Feb/05/2010 09:58:22
709415,2012.REP.NOM.BROWN,Scott Brown to be Republican Presidential Nominee in 2012,1,4.1,Feb/08/2010 10:20:14
709415,2012.REP.NOM.BROWN,Scott Brown to be Republican Presidential Nominee in 2012,1,4.1,Feb/08/2010 10:21:09
709415,2012.REP.NOM.BROWN,Scott Brown to be Republican Presidential Nominee in 2012,1,4.1,Feb/08/2010 10:21:17
709415,2012.REP.NOM.BROWN,Scott Brown to be Republican Presidential Nominee in 2012,1,4.1,Feb/08/2010 10:21:24
709415,2012.REP.NOM.BROWN,Scott Brown to be Republican Presidential Nominee in 2012,1,4.1,Feb/08/2010 10:21:43
709415,2012.REP.NOM.BROWN,Scott Brown to be Republican Presidential Nominee in 2012,1,4.1,Feb/08/2010 10:21:54
709415,2012.REP.NOM.BROWN,Scott Brown to be Republican Presidential Nominee in 2012,1,4.1,Feb/08/2010 10:22:02
709415,2012.REP.NOM.BROWN,Scott Brown to be Republican Presidential Nominee in 2012,1,4.1,Feb/08/2010 10:22:10
709415,2012.REP.NOM.BROWN,Scott Brown to be Republican Presidential Nominee in 2012,1,4.1,Feb/08/2010 10:22:17
709415,2012.REP.NOM.BROWN,Scott Brown to be Republican Presidential Nominee in 2012,1,4.1,Feb/08/2010 10:22:25
709415,2012.REP.NOM.BROWN,Scott Brown to be Republican Presidential Nominee in 2012,1,4.1,Feb/08/2010 10:22:33
709415,2012.REP.NOM.BROWN,Scott Brown to be Republican Presidential Nominee in 2012,2,4.1,Feb/08/2010 10:22:41
709415,2012.REP.NOM.BROWN,Scott Brown to be Republican Presidential Nominee in 2012,2,4.1,Feb/08/2010 10:22:48
709415,2012.REP.NOM.BROWN,Scott Brown to be Republican Presidential Nominee in 2012,1,4.1,Feb/08/2010 10:23:02
709415,2012.REP.NOM.BROWN,Scott Brown to be Republican Presidential Nominee in 2012,2,4.7,Feb/09/2010 03:48:34
709415,2012.REP.NOM.BROWN,Scott Brown to be Republican Presidential Nominee in 2012,5,4.8,Feb/09/2010 03:48:34
709415,2012.REP.NOM.BROWN,Scott Brown to be Republican Presidential Nominee in 2012,1,4.9,Feb/09/2010 17:49:19
709415,2012.REP.NOM.BROWN,Scott Brown to be Republican Presidential Nominee in 2012,9,5.0,Feb/09/2010 17:50:08
709415,2012.REP.NOM.BROWN,Scott Brown to be Republican Presidential Nominee in 2012,3,4.3,Feb/10/2010 09:56:57
709415,2012.REP.NOM.BROWN,Scott Brown to be Republican Presidential Nominee in 2012,1,4.1,Feb/10/2010 09:57:10
709415,2012.REP.NOM.BROWN,Scott Brown to be Republican Presidential Nominee in 2012,1,4.1,Feb/10/2010 09:57:30
709415,2012.REP.NOM.BROWN,Scott Brown to be Republican Presidential Nominee in 2012,2,4.1,Feb/10/2010 09:57:37
709415,2012.REP.NOM.BROWN,Scott Brown to be Republican Presidential Nominee in 2012,1,4.1,Feb/10/2010 09:57:44
709415,2012.REP.NOM.BROWN,Scott Brown to be Republican Presidential Nominee in 2012,1,4.1,Feb/10/2010 09:57:49
709415,2012.REP.NOM.BROWN,Scott Brown to be Republican Presidential Nominee in 2012,1,4.1,Feb/10/2010 09:58:04
709415,2012.REP.NOM.BROWN,Scott Brown to be Republican Presidential Nominee in 2012,1,4.1,Feb/10/2010 09:58:10
709415,2012.REP.NOM.BROWN,Scott Brown to be Republican Presidential Nominee in 2012,1,4.1,Feb/10/2010 09:58:16
709415,2012.REP.NOM.BROWN,Scott Brown to be Republican Presidential Nominee in 2012,1,4.1,Feb/10/2010 09:58:21
709415,2012.REP.NOM.BROWN,Scott Brown to be Republican Presidential Nominee in 2012,1,4.1,Feb/10/2010 09:58:27
709415,2012.REP.NOM.BROWN,Scott Brown to be Republican Presidential Nominee in 2012,1,4.1,Feb/10/2010 09:58:31
709415,2012.REP.NOM.BROWN,Scott Brown to be Republican Presidential Nominee in 2012,1,4.1,Feb/10/2010 09:58:36
709415,2012.REP.NOM.BROWN,Scott Brown to be Republican Presidential Nominee in 2012,1,4.1,Feb/10/2010 09:58:41
709415,2012.REP.NOM.BROWN,Scott Brown to be Republican Presidential Nominee in 2012,1,4.1,Feb/10/2010 09:58:50
709415,2012.REP.NOM.BROWN,Scott Brown to be Republican Presidential Nominee in 2012,1,4.1,Feb/10/2010 09:58:57
709415,2012.REP.NOM.BROWN,Scott Brown to be Republican Presidential Nominee in 2012,1,4.1,Feb/10/2010 09:59:03
709415,2012.REP.NOM.BROWN,Scott Brown to be Republican Presidential Nominee in 2012,1,4.1,Feb/10/2010 09:59:13
709415,2012.REP.NOM.BROWN,Scott Brown to be Republican Presidential Nominee in 2012,2,4.1,Feb/10/2010 09:59:18
709415,2012.REP.NOM.BROWN,Scott Brown to be Republican Presidential Nominee in 2012,1,4.1,Feb/10/2010 09:59:32
709415,2012.REP.NOM.BROWN,Scott Brown to be Republican Presidential Nominee in 2012,2,4.1,Feb/10/2010 09:59:38
709415,2012.REP.NOM.BROWN,Scott Brown to be Republican Presidential Nominee in 2012,1,4.1,Feb/10/2010 09:59:44
709415,2012.REP.NOM.BROWN,Scott Brown to be Republican Presidential Nominee in 2012,1,4.2,Feb/14/2010 16:45:13
709415,2012.REP.NOM.BROWN,Scott Brown to be Republican Presidential Nominee in 2012,1,4.2,Feb/14/2010 16:45:19
709415,2012.REP.NOM.BROWN,Scott Brown to be Republican Presidential Nominee in 2012,1,4.1,Feb/14/2010 16:45:37
709415,2012.REP.NOM.BROWN,Scott Brown to be Republican Presidential Nominee in 2012,1,4.1,Feb/14/2010 16:45:45
709415,2012.REP.NOM.BROWN,Scott Brown to be Republican Presidential Nominee in 2012,3,4.2,Feb/15/2010 09:59:08
709415,2012.REP.NOM.BROWN,Scott Brown to be Republican Presidential Nominee in 2012,2,4.2,Feb/15/2010 09:59:14
709415,2012.REP.NOM.BROWN,Scott Brown to be Republican Presidential Nominee in 2012,3,4.2,Feb/15/2010 09:59:23
709415,2012.REP.NOM.BROWN,Scott Brown to be Republican Presidential Nominee in 2012,5,4.2,Feb/15/2010 09:59:28
709415,2012.REP.NOM.BROWN,Scott Brown to be Republican Presidential Nominee in 2012,2,4.2,Feb/15/2010 09:59:37
709415,2012.REP.NOM.BROWN,Scott Brown to be Republican Presidential Nominee in 2012,8,4.2,Feb/15/2010 11:58:22
709415,2012.REP.NOM.BROWN,Scott Brown to be Republican Presidential Nominee in 2012,8,4.2,Feb/15/2010 11:58:29
709415,2012.REP.NOM.BROWN,Scott Brown to be Republican Presidential Nominee in 2012,11,4.2,Feb/15/2010 11:58:37
709415,2012.REP.NOM.BROWN,Scott Brown to be Republican Presidential Nominee in 2012,11,4.2,Feb/15/2010 11:58:42
709415,2012.REP.NOM.BROWN,Scott Brown to be Republican Presidential Nominee in 2012,4,4.2,Feb/15/2010 11:58:47
709415,2012.REP.NOM.BROWN,Scott Brown to be Republican Presidential Nominee in 2012,3,4.2,Feb/15/2010 11:58:54
709415,2012.REP.NOM.BROWN,Scott Brown to be Republican Presidential Nominee in 2012,2,4.1,Feb/15/2010 11:58:59
709415,2012.REP.NOM.BROWN,Scott Brown to be Republican Presidential Nominee in 2012,1,4.1,Feb/15/2010 11:59:04
709415,2012.REP.NOM.BROWN,Scott Brown to be Republican Presidential Nominee in 2012,1,4.1,Feb/15/2010 11:59:09
709415,2012.REP.NOM.BROWN,Scott Brown to be Republican Presidential Nominee in 2012,1,4.1,Feb/15/2010 11:59:14
709415,2012.REP.NOM.BROWN,Scott Brown to be Republican Presidential Nominee in 2012,1,4.1,Feb/15/2010 11:59:20
709415,2012.REP.NOM.BROWN,Scott Brown to be Republican Presidential Nominee in 2012,2,4.1,Feb/15/2010 11:59:27
709415,2012.REP.NOM.BROWN,Scott Brown to be Republican Presidential Nominee in 2012,5,4.1,Feb/15/2010 11:59:32
709415,2012.REP.NOM.BROWN,Scott Brown to be Republican Presidential Nominee in 2012,1,4.1,Feb/15/2010 11:59:38
709415,2012.REP.NOM.BROWN,Scott Brown to be Republican Presidential Nominee in 2012,1,4.1,Feb/15/2010 11:59:42
709415,2012.REP.NOM.BROWN,Scott Brown to be Republican Presidential Nominee in 2012,1,4.1,Feb/15/2010 11:59:47
709415,2012.REP.NOM.BROWN,Scott Brown to be Republican Presidential Nominee in 2012,1,4.1,Feb/15/2010 11:59:54
709415,2012.REP.NOM.BROWN,Scott Brown to be Republican Presidential Nominee in 2012,1,4.1,Feb/15/2010 12:00:00
709415,2012.REP.NOM.BROWN,Scott Brown to be Republican Presidential Nominee in 2012,2,4.1,Feb/15/2010 12:00:04
709415,2012.REP.NOM.BROWN,Scott Brown to be Republican Presidential Nominee in 2012,1,4.1,Feb/15/2010 12:00:11
709415,2012.REP.NOM.BROWN,Scott Brown to be Republican Presidential Nominee in 2012,5,4.1,Feb/15/2010 19:57:07
709415,2012.REP.NOM.BROWN,Scott Brown to be Republican Presidential Nominee in 2012,1,4.2,Feb/17/2010 14:25:01
709415,2012.REP.NOM.BROWN,Scott Brown to be Republican Presidential Nominee in 2012,1,4.2,Feb/17/2010 14:25:07
709415,2012.REP.NOM.BROWN,Scott Brown to be Republican Presidential Nominee in 2012,1,4.2,Feb/17/2010 14:25:12
709415,2012.REP.NOM.BROWN,Scott Brown to be Republican Presidential Nominee in 2012,2,4.2,Feb/17/2010 14:25:18
709415,2012.REP.NOM.BROWN,Scott Brown to be Republican Presidential Nominee in 2012,1,4.1,Feb/18/2010 22:55:02
709415,2012.REP.NOM.BROWN,Scott Brown to be Republican Presidential Nominee in 2012,1,4.1,Feb/19/2010 17:58:35
709415,2012.REP.NOM.BROWN,Scott Brown to be Republican Presidential Nominee in 2012,1,4.1,Feb/19/2010 18:00:06
709415,2012.REP.NOM.BROWN,Scott Brown to be Republican Presidential Nominee in 2012,1,4.1,Feb/19/2010 18:00:17
709415,2012.REP.NOM.BROWN,Scott Brown to be Republican Presidential Nominee in 2012,1,4.1,Feb/19/2010 18:00:25
709415,2012.REP.NOM.BROWN,Scott Brown to be Republican Presidential Nominee in 2012,1,4.1,Feb/19/2010 18:00:31
709415,2012.REP.NOM.BROWN,Scott Brown to be Republican Presidential Nominee in 2012,1,4.1,Feb/19/2010 18:00:37
709415,2012.REP.NOM.BROWN,Scott Brown to be Republican Presidential Nominee in 2012,1,4.1,Feb/19/2010 18:00:45
709415,2012.REP.NOM.BROWN,Scott Brown to be Republican Presidential Nominee in 2012,1,4.1,Feb/19/2010 18:01:08
709415,2012.REP.NOM.BROWN,Scott Brown to be Republican Presidential Nominee in 2012,3,4.1,Feb/19/2010 18:01:14
709415,2012.REP.NOM.BROWN,Scott Brown to be Republican Presidential Nominee in 2012,1,4.1,Feb/19/2010 18:01:21
709415,2012.REP.NOM.BROWN,Scott Brown to be Republican Presidential Nominee in 2012,1,4.1,Feb/19/2010 18:01:28
709415,2012.REP.NOM.BROWN,Scott Brown to be Republican Presidential Nominee in 2012,2,4.1,Feb/19/2010 18:01:36
709415,2012.REP.NOM.BROWN,Scott Brown to be Republican Presidential Nominee in 2012,2,4.2,Feb/21/2010 17:37:19
709415,2012.REP.NOM.BROWN,Scott Brown to be Republican Presidential Nominee in 2012,28,4.1,Feb/24/2010 02:30:45
709415,2012.REP.NOM.BROWN,Scott Brown to be Republican Presidential Nominee in 2012,1,4.1,Feb/24/2010 11:35:13
709415,2012.REP.NOM.BROWN,Scott Brown to be Republican Presidential Nominee in 2012,1,4.1,Feb/24/2010 11:35:21
709415,2012.REP.NOM.BROWN,Scott Brown to be Republican Presidential Nominee in 2012,1,4.1,Feb/24/2010 11:35:26
709415,2012.REP.NOM.BROWN,Scott Brown to be Republican Presidential Nominee in 2012,1,4.1,Feb/24/2010 11:35:33
709415,2012.REP.NOM.BROWN,Scott Brown to be Republican Presidential Nominee in 2012,1,4.1,Feb/24/2010 11:35:38
709415,2012.REP.NOM.BROWN,Scott Brown to be Republican Presidential Nominee in 2012,2,4.1,Feb/24/2010 11:35:43
709415,2012.REP.NOM.BROWN,Scott Brown to be Republican Presidential Nominee in 2012,1,4.1,Feb/24/2010 11:35:48
709415,2012.REP.NOM.BROWN,Scott Brown to be Republican Presidential Nominee in 2012,1,4.1,Feb/24/2010 11:35:53
709415,2012.REP.NOM.BROWN,Scott Brown to be Republican Presidential Nominee in 2012,1,4.1,Feb/24/2010 11:35:58
709415,2012.REP.NOM.BROWN,Scott Brown to be Republican Presidential Nominee in 2012,1,4.1,Feb/24/2010 11:36:03
709415,2012.REP.NOM.BROWN,Scott Brown to be Republican Presidential Nominee in 2012,1,4.1,Feb/24/2010 11:36:09
709415,2012.REP.NOM.BROWN,Scott Brown to be Republican Presidential Nominee in 2012,1,4.1,Feb/24/2010 11:36:15
709415,2012.REP.NOM.BROWN,Scott Brown to be Republican Presidential Nominee in 2012,6,4.1,Feb/24/2010 11:36:21
709415,2012.REP.NOM.BROWN,Scott Brown to be Republican Presidential Nominee in 2012,1,4.1,Feb/24/2010 11:36:26
709415,2012.REP.NOM.BROWN,Scott Brown to be Republican Presidential Nominee in 2012,1,4.1,Feb/24/2010 11:36:31
709415,2012.REP.NOM.BROWN,Scott Brown to be Republican Presidential Nominee in 2012,3,4.1,Feb/24/2010 11:36:38
709415,2012.REP.NOM.BROWN,Scott Brown to be Republican Presidential Nominee in 2012,3,4.1,Feb/24/2010 11:36:52
709415,2012.REP.NOM.BROWN,Scott Brown to be Republican Presidential Nominee in 2012,2,4.1,Feb/24/2010 11:37:00
709415,2012.REP.NOM.BROWN,Scott Brown to be Republican Presidential Nominee in 2012,1,4.1,Feb/24/2010 11:37:05
709415,2012.REP.NOM.BROWN,Scott Brown to be Republican Presidential Nominee in 2012,1,4.1,Feb/24/2010 11:37:10
709415,2012.REP.NOM.BROWN,Scott Brown to be Republican Presidential Nominee in 2012,2,4.1,Feb/24/2010 11:37:16
709415,2012.REP.NOM.BROWN,Scott Brown to be Republican Presidential Nominee in 2012,3,4.1,Feb/24/2010 11:37:32
709415,2012.REP.NOM.BROWN,Scott Brown to be Republican Presidential Nominee in 2012,4,4.1,Feb/24/2010 11:37:38
709415,2012.REP.NOM.BROWN,Scott Brown to be Republican Presidential Nominee in 2012,1,4.1,Feb/24/2010 11:37:44
709415,2012.REP.NOM.BROWN,Scott Brown to be Republican Presidential Nominee in 2012,1,4.1,Feb/24/2010 11:37:51
709415,2012.REP.NOM.BROWN,Scott Brown to be Republican Presidential Nominee in 2012,3,4.1,Feb/24/2010 11:38:07
709415,2012.REP.NOM.BROWN,Scott Brown to be Republican Presidential Nominee in 2012,4,4.1,Feb/24/2010 11:38:15
709415,2012.REP.NOM.BROWN,Scott Brown to be Republican Presidential Nominee in 2012,1,4.1,Feb/24/2010 16:58:16
709415,2012.REP.NOM.BROWN,Scott Brown to be Republican Presidential Nominee in 2012,2,4.1,Feb/24/2010 16:58:51
709415,2012.REP.NOM.BROWN,Scott Brown to be Republican Presidential Nominee in 2012,2,4.1,Feb/24/2010 16:59:06
709415,2012.REP.NOM.BROWN,Scott Brown to be Republican Presidential Nominee in 2012,1,4.1,Feb/24/2010 20:50:43
709415,2012.REP.NOM.BROWN,Scott Brown to be Republican Presidential Nominee in 2012,1,4.1,Mar/01/2010 06:00:50
709415,2012.REP.NOM.BROWN,Scott Brown to be Republican Presidential Nominee in 2012,1,4.1,Mar/01/2010 06:00:55
709415,2012.REP.NOM.BROWN,Scott Brown to be Republican Presidential Nominee in 2012,1,4.1,Mar/01/2010 06:02:22
709415,2012.REP.NOM.BROWN,Scott Brown to be Republican Presidential Nominee in 2012,1,4.1,Mar/01/2010 06:02:28
709415,2012.REP.NOM.BROWN,Scott Brown to be Republican Presidential Nominee in 2012,1,4.1,Mar/01/2010 06:02:34
709415,2012.REP.NOM.BROWN,Scott Brown to be Republican Presidential Nominee in 2012,1,4.1,Mar/01/2010 06:02:43
709415,2012.REP.NOM.BROWN,Scott Brown to be Republican Presidential Nominee in 2012,1,4.1,Mar/01/2010 06:02:49
709415,2012.REP.NOM.BROWN,Scott Brown to be Republican Presidential Nominee in 2012,2,4.7,Mar/02/2010 14:29:17
709415,2012.REP.NOM.BROWN,Scott Brown to be Republican Presidential Nominee in 2012,5,4.8,Mar/02/2010 14:29:17
709415,2012.REP.NOM.BROWN,Scott Brown to be Republican Presidential Nominee in 2012,1,4.1,Mar/04/2010 07:34:23
709415,2012.REP.NOM.BROWN,Scott Brown to be Republican Presidential Nominee in 2012,1,4.1,Mar/04/2010 07:35:27
709415,2012.REP.NOM.BROWN,Scott Brown to be Republican Presidential Nominee in 2012,1,4.1,Mar/04/2010 07:35:34
709415,2012.REP.NOM.BROWN,Scott Brown to be Republican Presidential Nominee in 2012,1,4.1,Mar/04/2010 07:35:40
709415,2012.REP.NOM.BROWN,Scott Brown to be Republican Presidential Nominee in 2012,1,4.1,Mar/04/2010 07:36:01
709415,2012.REP.NOM.BROWN,Scott Brown to be Republican Presidential Nominee in 2012,1,4.1,Mar/04/2010 07:36:06
709415,2012.REP.NOM.BROWN,Scott Brown to be Republican Presidential Nominee in 2012,1,4.1,Mar/04/2010 07:36:12
709415,2012.REP.NOM.BROWN,Scott Brown to be Republican Presidential Nominee in 2012,1,4.1,Mar/04/2010 07:36:19
709415,2012.REP.NOM.BROWN,Scott Brown to be Republican Presidential Nominee in 2012,2,4.1,Mar/04/2010 07:36:26
709415,2012.REP.NOM.BROWN,Scott Brown to be Republican Presidential Nominee in 2012,2,4.1,Mar/04/2010 07:36:32
709415,2012.REP.NOM.BROWN,Scott Brown to be Republican Presidential Nominee in 2012,1,4.1,Mar/04/2010 07:36:44
709415,2012.REP.NOM.BROWN,Scott Brown to be Republican Presidential Nominee in 2012,1,4.1,Mar/04/2010 07:36:49
709415,2012.REP.NOM.BROWN,Scott Brown to be Republican Presidential Nominee in 2012,2,4.1,Mar/04/2010 07:36:55
709415,2012.REP.NOM.BROWN,Scott Brown to be Republican Presidential Nominee in 2012,1,4.1,Mar/04/2010 07:37:02
709415,2012.REP.NOM.BROWN,Scott Brown to be Republican Presidential Nominee in 2012,3,4.1,Mar/04/2010 07:37:10
709415,2012.REP.NOM.BROWN,Scott Brown to be Republican Presidential Nominee in 2012,2,4.1,Mar/04/2010 07:37:16
709415,2012.REP.NOM.BROWN,Scott Brown to be Republican Presidential Nominee in 2012,2,4.1,Mar/04/2010 07:37:22
709415,2012.REP.NOM.BROWN,Scott Brown to be Republican Presidential Nominee in 2012,1,4.1,Mar/04/2010 07:37:28
709415,2012.REP.NOM.BROWN,Scott Brown to be Republican Presidential Nominee in 2012,1,4.1,Mar/04/2010 07:37:35
709415,2012.REP.NOM.BROWN,Scott Brown to be Republican Presidential Nominee in 2012,1,4.1,Mar/04/2010 07:37:43
709415,2012.REP.NOM.BROWN,Scott Brown to be Republican Presidential Nominee in 2012,1,4.1,Mar/04/2010 07:37:49
709415,2012.REP.NOM.BROWN,Scott Brown to be Republican Presidential Nominee in 2012,2,4.1,Mar/04/2010 07:37:54
709415,2012.REP.NOM.BROWN,Scott Brown to be Republican Presidential Nominee in 2012,2,4.1,Mar/04/2010 07:38:00
709415,2012.REP.NOM.BROWN,Scott Brown to be Republican Presidential Nominee in 2012,3,4.1,Mar/04/2010 07:38:10
709415,2012.REP.NOM.BROWN,Scott Brown to be Republican Presidential Nominee in 2012,2,4.1,Mar/04/2010 07:38:20
709415,2012.REP.NOM.BROWN,Scott Brown to be Republican Presidential Nominee in 2012,2,4.1,Mar/04/2010 07:38:26
709415,2012.REP.NOM.BROWN,Scott Brown to be Republican Presidential Nominee in 2012,2,4.1,Mar/04/2010 07:38:37
709415,2012.REP.NOM.BROWN,Scott Brown to be Republican Presidential Nominee in 2012,2,4.1,Mar/04/2010 07:38:44
709415,2012.REP.NOM.BROWN,Scott Brown to be Republican Presidential Nominee in 2012,2,4.1,Mar/04/2010 07:38:49
709415,2012.REP.NOM.BROWN,Scott Brown to be Republican Presidential Nominee in 2012,2,4.1,Mar/04/2010 07:38:56
709415,2012.REP.NOM.BROWN,Scott Brown to be Republican Presidential Nominee in 2012,1,4.1,Mar/04/2010 07:39:04
709415,2012.REP.NOM.BROWN,Scott Brown to be Republican Presidential Nominee in 2012,1,4.1,Mar/05/2010 14:51:16
709415,2012.REP.NOM.BROWN,Scott Brown to be Republican Presidential Nominee in 2012,1,4.1,Mar/05/2010 14:51:23
709415,2012.REP.NOM.BROWN,Scott Brown to be Republican Presidential Nominee in 2012,2,4.1,Mar/05/2010 14:51:27
709415,2012.REP.NOM.BROWN,Scott Brown to be Republican Presidential Nominee in 2012,3,4.1,Mar/05/2010 14:51:33
709415,2012.REP.NOM.BROWN,Scott Brown to be Republican Presidential Nominee in 2012,1,4.1,Mar/05/2010 14:51:39
709415,2012.REP.NOM.BROWN,Scott Brown to be Republican Presidential Nominee in 2012,1,4.1,Mar/05/2010 14:51:45
709415,2012.REP.NOM.BROWN,Scott Brown to be Republican Presidential Nominee in 2012,1,4.1,Mar/05/2010 14:51:50
709415,2012.REP.NOM.BROWN,Scott Brown to be Republican Presidential Nominee in 2012,1,4.1,Mar/05/2010 14:51:57
709415,2012.REP.NOM.BROWN,Scott Brown to be Republican Presidential Nominee in 2012,1,4.1,Mar/05/2010 14:52:03
709415,2012.REP.NOM.BROWN,Scott Brown to be Republican Presidential Nominee in 2012,1,4.1,Mar/05/2010 14:52:09
709415,2012.REP.NOM.BROWN,Scott Brown to be Republican Presidential Nominee in 2012,1,4.1,Mar/05/2010 14:52:14
709415,2012.REP.NOM.BROWN,Scott Brown to be Republican Presidential Nominee in 2012,1,4.1,Mar/05/2010 14:52:21
709415,2012.REP.NOM.BROWN,Scott Brown to be Republican Presidential Nominee in 2012,2,4.1,Mar/05/2010 14:52:26
709415,2012.REP.NOM.BROWN,Scott Brown to be Republican Presidential Nominee in 2012,1,4.1,Mar/05/2010 14:52:31
709415,2012.REP.NOM.BROWN,Scott Brown to be Republican Presidential Nominee in 2012,1,4.1,Mar/05/2010 14:52:37
709415,2012.REP.NOM.BROWN,Scott Brown to be Republican Presidential Nominee in 2012,2,4.1,Mar/05/2010 14:52:42
709415,2012.REP.NOM.BROWN,Scott Brown to be Republican Presidential Nominee in 2012,1,4.8,Mar/08/2010 05:45:28
709415,2012.REP.NOM.BROWN,Scott Brown to be Republican Presidential Nominee in 2012,1,4.8,Mar/08/2010 05:45:33
709415,2012.REP.NOM.BROWN,Scott Brown to be Republican Presidential Nominee in 2012,1,4.8,Mar/08/2010 05:45:38
709415,2012.REP.NOM.BROWN,Scott Brown to be Republican Presidential Nominee in 2012,1,4.8,Mar/08/2010 05:45:45
709415,2012.REP.NOM.BROWN,Scott Brown to be Republican Presidential Nominee in 2012,1,4.8,Mar/08/2010 05:45:49
709415,2012.REP.NOM.BROWN,Scott Brown to be Republican Presidential Nominee in 2012,1,4.8,Mar/08/2010 05:45:53
709415,2012.REP.NOM.BROWN,Scott Brown to be Republican Presidential Nominee in 2012,1,4.8,Mar/08/2010 05:46:13
709415,2012.REP.NOM.BROWN,Scott Brown to be Republican Presidential Nominee in 2012,2,4.8,Mar/08/2010 05:46:22
709415,2012.REP.NOM.BROWN,Scott Brown to be Republican Presidential Nominee in 2012,1,4.8,Mar/08/2010 05:46:30
709415,2012.REP.NOM.BROWN,Scott Brown to be Republican Presidential Nominee in 2012,1,4.8,Mar/08/2010 05:46:49
709415,2012.REP.NOM.BROWN,Scott Brown to be Republican Presidential Nominee in 2012,1,4.8,Mar/08/2010 05:46:54
709415,2012.REP.NOM.BROWN,Scott Brown to be Republican Presidential Nominee in 2012,1,4.8,Mar/08/2010 05:46:59
709415,2012.REP.NOM.BROWN,Scott Brown to be Republican Presidential Nominee in 2012,1,4.8,Mar/08/2010 05:47:03
709415,2012.REP.NOM.BROWN,Scott Brown to be Republican Presidential Nominee in 2012,1,4.8,Mar/08/2010 05:47:16
709415,2012.REP.NOM.BROWN,Scott Brown to be Republican Presidential Nominee in 2012,1,4.8,Mar/08/2010 05:47:25
709415,2012.REP.NOM.BROWN,Scott Brown to be Republican Presidential Nominee in 2012,1,4.8,Mar/08/2010 05:47:30
709415,2012.REP.NOM.BROWN,Scott Brown to be Republican Presidential Nominee in 2012,1,4.8,Mar/08/2010 05:47:38
709415,2012.REP.NOM.BROWN,Scott Brown to be Republican Presidential Nominee in 2012,1,4.8,Mar/08/2010 05:47:44
709415,2012.REP.NOM.BROWN,Scott Brown to be Republican Presidential Nominee in 2012,4,4.8,Mar/08/2010 05:47:50
709415,2012.REP.NOM.BROWN,Scott Brown to be Republican Presidential Nominee in 2012,1,4.8,Mar/08/2010 05:48:11
709415,2012.REP.NOM.BROWN,Scott Brown to be Republican Presidential Nominee in 2012,1,4.8,Mar/08/2010 05:48:19
709415,2012.REP.NOM.BROWN,Scott Brown to be Republican Presidential Nominee in 2012,5,4.8,Mar/08/2010 05:48:26
709415,2012.REP.NOM.BROWN,Scott Brown to be Republican Presidential Nominee in 2012,4,4.8,Mar/08/2010 05:48:38
709415,2012.REP.NOM.BROWN,Scott Brown to be Republican Presidential Nominee in 2012,1,4.8,Mar/08/2010 05:48:48
709415,2012.REP.NOM.BROWN,Scott Brown to be Republican Presidential Nominee in 2012,1,4.8,Mar/08/2010 05:48:56
709415,2012.REP.NOM.BROWN,Scott Brown to be Republican Presidential Nominee in 2012,1,4.8,Mar/08/2010 05:49:04
709415,2012.REP.NOM.BROWN,Scott Brown to be Republican Presidential Nominee in 2012,1,4.8,Mar/08/2010 05:49:13
709415,2012.REP.NOM.BROWN,Scott Brown to be Republican Presidential Nominee in 2012,1,4.8,Mar/08/2010 05:49:22
709415,2012.REP.NOM.BROWN,Scott Brown to be Republican Presidential Nominee in 2012,1,4.8,Mar/10/2010 07:41:54
709415,2012.REP.NOM.BROWN,Scott Brown to be Republican Presidential Nominee in 2012,1,4.8,Mar/10/2010 07:42:02
709415,2012.REP.NOM.BROWN,Scott Brown to be Republican Presidential Nominee in 2012,1,4.8,Mar/10/2010 07:42:09
709415,2012.REP.NOM.BROWN,Scott Brown to be Republican Presidential Nominee in 2012,3,4.8,Mar/10/2010 07:42:14
709415,2012.REP.NOM.BROWN,Scott Brown to be Republican Presidential Nominee in 2012,1,4.8,Mar/10/2010 07:42:39
709415,2012.REP.NOM.BROWN,Scott Brown to be Republican Presidential Nominee in 2012,2,4.8,Mar/10/2010 07:42:48
709415,2012.REP.NOM.BROWN,Scott Brown to be Republican Presidential Nominee in 2012,1,4.8,Mar/10/2010 07:42:54
709415,2012.REP.NOM.BROWN,Scott Brown to be Republican Presidential Nominee in 2012,1,4.8,Mar/11/2010 17:47:02
709415,2012.REP.NOM.BROWN,Scott Brown to be Republican Presidential Nominee in 2012,1,4.9,Mar/11/2010 18:28:12
709415,2012.REP.NOM.BROWN,Scott Brown to be Republican Presidential Nominee in 2012,50,4.6,Mar/11/2010 22:33:18
709415,2012.REP.NOM.BROWN,Scott Brown to be Republican Presidential Nominee in 2012,10,4.4,Mar/12/2010 16:49:56
709415,2012.REP.NOM.BROWN,Scott Brown to be Republican Presidential Nominee in 2012,26,4.2,Mar/21/2010 01:11:19
709415,2012.REP.NOM.BROWN,Scott Brown to be Republican Presidential Nominee in 2012,40,4.4,Mar/21/2010 01:11:19
709415,2012.REP.NOM.BROWN,Scott Brown to be Republican Presidential Nominee in 2012,1,4.2,Mar/23/2010 06:56:34
709415,2012.REP.NOM.BROWN,Scott Brown to be Republican Presidential Nominee in 2012,1,4.2,Mar/23/2010 06:56:42
709415,2012.REP.NOM.BROWN,Scott Brown to be Republican Presidential Nominee in 2012,1,4.2,Mar/23/2010 06:56:50
709415,2012.REP.NOM.BROWN,Scott Brown to be Republican Presidential Nominee in 2012,1,4.2,Mar/23/2010 06:57:12
709415,2012.REP.NOM.BROWN,Scott Brown to be Republican Presidential Nominee in 2012,1,4.2,Mar/23/2010 06:57:21
709415,2012.REP.NOM.BROWN,Scott Brown to be Republican Presidential Nominee in 2012,3,4.2,Mar/23/2010 06:57:31
709415,2012.REP.NOM.BROWN,Scott Brown to be Republican Presidential Nominee in 2012,1,4.2,Mar/23/2010 06:57:45
709415,2012.REP.NOM.BROWN,Scott Brown to be Republican Presidential Nominee in 2012,1,4.2,Mar/23/2010 06:57:51
709415,2012.REP.NOM.BROWN,Scott Brown to be Republican Presidential Nominee in 2012,1,4.2,Mar/23/2010 06:58:04
709415,2012.REP.NOM.BROWN,Scott Brown to be Republican Presidential Nominee in 2012,1,4.2,Mar/23/2010 06:58:17
709415,2012.REP.NOM.BROWN,Scott Brown to be Republican Presidential Nominee in 2012,1,4.2,Mar/23/2010 06:58:25
709415,2012.REP.NOM.BROWN,Scott Brown to be Republican Presidential Nominee in 2012,1,4.2,Mar/23/2010 06:58:32
709415,2012.REP.NOM.BROWN,Scott Brown to be Republican Presidential Nominee in 2012,1,4.2,Mar/23/2010 06:58:39
709415,2012.REP.NOM.BROWN,Scott Brown to be Republican Presidential Nominee in 2012,1,4.2,Mar/23/2010 06:58:47
709415,2012.REP.NOM.BROWN,Scott Brown to be Republican Presidential Nominee in 2012,4,4.2,Mar/23/2010 06:58:55
709415,2012.REP.NOM.BROWN,Scott Brown to be Republican Presidential Nominee in 2012,2,4.2,Mar/23/2010 06:59:03
709415,2012.REP.NOM.BROWN,Scott Brown to be Republican Presidential Nominee in 2012,1,4.2,Mar/23/2010 06:59:10
709415,2012.REP.NOM.BROWN,Scott Brown to be Republican Presidential Nominee in 2012,1,4.2,Mar/24/2010 15:16:54
709415,2012.REP.NOM.BROWN,Scott Brown to be Republican Presidential Nominee in 2012,1,4.1,Mar/25/2010 22:40:56
709415,2012.REP.NOM.BROWN,Scott Brown to be Republican Presidential Nominee in 2012,1,4.1,Mar/25/2010 22:41:01
709415,2012.REP.NOM.BROWN,Scott Brown to be Republican Presidential Nominee in 2012,3,4.1,Mar/25/2010 22:41:19
709415,2012.REP.NOM.BROWN,Scott Brown to be Republican Presidential Nominee in 2012,2,4.1,Mar/25/2010 22:41:27
709415,2012.REP.NOM.BROWN,Scott Brown to be Republican Presidential Nominee in 2012,1,4.1,Mar/25/2010 22:41:34
709415,2012.REP.NOM.BROWN,Scott Brown to be Republican Presidential Nominee in 2012,2,4.1,Mar/25/2010 22:41:40
709415,2012.REP.NOM.BROWN,Scott Brown to be Republican Presidential Nominee in 2012,1,4.1,Mar/25/2010 22:42:05
709415,2012.REP.NOM.BROWN,Scott Brown to be Republican Presidential Nominee in 2012,2,4.1,Mar/25/2010 22:42:12
709415,2012.REP.NOM.BROWN,Scott Brown to be Republican Presidential Nominee in 2012,2,4.1,Mar/25/2010 22:42:18
709415,2012.REP.NOM.BROWN,Scott Brown to be Republican Presidential Nominee in 2012,1,4.1,Mar/25/2010 22:42:26
709415,2012.REP.NOM.BROWN,Scott Brown to be Republican Presidential Nominee in 2012,1,4.1,Mar/25/2010 22:42:33
709415,2012.REP.NOM.BROWN,Scott Brown to be Republican Presidential Nominee in 2012,1,4.1,Mar/25/2010 22:42:40
709415,2012.REP.NOM.BROWN,Scott Brown to be Republican Presidential Nominee in 2012,1,4.1,Mar/25/2010 22:42:47
709415,2012.REP.NOM.BROWN,Scott Brown to be Republican Presidential Nominee in 2012,1,4.1,Mar/25/2010 22:42:55
709415,2012.REP.NOM.BROWN,Scott Brown to be Republican Presidential Nominee in 2012,1,4.1,Mar/25/2010 22:43:02
709415,2012.REP.NOM.BROWN,Scott Brown to be Republican Presidential Nominee in 2012,1,4.1,Mar/25/2010 22:43:09
709415,2012.REP.NOM.BROWN,Scott Brown to be Republican Presidential Nominee in 2012,1,4.1,Mar/25/2010 22:43:16
709415,2012.REP.NOM.BROWN,Scott Brown to be Republican Presidential Nominee in 2012,1,4.1,Mar/25/2010 22:43:24
709415,2012.REP.NOM.BROWN,Scott Brown to be Republican Presidential Nominee in 2012,1,4.1,Mar/25/2010 22:43:31
709415,2012.REP.NOM.BROWN,Scott Brown to be Republican Presidential Nominee in 2012,1,4.1,Mar/25/2010 22:43:39
709415,2012.REP.NOM.BROWN,Scott Brown to be Republican Presidential Nominee in 2012,1,4.1,Mar/25/2010 22:43:47
709415,2012.REP.NOM.BROWN,Scott Brown to be Republican Presidential Nominee in 2012,2,4.2,Mar/28/2010 22:31:24
709415,2012.REP.NOM.BROWN,Scott Brown to be Republican Presidential Nominee in 2012,3,4.2,Mar/28/2010 22:33:16
709415,2012.REP.NOM.BROWN,Scott Brown to be Republican Presidential Nominee in 2012,11,4.1,Mar/30/2010 13:24:50
709415,2012.REP.NOM.BROWN,Scott Brown to be Republican Presidential Nominee in 2012,2,4.2,Apr/13/2010 13:12:10
709415,2012.REP.NOM.BROWN,Scott Brown to be Republican Presidential Nominee in 2012,1,4.2,Apr/14/2010 04:58:51
709415,2012.REP.NOM.BROWN,Scott Brown to be Republican Presidential Nominee in 2012,2,4.2,Apr/17/2010 16:38:06
709415,2012.REP.NOM.BROWN,Scott Brown to be Republican Presidential Nominee in 2012,3,4.2,Apr/26/2010 13:25:41
709415,2012.REP.NOM.BROWN,Scott Brown to be Republican Presidential Nominee in 2012,1,4.8,Apr/26/2010 13:25:41
709415,2012.REP.NOM.BROWN,Scott Brown to be Republican Presidential Nominee in 2012,4,4.3,Apr/26/2010 13:25:41
709415,2012.REP.NOM.BROWN,Scott Brown to be Republican Presidential Nominee in 2012,3,4.9,Apr/26/2010 13:25:41
709415,2012.REP.NOM.BROWN,Scott Brown to be Republican Presidential Nominee in 2012,1,5.0,Apr/26/2010 13:25:41
709415,2012.REP.NOM.BROWN,Scott Brown to be Republican Presidential Nominee in 2012,1,4.1,May/17/2010 10:08:12
709415,2012.REP.NOM.BROWN,Scott Brown to be Republican Presidential Nominee in 2012,1,4.1,May/17/2010 10:09:33
709415,2012.REP.NOM.BROWN,Scott Brown to be Republican Presidential Nominee in 2012,1,4.1,May/17/2010 10:09:40
709415,2012.REP.NOM.BROWN,Scott Brown to be Republican Presidential Nominee in 2012,1,4.1,May/17/2010 10:10:09
709415,2012.REP.NOM.BROWN,Scott Brown to be Republican Presidential Nominee in 2012,1,4.1,May/17/2010 10:10:24
709415,2012.REP.NOM.BROWN,Scott Brown to be Republican Presidential Nominee in 2012,1,4.1,May/17/2010 10:10:36
709415,2012.REP.NOM.BROWN,Scott Brown to be Republican Presidential Nominee in 2012,1,4.1,May/17/2010 10:10:45
709415,2012.REP.NOM.BROWN,Scott Brown to be Republican Presidential Nominee in 2012,1,4.1,May/17/2010 10:10:57
709415,2012.REP.NOM.BROWN,Scott Brown to be Republican Presidential Nominee in 2012,1,4.1,May/17/2010 10:11:07
709415,2012.REP.NOM.BROWN,Scott Brown to be Republican Presidential Nominee in 2012,2,4.1,May/17/2010 10:11:15
709415,2012.REP.NOM.BROWN,Scott Brown to be Republican Presidential Nominee in 2012,1,4.1,May/17/2010 10:11:24
709415,2012.REP.NOM.BROWN,Scott Brown to be Republican Presidential Nominee in 2012,1,4.1,May/17/2010 10:11:33
709415,2012.REP.NOM.BROWN,Scott Brown to be Republican Presidential Nominee in 2012,1,4.1,May/17/2010 10:11:42
709415,2012.REP.NOM.BROWN,Scott Brown to be Republican Presidential Nominee in 2012,3,4.1,May/17/2010 10:11:51
709415,2012.REP.NOM.BROWN,Scott Brown to be Republican Presidential Nominee in 2012,1,4.1,May/17/2010 10:12:45
709415,2012.REP.NOM.BROWN,Scott Brown to be Republican Presidential Nominee in 2012,1,4.1,May/17/2010 10:13:03
709415,2012.REP.NOM.BROWN,Scott Brown to be Republican Presidential Nominee in 2012,1,4.1,May/17/2010 10:13:16
709415,2012.REP.NOM.BROWN,Scott Brown to be Republican Presidential Nominee in 2012,1,4.1,May/17/2010 10:13:26
709415,2012.REP.NOM.BROWN,Scott Brown to be Republican Presidential Nominee in 2012,1,4.1,May/17/2010 10:13:31
709415,2012.REP.NOM.BROWN,Scott Brown to be Republican Presidential Nominee in 2012,1,4.1,May/17/2010 10:13:36
709415,2012.REP.NOM.BROWN,Scott Brown to be Republican Presidential Nominee in 2012,1,4.1,May/17/2010 10:13:41
709415,2012.REP.NOM.BROWN,Scott Brown to be Republican Presidential Nominee in 2012,1,4.1,May/17/2010 10:13:53
709415,2012.REP.NOM.BROWN,Scott Brown to be Republican Presidential Nominee in 2012,1,4.1,May/17/2010 10:14:04
709415,2012.REP.NOM.BROWN,Scott Brown to be Republican Presidential Nominee in 2012,1,4.1,May/17/2010 10:14:13
709415,2012.REP.NOM.BROWN,Scott Brown to be Republican Presidential Nominee in 2012,2,4.1,May/17/2010 10:14:23
709415,2012.REP.NOM.BROWN,Scott Brown to be Republican Presidential Nominee in 2012,1,4.1,May/17/2010 10:14:30
709415,2012.REP.NOM.BROWN,Scott Brown to be Republican Presidential Nominee in 2012,1,4.1,May/17/2010 10:14:41
709415,2012.REP.NOM.BROWN,Scott Brown to be Republican Presidential Nominee in 2012,1,4.1,May/17/2010 10:14:50
709415,2012.REP.NOM.BROWN,Scott Brown to be Republican Presidential Nominee in 2012,2,4.1,May/17/2010 10:14:59
709415,2012.REP.NOM.BROWN,Scott Brown to be Republican Presidential Nominee in 2012,1,4.1,May/17/2010 10:15:09
709415,2012.REP.NOM.BROWN,Scott Brown to be Republican Presidential Nominee in 2012,1,4.1,May/17/2010 10:15:17
709415,2012.REP.NOM.BROWN,Scott Brown to be Republican Presidential Nominee in 2012,1,4.1,May/17/2010 10:15:27
709415,2012.REP.NOM.BROWN,Scott Brown to be Republican Presidential Nominee in 2012,1,4.1,May/17/2010 10:15:38
709415,2012.REP.NOM.BROWN,Scott Brown to be Republican Presidential Nominee in 2012,1,4.1,May/17/2010 10:15:48
709415,2012.REP.NOM.BROWN,Scott Brown to be Republican Presidential Nominee in 2012,5,1.5,May/27/2010 11:27:07
709415,2012.REP.NOM.BROWN,Scott Brown to be Republican Presidential Nominee in 2012,20,0.6,May/27/2010 11:27:07
709415,2012.REP.NOM.BROWN,Scott Brown to be Republican Presidential Nominee in 2012,1,4.1,May/27/2010 11:27:07
709415,2012.REP.NOM.BROWN,Scott Brown to be Republican Presidential Nominee in 2012,3,1.0,May/27/2010 11:27:07
709415,2012.REP.NOM.BROWN,Scott Brown to be Republican Presidential Nominee in 2012,5,0.7,May/27/2010 11:27:07
709415,2012.REP.NOM.BROWN,Scott Brown to be Republican Presidential Nominee in 2012,12,1.4,May/27/2010 11:27:07
709415,2012.REP.NOM.BROWN,Scott Brown to be Republican Presidential Nominee in 2012,4,0.2,May/27/2010 11:27:07
709415,2012.REP.NOM.BROWN,Scott Brown to be Republican Presidential Nominee in 2012,10,0.4,May/28/2010 12:32:47
709415,2012.REP.NOM.BROWN,Scott Brown to be Republican Presidential Nominee in 2012,10,0.4,May/28/2010 12:32:47
709415,2012.REP.NOM.BROWN,Scott Brown to be Republican Presidential Nominee in 2012,4,0.3,May/28/2010 12:32:47
709415,2012.REP.NOM.BROWN,Scott Brown to be Republican Presidential Nominee in 2012,10,0.9,May/29/2010 17:18:55
709415,2012.REP.NOM.BROWN,Scott Brown to be Republican Presidential Nominee in 2012,9,0.5,Jun/01/2010 17:35:51
709415,2012.REP.NOM.BROWN,Scott Brown to be Republican Presidential Nominee in 2012,10,1.0,Jun/01/2010 17:35:51
709415,2012.REP.NOM.BROWN,Scott Brown to be Republican Presidential Nominee in 2012,1,1.2,Jun/01/2010 17:35:51
709415,2012.REP.NOM.BROWN,Scott Brown to be Republican Presidential Nominee in 2012,2,0.5,Jun/01/2010 20:39:59
709415,2012.REP.NOM.BROWN,Scott Brown to be Republican Presidential Nominee in 2012,2,0.6,Jun/01/2010 20:39:59
709415,2012.REP.NOM.BROWN,Scott Brown to be Republican Presidential Nominee in 2012,1,0.8,Jun/02/2010 10:26:01
709415,2012.REP.NOM.BROWN,Scott Brown to be Republican Presidential Nominee in 2012,5,0.7,Jun/03/2010 12:27:36
709415,2012.REP.NOM.BROWN,Scott Brown to be Republican Presidential Nominee in 2012,3,1.1,Jun/03/2010 12:49:16
709415,2012.REP.NOM.BROWN,Scott Brown to be Republican Presidential Nominee in 2012,4,1.0,Jun/03/2010 12:49:16
709415,2012.REP.NOM.BROWN,Scott Brown to be Republican Presidential Nominee in 2012,2,0.7,Jun/03/2010 20:17:06
709415,2012.REP.NOM.BROWN,Scott Brown to be Republican Presidential Nominee in 2012,5,1.1,Jun/03/2010 21:12:23
709415,2012.REP.NOM.BROWN,Scott Brown to be Republican Presidential Nominee in 2012,9,0.8,Jun/04/2010 10:36:03
709415,2012.REP.NOM.BROWN,Scott Brown to be Republican Presidential Nominee in 2012,4,0.5,Jun/04/2010 10:36:03
709415,2012.REP.NOM.BROWN,Scott Brown to be Republican Presidential Nominee in 2012,2,0.7,Jun/04/2010 10:36:03
709415,2012.REP.NOM.BROWN,Scott Brown to be Republican Presidential Nominee in 2012,7,0.7,Jun/04/2010 10:36:03
709415,2012.REP.NOM.BROWN,Scott Brown to be Republican Presidential Nominee in 2012,9,0.4,Jun/04/2010 10:36:03
709415,2012.REP.NOM.BROWN,Scott Brown to be Republican Presidential Nominee in 2012,12,0.5,Jun/04/2010 21:46:22
709415,2012.REP.NOM.BROWN,Scott Brown to be Republican Presidential Nominee in 2012,8,0.6,Jun/04/2010 21:46:22
709415,2012.REP.NOM.BROWN,Scott Brown to be Republican Presidential Nominee in 2012,8,0.5,Jun/04/2010 22:55:46
709415,2012.REP.NOM.BROWN,Scott Brown to be Republican Presidential Nominee in 2012,8,0.4,Jun/09/2010 20:22:32
709415,2012.REP.NOM.BROWN,Scott Brown to be Republican Presidential Nominee in 2012,1,0.4,Jun/11/2010 09:56:15
709415,2012.REP.NOM.BROWN,Scott Brown to be Republican Presidential Nominee in 2012,12,0.4,Jun/29/2010 10:47:22
709415,2012.REP.NOM.BROWN,Scott Brown to be Republican Presidential Nominee in 2012,10,0.3,Jun/29/2010 10:47:22
709415,2012.REP.NOM.BROWN,Scott Brown to be Republican Presidential Nominee in 2012,8,0.3,Jun/29/2010 10:47:41
709415,2012.REP.NOM.BROWN,Scott Brown to be Republican Presidential Nominee in 2012,5,0.3,Jul/09/2010 05:35:13
709415,2012.REP.NOM.BROWN,Scott Brown to be Republican Presidential Nominee in 2012,21,0.2,Jul/12/2010 06:43:04
709415,2012.REP.NOM.BROWN,Scott Brown to be Republican Presidential Nominee in 2012,46,0.2,Jul/12/2010 06:43:04
709415,2012.REP.NOM.BROWN,Scott Brown to be Republican Presidential Nominee in 2012,18,0.2,Jul/12/2010 21:16:43
709415,2012.REP.NOM.BROWN,Scott Brown to be Republican Presidential Nominee in 2012,3,0.2,Jul/12/2010 21:16:54
709415,2012.REP.NOM.BROWN,Scott Brown to be Republican Presidential Nominee in 2012,2,0.2,Jul/13/2010 05:45:27
709415,2012.REP.NOM.BROWN,Scott Brown to be Republican Presidential Nominee in 2012,39,0.2,Jul/13/2010 19:28:18
709415,2012.REP.NOM.BROWN,Scott Brown to be Republican Presidential Nominee in 2012,73,0.1,Jul/17/2010 19:13:30
709415,2012.REP.NOM.BROWN,Scott Brown to be Republican Presidential Nominee in 2012,10,0.1,Jul/17/2010 19:13:30
709415,2012.REP.NOM.BROWN,Scott Brown to be Republican Presidential Nominee in 2012,17,0.2,Jul/17/2010 19:13:30
709415,2012.REP.NOM.BROWN,Scott Brown to be Republican Presidential Nominee in 2012,2,0.2,Jul/17/2010 23:31:31
709415,2012.REP.NOM.BROWN,Scott Brown to be Republican Presidential Nominee in 2012,10,0.2,Jul/19/2010 15:32:48
709415,2012.REP.NOM.BROWN,Scott Brown to be Republican Presidential Nominee in 2012,17,0.2,Jul/19/2010 15:32:48
709415,2012.REP.NOM.BROWN,Scott Brown to be Republican Presidential Nominee in 2012,8,0.2,Jul/19/2010 15:32:48
709415,2012.REP.NOM.BROWN,Scott Brown to be Republican Presidential Nominee in 2012,5,0.3,Aug/02/2010 22:46:12
709415,2012.REP.NOM.BROWN,Scott Brown to be Republican Presidential Nominee in 2012,10,0.3,Aug/02/2010 22:46:12
709415,2012.REP.NOM.BROWN,Scott Brown to be Republican Presidential Nominee in 2012,10,0.4,Aug/17/2010 21:28:54
709415,2012.REP.NOM.BROWN,Scott Brown to be Republican Presidential Nominee in 2012,2,0.7,Aug/23/2010 03:22:32
709415,2012.REP.NOM.BROWN,Scott Brown to be Republican Presidential Nominee in 2012,1,0.7,Aug/23/2010 03:22:32
709415,2012.REP.NOM.BROWN,Scott Brown to be Republican Presidential Nominee in 2012,1,0.5,Sep/04/2010 19:27:25
709415,2012.REP.NOM.BROWN,Scott Brown to be Republican Presidential Nominee in 2012,5,0.6,Sep/21/2010 20:11:50
709415,2012.REP.NOM.BROWN,Scott Brown to be Republican Presidential Nominee in 2012,1,0.4,Nov/05/2010 17:48:57
709415,2012.REP.NOM.BROWN,Scott Brown to be Republican Presidential Nominee in 2012,70,0.2,Nov/05/2010 17:48:57
709415,2012.REP.NOM.BROWN,Scott Brown to be Republican Presidential Nominee in 2012,10,0.3,Nov/05/2010 17:50:56
709415,2012.REP.NOM.BROWN,Scott Brown to be Republican Presidential Nominee in 2012,68,0.2,Nov/05/2010 17:50:56
709415,2012.REP.NOM.BROWN,Scott Brown to be Republican Presidential Nominee in 2012,9,0.2,Nov/05/2010 17:53:39
709415,2012.REP.NOM.BROWN,Scott Brown to be Republican Presidential Nominee in 2012,2,0.4,Nov/05/2010 18:00:37
709415,2012.REP.NOM.BROWN,Scott Brown to be Republican Presidential Nominee in 2012,1,0.4,Nov/05/2010 20:22:22
709415,2012.REP.NOM.BROWN,Scott Brown to be Republican Presidential Nominee in 2012,2,0.4,Nov/05/2010 22:26:27
709415,2012.REP.NOM.BROWN,Scott Brown to be Republican Presidential Nominee in 2012,18,0.2,Nov/05/2010 22:26:27
709415,2012.REP.NOM.BROWN,Scott Brown to be Republican Presidential Nominee in 2012,20,0.3,Nov/05/2010 22:26:27
709415,2012.REP.NOM.BROWN,Scott Brown to be Republican Presidential Nominee in 2012,12,0.2,Nov/06/2010 21:37:19
709415,2012.REP.NOM.BROWN,Scott Brown to be Republican Presidential Nominee in 2012,32,0.2,Nov/06/2010 21:37:19
709415,2012.REP.NOM.BROWN,Scott Brown to be Republican Presidential Nominee in 2012,6,0.2,Nov/06/2010 21:37:19
709415,2012.REP.NOM.BROWN,Scott Brown to be Republican Presidential Nominee in 2012,15,0.1,Nov/07/2010 21:41:40
709415,2012.REP.NOM.BROWN,Scott Brown to be Republican Presidential Nominee in 2012,14,0.1,Nov/08/2010 21:26:51
709415,2012.REP.NOM.BROWN,Scott Brown to be Republican Presidential Nominee in 2012,5,0.1,Nov/08/2010 21:26:51
709415,2012.REP.NOM.BROWN,Scott Brown to be Republican Presidential Nominee in 2012,15,0.2,Nov/08/2010 21:28:07
709415,2012.REP.NOM.BROWN,Scott Brown to be Republican Presidential Nominee in 2012,30,0.1,Nov/09/2010 21:22:01
709415,2012.REP.NOM.BROWN,Scott Brown to be Republican Presidential Nominee in 2012,10,0.1,Nov/09/2010 21:22:01
709415,2012.REP.NOM.BROWN,Scott Brown to be Republican Presidential Nominee in 2012,29,0.1,Nov/10/2010 06:54:40
709415,2012.REP.NOM.BROWN,Scott Brown to be Republican Presidential Nominee in 2012,6,0.1,Nov/10/2010 17:23:28
709415,2012.REP.NOM.BROWN,Scott Brown to be Republican Presidential Nominee in 2012,10,0.2,Nov/10/2010 22:23:08
709415,2012.REP.NOM.BROWN,Scott Brown to be Republican Presidential Nominee in 2012,5,0.4,Nov/10/2010 22:23:08
709415,2012.REP.NOM.BROWN,Scott Brown to be Republican Presidential Nominee in 2012,6,0.3,Nov/10/2010 22:23:08
709415,2012.REP.NOM.BROWN,Scott Brown to be Republican Presidential Nominee in 2012,16,0.3,Nov/10/2010 22:23:08
709415,2012.REP.NOM.BROWN,Scott Brown to be Republican Presidential Nominee in 2012,25,0.2,Nov/10/2010 22:23:08
709415,2012.REP.NOM.BROWN,Scott Brown to be Republican Presidential Nominee in 2012,15,0.2,Nov/10/2010 22:23:08
709415,2012.REP.NOM.BROWN,Scott Brown to be Republican Presidential Nominee in 2012,10,0.5,Nov/10/2010 22:23:08
709415,2012.REP.NOM.BROWN,Scott Brown to be Republican Presidential Nominee in 2012,13,0.5,Nov/10/2010 22:23:08
709415,2012.REP.NOM.BROWN,Scott Brown to be Republican Presidential Nominee in 2012,8,0.2,Nov/11/2010 07:51:56
709415,2012.REP.NOM.BROWN,Scott Brown to be Republican Presidential Nominee in 2012,5,0.2,Nov/11/2010 18:04:06
709415,2012.REP.NOM.BROWN,Scott Brown to be Republican Presidential Nominee in 2012,10,0.2,Nov/11/2010 22:50:11
709415,2012.REP.NOM.BROWN,Scott Brown to be Republican Presidential Nominee in 2012,8,0.3,Nov/11/2010 22:50:32
709415,2012.REP.NOM.BROWN,Scott Brown to be Republican Presidential Nominee in 2012,10,0.3,Nov/12/2010 02:46:11
709415,2012.REP.NOM.BROWN,Scott Brown to be Republican Presidential Nominee in 2012,5,0.3,Nov/12/2010 04:53:17
709415,2012.REP.NOM.BROWN,Scott Brown to be Republican Presidential Nominee in 2012,23,0.2,Nov/15/2010 08:03:10
709415,2012.REP.NOM.BROWN,Scott Brown to be Republican Presidential Nominee in 2012,10,0.2,Nov/15/2010 08:03:10
709415,2012.REP.NOM.BROWN,Scott Brown to be Republican Presidential Nominee in 2012,10,0.2,Nov/15/2010 08:03:10
709415,2012.REP.NOM.BROWN,Scott Brown to be Republican Presidential Nominee in 2012,10,0.2,Nov/15/2010 08:03:10
709415,2012.REP.NOM.BROWN,Scott Brown to be Republican Presidential Nominee in 2012,1,0.3,Nov/15/2010 19:08:40
709415,2012.REP.NOM.BROWN,Scott Brown to be Republican Presidential Nominee in 2012,17,0.2,Nov/16/2010 07:19:42
709415,2012.REP.NOM.BROWN,Scott Brown to be Republican Presidential Nominee in 2012,1,0.2,Nov/16/2010 09:41:41
709415,2012.REP.NOM.BROWN,Scott Brown to be Republican Presidential Nominee in 2012,1,0.2,Nov/16/2010 09:41:45
709415,2012.REP.NOM.BROWN,Scott Brown to be Republican Presidential Nominee in 2012,1,0.2,Nov/16/2010 09:41:49
709415,2012.REP.NOM.BROWN,Scott Brown to be Republican Presidential Nominee in 2012,1,0.2,Nov/16/2010 09:42:14
709415,2012.REP.NOM.BROWN,Scott Brown to be Republican Presidential Nominee in 2012,1,0.2,Nov/16/2010 09:42:18
709415,2012.REP.NOM.BROWN,Scott Brown to be Republican Presidential Nominee in 2012,1,0.2,Nov/16/2010 09:42:21
709415,2012.REP.NOM.BROWN,Scott Brown to be Republican Presidential Nominee in 2012,1,0.2,Nov/16/2010 09:42:24
709415,2012.REP.NOM.BROWN,Scott Brown to be Republican Presidential Nominee in 2012,1,0.2,Nov/16/2010 09:42:30
709415,2012.REP.NOM.BROWN,Scott Brown to be Republican Presidential Nominee in 2012,1,0.2,Nov/16/2010 09:42:36
709415,2012.REP.NOM.BROWN,Scott Brown to be Republican Presidential Nominee in 2012,1,0.2,Nov/16/2010 09:42:39
709415,2012.REP.NOM.BROWN,Scott Brown to be Republican Presidential Nominee in 2012,1,0.2,Nov/16/2010 09:42:43
709415,2012.REP.NOM.BROWN,Scott Brown to be Republican Presidential Nominee in 2012,1,0.2,Nov/16/2010 09:42:50
709415,2012.REP.NOM.BROWN,Scott Brown to be Republican Presidential Nominee in 2012,1,0.2,Nov/16/2010 09:42:54
709415,2012.REP.NOM.BROWN,Scott Brown to be Republican Presidential Nominee in 2012,44,0.2,Nov/17/2010 07:36:28
709415,2012.REP.NOM.BROWN,Scott Brown to be Republican Presidential Nominee in 2012,1,0.2,Nov/19/2010 08:32:39
709415,2012.REP.NOM.BROWN,Scott Brown to be Republican Presidential Nominee in 2012,3,0.2,Nov/19/2010 08:32:39
709415,2012.REP.NOM.BROWN,Scott Brown to be Republican Presidential Nominee in 2012,6,0.2,Nov/19/2010 08:32:39
709415,2012.REP.NOM.BROWN,Scott Brown to be Republican Presidential Nominee in 2012,10,0.2,Nov/19/2010 08:32:44
709415,2012.REP.NOM.BROWN,Scott Brown to be Republican Presidential Nominee in 2012,1,0.2,Nov/19/2010 19:17:48
709415,2012.REP.NOM.BROWN,Scott Brown to be Republican Presidential Nominee in 2012,12,0.2,Nov/19/2010 19:18:11
709415,2012.REP.NOM.BROWN,Scott Brown to be Republican Presidential Nominee in 2012,10,0.2,Nov/20/2010 18:38:38
709415,2012.REP.NOM.BROWN,Scott Brown to be Republican Presidential Nominee in 2012,10,0.2,Nov/21/2010 08:46:22
709415,2012.REP.NOM.BROWN,Scott Brown to be Republican Presidential Nominee in 2012,1,0.2,Nov/21/2010 23:02:38
709415,2012.REP.NOM.BROWN,Scott Brown to be Republican Presidential Nominee in 2012,10,0.1,Nov/21/2010 23:02:38
709415,2012.REP.NOM.BROWN,Scott Brown to be Republican Presidential Nominee in 2012,15,0.1,Nov/23/2010 16:39:47
709415,2012.REP.NOM.BROWN,Scott Brown to be Republican Presidential Nominee in 2012,10,0.1,Nov/24/2010 10:16:52
709415,2012.REP.NOM.BROWN,Scott Brown to be Republican Presidential Nominee in 2012,30,0.1,Nov/24/2010 10:16:52
709415,2012.REP.NOM.BROWN,Scott Brown to be Republican Presidential Nominee in 2012,31,0.3,Nov/24/2010 16:07:57
709415,2012.REP.NOM.BROWN,Scott Brown to be Republican Presidential Nominee in 2012,9,0.3,Nov/24/2010 16:07:57
709415,2012.REP.NOM.BROWN,Scott Brown to be Republican Presidential Nominee in 2012,10,0.1,Dec/29/2010 14:06:40
709415,2012.REP.NOM.BROWN,Scott Brown to be Republican Presidential Nominee in 2012,12,0.1,Dec/29/2010 22:45:56
709415,2012.REP.NOM.BROWN,Scott Brown to be Republican Presidential Nominee in 2012,1,0.1,Jan/03/2011 18:16:15
709415,2012.REP.NOM.BROWN,Scott Brown to be Republican Presidential Nominee in 2012,10,0.1,Jan/06/2011 19:30:56
709415,2012.REP.NOM.BROWN,Scott Brown to be Republican Presidential Nominee in 2012,10,0.1,Jan/07/2011 00:00:09
709415,2012.REP.NOM.BROWN,Scott Brown to be Republican Presidential Nominee in 2012,10,0.1,Jan/07/2011 01:23:34
709415,2012.REP.NOM.BROWN,Scott Brown to be Republican Presidential Nominee in 2012,10,0.1,Jan/07/2011 14:46:33
709415,2012.REP.NOM.BROWN,Scott Brown to be Republican Presidential Nominee in 2012,10,0.1,Jan/08/2011 01:46:46
709415,2012.REP.NOM.BROWN,Scott Brown to be Republican Presidential Nominee in 2012,10,0.1,Jan/08/2011 02:37:50
709415,2012.REP.NOM.BROWN,Scott Brown to be Republican Presidential Nominee in 2012,28,0.1,Jan/08/2011 02:45:55
709415,2012.REP.NOM.BROWN,Scott Brown to be Republican Presidential Nominee in 2012,200,0.1,Jan/08/2011 17:39:43
709415,2012.REP.NOM.BROWN,Scott Brown to be Republican Presidential Nominee in 2012,10,0.1,Jan/09/2011 22:55:27
709415,2012.REP.NOM.BROWN,Scott Brown to be Republican Presidential Nominee in 2012,64,0.1,Jan/09/2011 22:55:27
709415,2012.REP.NOM.BROWN,Scott Brown to be Republican Presidential Nominee in 2012,20,0.1,Jan/09/2011 22:55:27
709415,2012.REP.NOM.BROWN,Scott Brown to be Republican Presidential Nominee in 2012,50,0.1,Jan/09/2011 22:55:27
709415,2012.REP.NOM.BROWN,Scott Brown to be Republican Presidential Nominee in 2012,227,0.1,Jan/09/2011 22:55:27
709415,2012.REP.NOM.BROWN,Scott Brown to be Republican Presidential Nominee in 2012,100,0.2,Jan/09/2011 22:56:26
709415,2012.REP.NOM.BROWN,Scott Brown to be Republican Presidential Nominee in 2012,50,0.2,Jan/09/2011 22:56:26
709415,2012.REP.NOM.BROWN,Scott Brown to be Republican Presidential Nominee in 2012,37,0.2,Jan/09/2011 22:56:26
709415,2012.REP.NOM.BROWN,Scott Brown to be Republican Presidential Nominee in 2012,10,0.1,Jan/10/2011 18:10:47
709415,2012.REP.NOM.BROWN,Scott Brown to be Republican Presidential Nominee in 2012,10,0.1,Jan/10/2011 20:08:44
709415,2012.REP.NOM.BROWN,Scott Brown to be Republican Presidential Nominee in 2012,10,0.1,Jan/11/2011 00:36:52
709415,2012.REP.NOM.BROWN,Scott Brown to be Republican Presidential Nominee in 2012,10,0.1,Jan/12/2011 18:43:54
709415,2012.REP.NOM.BROWN,Scott Brown to be Republican Presidential Nominee in 2012,10,0.1,Jan/12/2011 19:10:44
709415,2012.REP.NOM.BROWN,Scott Brown to be Republican Presidential Nominee in 2012,6,0.1,Jan/12/2011 19:25:02
709415,2012.REP.NOM.BROWN,Scott Brown to be Republican Presidential Nominee in 2012,4,0.1,Jan/12/2011 19:25:02
709415,2012.REP.NOM.BROWN,Scott Brown to be Republican Presidential Nominee in 2012,10,0.1,Jan/12/2011 20:24:53
709415,2012.REP.NOM.BROWN,Scott Brown to be Republican Presidential Nominee in 2012,10,0.1,Jan/12/2011 21:07:47
709415,2012.REP.NOM.BROWN,Scott Brown to be Republican Presidential Nominee in 2012,76,0.1,Jan/13/2011 00:10:02
709415,2012.REP.NOM.BROWN,Scott Brown to be Republican Presidential Nominee in 2012,5,0.1,Jan/16/2011 04:43:11
709415,2012.REP.NOM.BROWN,Scott Brown to be Republican Presidential Nominee in 2012,24,0.1,Jan/16/2011 04:43:11
709415,2012.REP.NOM.BROWN,Scott Brown to be Republican Presidential Nominee in 2012,1,0.1,Jan/16/2011 04:54:02
709415,2012.REP.NOM.BROWN,Scott Brown to be Republican Presidential Nominee in 2012,69,0.1,Jan/16/2011 21:18:52
709415,2012.REP.NOM.BROWN,Scott Brown to be Republican Presidential Nominee in 2012,10,0.1,Jan/19/2011 05:35:35
709415,2012.REP.NOM.BROWN,Scott Brown to be Republican Presidential Nominee in 2012,50,0.1,Jan/20/2011 21:15:58
709415,2012.REP.NOM.BROWN,Scott Brown to be Republican Presidential Nominee in 2012,50,0.1,Jan/22/2011 17:58:17
709415,2012.REP.NOM.BROWN,Scott Brown to be Republican Presidential Nominee in 2012,60,0.1,Jan/22/2011 17:58:17
709415,2012.REP.NOM.BROWN,Scott Brown to be Republican Presidential Nominee in 2012,1,0.1,Jan/23/2011 16:18:29
709415,2012.REP.NOM.BROWN,Scott Brown to be Republican Presidential Nominee in 2012,1,0.1,Jan/23/2011 16:19:00
709415,2012.REP.NOM.BROWN,Scott Brown to be Republican Presidential Nominee in 2012,1,0.1,Jan/23/2011 16:19:25
709415,2012.REP.NOM.BROWN,Scott Brown to be Republican Presidential Nominee in 2012,1,0.1,Jan/23/2011 16:19:32
709415,2012.REP.NOM.BROWN,Scott Brown to be Republican Presidential Nominee in 2012,1,0.1,Jan/23/2011 16:19:38
709415,2012.REP.NOM.BROWN,Scott Brown to be Republican Presidential Nominee in 2012,1,0.1,Jan/23/2011 16:19:59
709415,2012.REP.NOM.BROWN,Scott Brown to be Republican Presidential Nominee in 2012,1,0.1,Jan/23/2011 16:20:55
709415,2012.REP.NOM.BROWN,Scott Brown to be Republican Presidential Nominee in 2012,1,0.1,Jan/23/2011 16:21:00
709415,2012.REP.NOM.BROWN,Scott Brown to be Republican Presidential Nominee in 2012,1,0.1,Jan/23/2011 16:21:06
709415,2012.REP.NOM.BROWN,Scott Brown to be Republican Presidential Nominee in 2012,1,0.1,Jan/23/2011 16:21:43
709415,2012.REP.NOM.BROWN,Scott Brown to be Republican Presidential Nominee in 2012,1,0.1,Jan/25/2011 11:31:16
709415,2012.REP.NOM.BROWN,Scott Brown to be Republican Presidential Nominee in 2012,2,0.1,Jan/25/2011 11:31:22
709415,2012.REP.NOM.BROWN,Scott Brown to be Republican Presidential Nominee in 2012,2,0.1,Jan/25/2011 11:31:28
709415,2012.REP.NOM.BROWN,Scott Brown to be Republican Presidential Nominee in 2012,2,0.1,Jan/25/2011 11:31:34
709415,2012.REP.NOM.BROWN,Scott Brown to be Republican Presidential Nominee in 2012,5,0.1,Jan/26/2011 22:02:03
709415,2012.REP.NOM.BROWN,Scott Brown to be Republican Presidential Nominee in 2012,10,0.1,Jan/28/2011 22:15:16
709415,2012.REP.NOM.BROWN,Scott Brown to be Republican Presidential Nominee in 2012,10,0.1,Feb/01/2011 03:26:02
709415,2012.REP.NOM.BROWN,Scott Brown to be Republican Presidential Nominee in 2012,10,0.1,Feb/01/2011 03:30:39
709415,2012.REP.NOM.BROWN,Scott Brown to be Republican Presidential Nominee in 2012,20,0.1,Feb/02/2011 03:31:48
709415,2012.REP.NOM.BROWN,Scott Brown to be Republican Presidential Nominee in 2012,20,0.1,Feb/02/2011 15:16:07
709415,2012.REP.NOM.BROWN,Scott Brown to be Republican Presidential Nominee in 2012,12,0.1,Feb/02/2011 17:16:35
709415,2012.REP.NOM.BROWN,Scott Brown to be Republican Presidential Nominee in 2012,8,0.1,Feb/02/2011 17:16:35
709415,2012.REP.NOM.BROWN,Scott Brown to be Republican Presidential Nominee in 2012,20,0.1,Feb/02/2011 18:28:50
709415,2012.REP.NOM.BROWN,Scott Brown to be Republican Presidential Nominee in 2012,20,0.1,Feb/03/2011 03:58:56
709415,2012.REP.NOM.BROWN,Scott Brown to be Republican Presidential Nominee in 2012,20,0.1,Feb/03/2011 04:05:06
709415,2012.REP.NOM.BROWN,Scott Brown to be Republican Presidential Nominee in 2012,20,0.1,Feb/03/2011 04:55:07
709415,2012.REP.NOM.BROWN,Scott Brown to be Republican Presidential Nominee in 2012,8,0.1,Feb/03/2011 05:06:23
709415,2012.REP.NOM.BROWN,Scott Brown to be Republican Presidential Nominee in 2012,12,0.1,Feb/03/2011 05:06:23
709415,2012.REP.NOM.BROWN,Scott Brown to be Republican Presidential Nominee in 2012,70,0.1,Feb/03/2011 16:30:52
709415,2012.REP.NOM.BROWN,Scott Brown to be Republican Presidential Nominee in 2012,40,0.1,Feb/03/2011 17:09:32
709415,2012.REP.NOM.BROWN,Scott Brown to be Republican Presidential Nominee in 2012,60,0.1,Feb/03/2011 18:08:51
709415,2012.REP.NOM.BROWN,Scott Brown to be Republican Presidential Nominee in 2012,118,0.1,Feb/03/2011 18:19:33
709415,2012.REP.NOM.BROWN,Scott Brown to be Republican Presidential Nominee in 2012,100,0.1,Feb/05/2011 00:33:08
709415,2012.REP.NOM.BROWN,Scott Brown to be Republican Presidential Nominee in 2012,142,0.1,Feb/08/2011 06:46:45
709415,2012.REP.NOM.BROWN,Scott Brown to be Republican Presidential Nominee in 2012,20,0.1,Feb/08/2011 06:46:45
709415,2012.REP.NOM.BROWN,Scott Brown to be Republican Presidential Nominee in 2012,20,0.1,Feb/08/2011 06:46:45
709415,2012.REP.NOM.BROWN,Scott Brown to be Republican Presidential Nominee in 2012,20,0.1,Feb/08/2011 06:46:45
709415,2012.REP.NOM.BROWN,Scott Brown to be Republican Presidential Nominee in 2012,20,0.1,Feb/08/2011 06:46:45
709415,2012.REP.NOM.BROWN,Scott Brown to be Republican Presidential Nominee in 2012,40,0.1,Feb/09/2011 03:05:17
709415,2012.REP.NOM.BROWN,Scott Brown to be Republican Presidential Nominee in 2012,20,0.1,Feb/09/2011 06:07:06
709415,2012.REP.NOM.BROWN,Scott Brown to be Republican Presidential Nominee in 2012,11,0.1,Feb/09/2011 06:07:06
709415,2012.REP.NOM.BROWN,Scott Brown to be Republican Presidential Nominee in 2012,50,0.1,Feb/10/2011 19:59:29
709415,2012.REP.NOM.BROWN,Scott Brown to be Republican Presidential Nominee in 2012,18,0.1,Feb/10/2011 19:59:29
709415,2012.REP.NOM.BROWN,Scott Brown to be Republican Presidential Nominee in 2012,10,0.1,Feb/11/2011 20:11:35
709415,2012.REP.NOM.BROWN,Scott Brown to be Republican Presidential Nominee in 2012,20,0.1,Feb/11/2011 20:11:35
709415,2012.REP.NOM.BROWN,Scott Brown to be Republican Presidential Nominee in 2012,10,0.1,Feb/12/2011 18:33:09
709415,2012.REP.NOM.BROWN,Scott Brown to be Republican Presidential Nominee in 2012,20,0.1,Feb/15/2011 02:28:28
709415,2012.REP.NOM.BROWN,Scott Brown to be Republican Presidential Nominee in 2012,20,0.1,Feb/15/2011 02:28:28
709415,2012.REP.NOM.BROWN,Scott Brown to be Republican Presidential Nominee in 2012,20,0.1,Feb/15/2011 02:28:28
709415,2012.REP.NOM.BROWN,Scott Brown to be Republican Presidential Nominee in 2012,20,0.1,Feb/15/2011 02:28:28
709415,2012.REP.NOM.BROWN,Scott Brown to be Republican Presidential Nominee in 2012,20,0.1,Feb/15/2011 02:28:28
709415,2012.REP.NOM.BROWN,Scott Brown to be Republican Presidential Nominee in 2012,20,0.1,Feb/20/2011 19:16:01
709415,2012.REP.NOM.BROWN,Scott Brown to be Republican Presidential Nominee in 2012,20,0.1,Feb/20/2011 19:16:01
709415,2012.REP.NOM.BROWN,Scott Brown to be Republican Presidential Nominee in 2012,10,0.1,Feb/20/2011 19:16:01
709415,2012.REP.NOM.BROWN,Scott Brown to be Republican Presidential Nominee in 2012,11,0.1,Mar/02/2011 00:03:08
709415,2012.REP.NOM.BROWN,Scott Brown to be Republican Presidential Nominee in 2012,20,0.1,Mar/02/2011 00:03:08
709415,2012.REP.NOM.BROWN,Scott Brown to be Republican Presidential Nominee in 2012,20,0.1,Mar/02/2011 00:03:08
709415,2012.REP.NOM.BROWN,Scott Brown to be Republican Presidential Nominee in 2012,20,0.1,Mar/02/2011 00:03:08
709415,2012.REP.NOM.BROWN,Scott Brown to be Republican Presidential Nominee in 2012,10,0.1,Mar/02/2011 00:03:08
709415,2012.REP.NOM.BROWN,Scott Brown to be Republican Presidential Nominee in 2012,9,0.1,Mar/03/2011 02:27:14
709415,2012.REP.NOM.BROWN,Scott Brown to be Republican Presidential Nominee in 2012,11,0.1,Mar/03/2011 02:27:14
709415,2012.REP.NOM.BROWN,Scott Brown to be Republican Presidential Nominee in 2012,20,0.1,Mar/19/2011 04:20:17
709415,2012.REP.NOM.BROWN,Scott Brown to be Republican Presidential Nominee in 2012,20,0.1,Mar/19/2011 04:20:17
709415,2012.REP.NOM.BROWN,Scott Brown to be Republican Presidential Nominee in 2012,20,0.1,Mar/19/2011 04:20:17
709415,2012.REP.NOM.BROWN,Scott Brown to be Republican Presidential Nominee in 2012,20,0.1,Mar/19/2011 04:20:17
709415,2012.REP.NOM.BROWN,Scott Brown to be Republican Presidential Nominee in 2012,20,0.1,Mar/19/2011 04:20:17
709415,2012.REP.NOM.BROWN,Scott Brown to be Republican Presidential Nominee in 2012,20,0.1,Mar/19/2011 04:20:17
709415,2012.REP.NOM.BROWN,Scott Brown to be Republican Presidential Nominee in 2012,20,0.1,Mar/19/2011 04:20:17
709415,2012.REP.NOM.BROWN,Scott Brown to be Republican Presidential Nominee in 2012,20,0.1,Mar/19/2011 04:20:17
709415,2012.REP.NOM.BROWN,Scott Brown to be Republican Presidential Nominee in 2012,20,0.1,Mar/19/2011 04:20:17
709415,2012.REP.NOM.BROWN,Scott Brown to be Republican Presidential Nominee in 2012,20,0.1,Mar/19/2011 04:20:17
709415,2012.REP.NOM.BROWN,Scott Brown to be Republican Presidential Nominee in 2012,20,0.1,Mar/19/2011 04:20:17
709415,2012.REP.NOM.BROWN,Scott Brown to be Republican Presidential Nominee in 2012,60,0.1,Mar/19/2011 04:20:17
709415,2012.REP.NOM.BROWN,Scott Brown to be Republican Presidential Nominee in 2012,200,0.1,Mar/19/2011 04:20:17
709415,2012.REP.NOM.BROWN,Scott Brown to be Republican Presidential Nominee in 2012,20,0.1,Mar/19/2011 04:20:17
709415,2012.REP.NOM.BROWN,Scott Brown to be Republican Presidential Nominee in 2012,20,0.1,Mar/19/2011 04:20:17
709415,2012.REP.NOM.BROWN,Scott Brown to be Republican Presidential Nominee in 2012,9,0.1,Mar/19/2011 04:20:17
709415,2012.REP.NOM.BROWN,Scott Brown to be Republican Presidential Nominee in 2012,20,0.1,Mar/19/2011 04:20:17
709415,2012.REP.NOM.BROWN,Scott Brown to be Republican Presidential Nominee in 2012,20,0.1,Mar/19/2011 04:20:17
709415,2012.REP.NOM.BROWN,Scott Brown to be Republican Presidential Nominee in 2012,20,0.1,Mar/19/2011 04:20:17
709415,2012.REP.NOM.BROWN,Scott Brown to be Republican Presidential Nominee in 2012,20,0.1,Mar/19/2011 04:20:17
709415,2012.REP.NOM.BROWN,Scott Brown to be Republican Presidential Nominee in 2012,20,0.1,Mar/19/2011 04:20:17
709415,2012.REP.NOM.BROWN,Scott Brown to be Republican Presidential Nominee in 2012,20,0.1,Mar/19/2011 04:20:17
709415,2012.REP.NOM.BROWN,Scott Brown to be Republican Presidential Nominee in 2012,20,0.1,Mar/19/2011 04:20:17
709415,2012.REP.NOM.BROWN,Scott Brown to be Republican Presidential Nominee in 2012,127,0.1,Mar/19/2011 04:20:17
709415,2012.REP.NOM.BROWN,Scott Brown to be Republican Presidential Nominee in 2012,20,0.1,Mar/19/2011 04:20:17
709415,2012.REP.NOM.BROWN,Scott Brown to be Republican Presidential Nominee in 2012,20,0.1,Mar/19/2011 04:20:17
709415,2012.REP.NOM.BROWN,Scott Brown to be Republican Presidential Nominee in 2012,20,0.1,Mar/19/2011 04:20:17
709415,2012.REP.NOM.BROWN,Scott Brown to be Republican Presidential Nominee in 2012,20,0.1,Mar/19/2011 04:20:17
709415,2012.REP.NOM.BROWN,Scott Brown to be Republican Presidential Nominee in 2012,200,0.1,Mar/28/2011 02:36:24
709415,2012.REP.NOM.BROWN,Scott Brown to be Republican Presidential Nominee in 2012,470,0.1,May/07/2011 21:22:01
709415,2012.REP.NOM.BROWN,Scott Brown to be Republican Presidential Nominee in 2012,274,0.1,May/07/2011 21:22:01
709415,2012.REP.NOM.BROWN,Scott Brown to be Republican Presidential Nominee in 2012,300,0.1,May/07/2011 21:22:01
709415,2012.REP.NOM.BROWN,Scott Brown to be Republican Presidential Nominee in 2012,5,0.1,May/07/2011 21:22:01
709415,2012.REP.NOM.BROWN,Scott Brown to be Republican Presidential Nominee in 2012,51,0.1,May/07/2011 21:22:01
709415,2012.REP.NOM.BROWN,Scott Brown to be Republican Presidential Nominee in 2012,1,0.1,Jun/16/2011 01:08:50
709415,2012.REP.NOM.BROWN,Scott Brown to be Republican Presidential Nominee in 2012,1,0.1,Jun/16/2011 01:28:31
709415,2012.REP.NOM.BROWN,Scott Brown to be Republican Presidential Nominee in 2012,20,0.1,Jul/04/2011 01:48:54
709415,2012.REP.NOM.BROWN,Scott Brown to be Republican Presidential Nominee in 2012,500,0.1,Sep/10/2011 22:26:11
709415,2012.REP.NOM.BROWN,Scott Brown to be Republican Presidential Nominee in 2012,12,0.1,Nov/17/2011 17:58:01
709415,2012.REP.NOM.BROWN,Scott Brown to be Republican Presidential Nominee in 2012,100,0.1,Jan/21/2012 18:19:58
709415,2012.REP.NOM.BROWN,Scott Brown to be Republican Presidential Nominee in 2012,400,0.1,Jan/21/2012 18:19:58
709415,2012.REP.NOM.BROWN,Scott Brown to be Republican Presidential Nominee in 2012,2400,0.1,Feb/13/2012 02:37:49
709415,2012.REP.NOM.BROWN,Scott Brown to be Republican Presidential Nominee in 2012,100,0.1,Feb/13/2012 14:54:19
709415,2012.REP.NOM.BROWN,Scott Brown to be Republican Presidential Nominee in 2012,500,0.1,Feb/15/2012 00:44:38
709415,2012.REP.NOM.BROWN,Scott Brown to be Republican Presidential Nominee in 2012,500,0.1,Feb/15/2012 19:22:11
709415,2012.REP.NOM.BROWN,Scott Brown to be Republican Presidential Nominee in 2012,5,0.1,Mar/07/2012 23:34:59
709415,2012.REP.NOM.BROWN,Scott Brown to be Republican Presidential Nominee in 2012,5,0.1,Mar/07/2012 23:36:27
709415,2012.REP.NOM.BROWN,Scott Brown to be Republican Presidential Nominee in 2012,5,0.1,Mar/07/2012 23:37:49
709415,2012.REP.NOM.BROWN,Scott Brown to be Republican Presidential Nominee in 2012,5,0.1,Mar/11/2012 16:58:48
709415,2012.REP.NOM.BROWN,Scott Brown to be Republican Presidential Nominee in 2012,50,0.1,Jul/17/2012 23:40:52
