market id,market symbol,market name,trade quantity,trade price,date/time [utc]
656780,2012.REP.NOM.PENCE,Mike Pence to be Republican Presidential Nominee in 2012,3,3.0,Oct/01/2009 13:00:37
656780,2012.REP.NOM.PENCE,Mike Pence to be Republican Presidential Nominee in 2012,10,2.7,Dec/03/2009 18:02:56
656780,2012.REP.NOM.PENCE,Mike Pence to be Republican Presidential Nominee in 2012,2,2.0,Jan/18/2010 04:12:23
656780,2012.REP.NOM.PENCE,Mike Pence to be Republican Presidential Nominee in 2012,1,2.1,Jan/21/2010 09:42:23
656780,2012.REP.NOM.PENCE,Mike Pence to be Republican Presidential Nominee in 2012,1,2.0,Jan/21/2010 09:44:21
656780,2012.REP.NOM.PENCE,Mike Pence to be Republican Presidential Nominee in 2012,1,2.0,Jan/21/2010 09:46:40
656780,2012.REP.NOM.PENCE,Mike Pence to be Republican Presidential Nominee in 2012,2,1.0,Jan/21/2010 11:10:21
656780,2012.REP.NOM.PENCE,Mike Pence to be Republican Presidential Nominee in 2012,6,2.0,Jan/21/2010 11:10:21
656780,2012.REP.NOM.PENCE,Mike Pence to be Republican Presidential Nominee in 2012,10,2.0,Jan/21/2010 11:10:21
656780,2012.REP.NOM.PENCE,Mike Pence to be Republican Presidential Nominee in 2012,22,0.2,Jan/21/2010 11:10:21
656780,2012.REP.NOM.PENCE,Mike Pence to be Republican Presidential Nominee in 2012,10,0.4,Jan/21/2010 15:50:39
656780,2012.REP.NOM.PENCE,Mike Pence to be Republican Presidential Nominee in 2012,5,0.3,Jan/21/2010 17:46:38
656780,2012.REP.NOM.PENCE,Mike Pence to be Republican Presidential Nominee in 2012,5,0.3,Jan/21/2010 17:46:46
656780,2012.REP.NOM.PENCE,Mike Pence to be Republican Presidential Nominee in 2012,1,0.3,Jan/21/2010 17:47:36
656780,2012.REP.NOM.PENCE,Mike Pence to be Republican Presidential Nominee in 2012,14,0.4,Jan/22/2010 06:22:11
656780,2012.REP.NOM.PENCE,Mike Pence to be Republican Presidential Nominee in 2012,6,0.4,Jan/22/2010 06:22:14
656780,2012.REP.NOM.PENCE,Mike Pence to be Republican Presidential Nominee in 2012,8,0.3,Jan/22/2010 06:22:14
656780,2012.REP.NOM.PENCE,Mike Pence to be Republican Presidential Nominee in 2012,1,0.3,Jan/22/2010 06:22:25
656780,2012.REP.NOM.PENCE,Mike Pence to be Republican Presidential Nominee in 2012,3,0.3,Jan/22/2010 14:42:28
656780,2012.REP.NOM.PENCE,Mike Pence to be Republican Presidential Nominee in 2012,2,0.4,Jan/22/2010 15:55:56
656780,2012.REP.NOM.PENCE,Mike Pence to be Republican Presidential Nominee in 2012,5,0.3,Jan/22/2010 15:55:56
656780,2012.REP.NOM.PENCE,Mike Pence to be Republican Presidential Nominee in 2012,2,0.3,Jan/25/2010 11:13:28
656780,2012.REP.NOM.PENCE,Mike Pence to be Republican Presidential Nominee in 2012,12,0.3,Jan/25/2010 11:13:28
656780,2012.REP.NOM.PENCE,Mike Pence to be Republican Presidential Nominee in 2012,6,0.3,Jan/25/2010 11:15:38
656780,2012.REP.NOM.PENCE,Mike Pence to be Republican Presidential Nominee in 2012,4,0.2,Jan/25/2010 18:33:58
656780,2012.REP.NOM.PENCE,Mike Pence to be Republican Presidential Nominee in 2012,10,0.3,Jan/25/2010 18:33:58
656780,2012.REP.NOM.PENCE,Mike Pence to be Republican Presidential Nominee in 2012,4,0.3,Jan/26/2010 11:04:14
656780,2012.REP.NOM.PENCE,Mike Pence to be Republican Presidential Nominee in 2012,1,2.9,Jan/26/2010 16:53:20
656780,2012.REP.NOM.PENCE,Mike Pence to be Republican Presidential Nominee in 2012,1,3.2,Jan/26/2010 16:53:29
656780,2012.REP.NOM.PENCE,Mike Pence to be Republican Presidential Nominee in 2012,20,3.5,Jan/26/2010 16:53:42
656780,2012.REP.NOM.PENCE,Mike Pence to be Republican Presidential Nominee in 2012,4,3.6,Jan/26/2010 16:53:54
656780,2012.REP.NOM.PENCE,Mike Pence to be Republican Presidential Nominee in 2012,10,3.7,Jan/26/2010 16:54:07
656780,2012.REP.NOM.PENCE,Mike Pence to be Republican Presidential Nominee in 2012,40,3.7,Jan/26/2010 16:54:07
656780,2012.REP.NOM.PENCE,Mike Pence to be Republican Presidential Nominee in 2012,1,4.8,Jan/27/2010 15:12:02
656780,2012.REP.NOM.PENCE,Mike Pence to be Republican Presidential Nominee in 2012,11,4.8,Jan/27/2010 15:27:55
656780,2012.REP.NOM.PENCE,Mike Pence to be Republican Presidential Nominee in 2012,19,2.5,Jan/27/2010 18:35:43
656780,2012.REP.NOM.PENCE,Mike Pence to be Republican Presidential Nominee in 2012,1,2.6,Jan/27/2010 18:35:43
656780,2012.REP.NOM.PENCE,Mike Pence to be Republican Presidential Nominee in 2012,1,2.5,Jan/28/2010 23:13:20
656780,2012.REP.NOM.PENCE,Mike Pence to be Republican Presidential Nominee in 2012,1,2.5,Jan/28/2010 23:16:08
656780,2012.REP.NOM.PENCE,Mike Pence to be Republican Presidential Nominee in 2012,20,2.5,Feb/01/2010 04:21:20
656780,2012.REP.NOM.PENCE,Mike Pence to be Republican Presidential Nominee in 2012,15,2.5,Feb/01/2010 17:13:14
656780,2012.REP.NOM.PENCE,Mike Pence to be Republican Presidential Nominee in 2012,9,2.6,Feb/03/2010 05:11:15
656780,2012.REP.NOM.PENCE,Mike Pence to be Republican Presidential Nominee in 2012,1,2.7,Feb/03/2010 05:11:15
656780,2012.REP.NOM.PENCE,Mike Pence to be Republican Presidential Nominee in 2012,9,2.5,Feb/03/2010 05:16:13
656780,2012.REP.NOM.PENCE,Mike Pence to be Republican Presidential Nominee in 2012,1,2.6,Feb/03/2010 05:16:13
656780,2012.REP.NOM.PENCE,Mike Pence to be Republican Presidential Nominee in 2012,10,2.5,Feb/03/2010 12:15:32
656780,2012.REP.NOM.PENCE,Mike Pence to be Republican Presidential Nominee in 2012,2,2.5,Feb/05/2010 09:58:22
656780,2012.REP.NOM.PENCE,Mike Pence to be Republican Presidential Nominee in 2012,1,2.5,Feb/08/2010 10:20:14
656780,2012.REP.NOM.PENCE,Mike Pence to be Republican Presidential Nominee in 2012,1,2.5,Feb/08/2010 10:21:09
656780,2012.REP.NOM.PENCE,Mike Pence to be Republican Presidential Nominee in 2012,1,2.5,Feb/08/2010 10:21:17
656780,2012.REP.NOM.PENCE,Mike Pence to be Republican Presidential Nominee in 2012,1,2.5,Feb/08/2010 10:21:24
656780,2012.REP.NOM.PENCE,Mike Pence to be Republican Presidential Nominee in 2012,1,2.5,Feb/08/2010 10:21:43
656780,2012.REP.NOM.PENCE,Mike Pence to be Republican Presidential Nominee in 2012,1,2.5,Feb/08/2010 10:21:54
656780,2012.REP.NOM.PENCE,Mike Pence to be Republican Presidential Nominee in 2012,1,2.5,Feb/08/2010 10:22:02
656780,2012.REP.NOM.PENCE,Mike Pence to be Republican Presidential Nominee in 2012,1,2.5,Feb/08/2010 10:22:10
656780,2012.REP.NOM.PENCE,Mike Pence to be Republican Presidential Nominee in 2012,1,2.5,Feb/08/2010 10:22:17
656780,2012.REP.NOM.PENCE,Mike Pence to be Republican Presidential Nominee in 2012,1,2.5,Feb/08/2010 10:22:25
656780,2012.REP.NOM.PENCE,Mike Pence to be Republican Presidential Nominee in 2012,1,2.5,Feb/08/2010 10:22:33
656780,2012.REP.NOM.PENCE,Mike Pence to be Republican Presidential Nominee in 2012,2,2.5,Feb/08/2010 10:22:41
656780,2012.REP.NOM.PENCE,Mike Pence to be Republican Presidential Nominee in 2012,2,2.5,Feb/08/2010 10:22:48
656780,2012.REP.NOM.PENCE,Mike Pence to be Republican Presidential Nominee in 2012,1,2.5,Feb/08/2010 10:23:02
656780,2012.REP.NOM.PENCE,Mike Pence to be Republican Presidential Nominee in 2012,3,2.5,Feb/10/2010 09:56:57
656780,2012.REP.NOM.PENCE,Mike Pence to be Republican Presidential Nominee in 2012,1,2.5,Feb/10/2010 09:57:10
656780,2012.REP.NOM.PENCE,Mike Pence to be Republican Presidential Nominee in 2012,1,2.5,Feb/10/2010 09:57:30
656780,2012.REP.NOM.PENCE,Mike Pence to be Republican Presidential Nominee in 2012,2,2.5,Feb/10/2010 09:57:37
656780,2012.REP.NOM.PENCE,Mike Pence to be Republican Presidential Nominee in 2012,1,2.5,Feb/10/2010 09:57:44
656780,2012.REP.NOM.PENCE,Mike Pence to be Republican Presidential Nominee in 2012,1,2.5,Feb/10/2010 09:57:49
656780,2012.REP.NOM.PENCE,Mike Pence to be Republican Presidential Nominee in 2012,1,2.5,Feb/10/2010 09:58:04
656780,2012.REP.NOM.PENCE,Mike Pence to be Republican Presidential Nominee in 2012,1,2.5,Feb/10/2010 09:58:10
656780,2012.REP.NOM.PENCE,Mike Pence to be Republican Presidential Nominee in 2012,1,2.5,Feb/10/2010 09:58:16
656780,2012.REP.NOM.PENCE,Mike Pence to be Republican Presidential Nominee in 2012,1,2.5,Feb/10/2010 09:58:21
656780,2012.REP.NOM.PENCE,Mike Pence to be Republican Presidential Nominee in 2012,1,2.5,Feb/10/2010 09:58:27
656780,2012.REP.NOM.PENCE,Mike Pence to be Republican Presidential Nominee in 2012,1,2.5,Feb/10/2010 09:58:31
656780,2012.REP.NOM.PENCE,Mike Pence to be Republican Presidential Nominee in 2012,1,2.5,Feb/10/2010 09:58:36
656780,2012.REP.NOM.PENCE,Mike Pence to be Republican Presidential Nominee in 2012,1,2.5,Feb/10/2010 09:58:41
656780,2012.REP.NOM.PENCE,Mike Pence to be Republican Presidential Nominee in 2012,1,2.5,Feb/10/2010 09:58:50
656780,2012.REP.NOM.PENCE,Mike Pence to be Republican Presidential Nominee in 2012,1,2.5,Feb/10/2010 09:58:57
656780,2012.REP.NOM.PENCE,Mike Pence to be Republican Presidential Nominee in 2012,1,2.5,Feb/10/2010 09:59:03
656780,2012.REP.NOM.PENCE,Mike Pence to be Republican Presidential Nominee in 2012,1,2.5,Feb/10/2010 09:59:13
656780,2012.REP.NOM.PENCE,Mike Pence to be Republican Presidential Nominee in 2012,2,2.5,Feb/10/2010 09:59:18
656780,2012.REP.NOM.PENCE,Mike Pence to be Republican Presidential Nominee in 2012,1,2.5,Feb/10/2010 09:59:32
656780,2012.REP.NOM.PENCE,Mike Pence to be Republican Presidential Nominee in 2012,2,2.5,Feb/10/2010 09:59:38
656780,2012.REP.NOM.PENCE,Mike Pence to be Republican Presidential Nominee in 2012,1,2.5,Feb/10/2010 09:59:44
656780,2012.REP.NOM.PENCE,Mike Pence to be Republican Presidential Nominee in 2012,1,2.5,Feb/14/2010 16:45:13
656780,2012.REP.NOM.PENCE,Mike Pence to be Republican Presidential Nominee in 2012,1,2.5,Feb/14/2010 16:45:19
656780,2012.REP.NOM.PENCE,Mike Pence to be Republican Presidential Nominee in 2012,1,2.5,Feb/14/2010 16:45:37
656780,2012.REP.NOM.PENCE,Mike Pence to be Republican Presidential Nominee in 2012,1,2.5,Feb/14/2010 16:45:45
656780,2012.REP.NOM.PENCE,Mike Pence to be Republican Presidential Nominee in 2012,20,2.6,Feb/15/2010 04:58:04
656780,2012.REP.NOM.PENCE,Mike Pence to be Republican Presidential Nominee in 2012,3,2.6,Feb/15/2010 09:59:08
656780,2012.REP.NOM.PENCE,Mike Pence to be Republican Presidential Nominee in 2012,2,2.6,Feb/15/2010 09:59:14
656780,2012.REP.NOM.PENCE,Mike Pence to be Republican Presidential Nominee in 2012,3,2.6,Feb/15/2010 09:59:23
656780,2012.REP.NOM.PENCE,Mike Pence to be Republican Presidential Nominee in 2012,5,2.6,Feb/15/2010 09:59:28
656780,2012.REP.NOM.PENCE,Mike Pence to be Republican Presidential Nominee in 2012,8,2.6,Feb/15/2010 11:58:22
656780,2012.REP.NOM.PENCE,Mike Pence to be Republican Presidential Nominee in 2012,8,2.6,Feb/15/2010 11:58:29
656780,2012.REP.NOM.PENCE,Mike Pence to be Republican Presidential Nominee in 2012,11,2.6,Feb/15/2010 11:58:37
656780,2012.REP.NOM.PENCE,Mike Pence to be Republican Presidential Nominee in 2012,4,2.5,Feb/15/2010 11:58:47
656780,2012.REP.NOM.PENCE,Mike Pence to be Republican Presidential Nominee in 2012,3,2.5,Feb/15/2010 11:58:54
656780,2012.REP.NOM.PENCE,Mike Pence to be Republican Presidential Nominee in 2012,2,2.5,Feb/15/2010 11:58:59
656780,2012.REP.NOM.PENCE,Mike Pence to be Republican Presidential Nominee in 2012,1,2.5,Feb/15/2010 11:59:04
656780,2012.REP.NOM.PENCE,Mike Pence to be Republican Presidential Nominee in 2012,1,2.5,Feb/15/2010 11:59:09
656780,2012.REP.NOM.PENCE,Mike Pence to be Republican Presidential Nominee in 2012,1,2.5,Feb/15/2010 11:59:14
656780,2012.REP.NOM.PENCE,Mike Pence to be Republican Presidential Nominee in 2012,1,2.5,Feb/15/2010 11:59:20
656780,2012.REP.NOM.PENCE,Mike Pence to be Republican Presidential Nominee in 2012,2,2.5,Feb/15/2010 11:59:27
656780,2012.REP.NOM.PENCE,Mike Pence to be Republican Presidential Nominee in 2012,5,2.5,Feb/15/2010 11:59:32
656780,2012.REP.NOM.PENCE,Mike Pence to be Republican Presidential Nominee in 2012,1,2.5,Feb/15/2010 11:59:38
656780,2012.REP.NOM.PENCE,Mike Pence to be Republican Presidential Nominee in 2012,1,2.5,Feb/15/2010 11:59:42
656780,2012.REP.NOM.PENCE,Mike Pence to be Republican Presidential Nominee in 2012,1,2.5,Feb/15/2010 11:59:47
656780,2012.REP.NOM.PENCE,Mike Pence to be Republican Presidential Nominee in 2012,1,2.5,Feb/15/2010 11:59:54
656780,2012.REP.NOM.PENCE,Mike Pence to be Republican Presidential Nominee in 2012,1,2.5,Feb/15/2010 12:00:00
656780,2012.REP.NOM.PENCE,Mike Pence to be Republican Presidential Nominee in 2012,2,2.5,Feb/15/2010 12:00:04
656780,2012.REP.NOM.PENCE,Mike Pence to be Republican Presidential Nominee in 2012,1,2.5,Feb/15/2010 12:00:11
656780,2012.REP.NOM.PENCE,Mike Pence to be Republican Presidential Nominee in 2012,41,2.5,Feb/15/2010 17:11:19
656780,2012.REP.NOM.PENCE,Mike Pence to be Republican Presidential Nominee in 2012,1,2.5,Feb/17/2010 14:25:01
656780,2012.REP.NOM.PENCE,Mike Pence to be Republican Presidential Nominee in 2012,1,2.5,Feb/17/2010 14:25:07
656780,2012.REP.NOM.PENCE,Mike Pence to be Republican Presidential Nominee in 2012,1,2.5,Feb/17/2010 14:25:12
656780,2012.REP.NOM.PENCE,Mike Pence to be Republican Presidential Nominee in 2012,2,2.5,Feb/17/2010 14:25:18
656780,2012.REP.NOM.PENCE,Mike Pence to be Republican Presidential Nominee in 2012,1,2.5,Feb/19/2010 17:58:35
656780,2012.REP.NOM.PENCE,Mike Pence to be Republican Presidential Nominee in 2012,1,2.5,Feb/19/2010 18:00:06
656780,2012.REP.NOM.PENCE,Mike Pence to be Republican Presidential Nominee in 2012,1,2.5,Feb/19/2010 18:00:17
656780,2012.REP.NOM.PENCE,Mike Pence to be Republican Presidential Nominee in 2012,1,2.5,Feb/19/2010 18:00:25
656780,2012.REP.NOM.PENCE,Mike Pence to be Republican Presidential Nominee in 2012,1,2.5,Feb/19/2010 18:00:31
656780,2012.REP.NOM.PENCE,Mike Pence to be Republican Presidential Nominee in 2012,1,2.5,Feb/19/2010 18:00:37
656780,2012.REP.NOM.PENCE,Mike Pence to be Republican Presidential Nominee in 2012,1,2.5,Feb/19/2010 18:00:45
656780,2012.REP.NOM.PENCE,Mike Pence to be Republican Presidential Nominee in 2012,1,2.5,Feb/19/2010 18:01:08
656780,2012.REP.NOM.PENCE,Mike Pence to be Republican Presidential Nominee in 2012,3,2.5,Feb/19/2010 18:01:14
656780,2012.REP.NOM.PENCE,Mike Pence to be Republican Presidential Nominee in 2012,1,2.5,Feb/19/2010 18:01:21
656780,2012.REP.NOM.PENCE,Mike Pence to be Republican Presidential Nominee in 2012,1,2.5,Feb/19/2010 18:01:28
656780,2012.REP.NOM.PENCE,Mike Pence to be Republican Presidential Nominee in 2012,2,3.0,Feb/21/2010 17:37:36
656780,2012.REP.NOM.PENCE,Mike Pence to be Republican Presidential Nominee in 2012,1,4.5,Feb/23/2010 22:47:21
656780,2012.REP.NOM.PENCE,Mike Pence to be Republican Presidential Nominee in 2012,6,4.6,Feb/23/2010 22:47:21
656780,2012.REP.NOM.PENCE,Mike Pence to be Republican Presidential Nominee in 2012,1,4.6,Feb/23/2010 22:47:21
656780,2012.REP.NOM.PENCE,Mike Pence to be Republican Presidential Nominee in 2012,3,4.7,Feb/23/2010 22:47:21
656780,2012.REP.NOM.PENCE,Mike Pence to be Republican Presidential Nominee in 2012,1,4.7,Feb/23/2010 22:47:21
656780,2012.REP.NOM.PENCE,Mike Pence to be Republican Presidential Nominee in 2012,18,5.0,Feb/23/2010 22:47:21
656780,2012.REP.NOM.PENCE,Mike Pence to be Republican Presidential Nominee in 2012,10,4.9,Feb/23/2010 22:47:21
656780,2012.REP.NOM.PENCE,Mike Pence to be Republican Presidential Nominee in 2012,1,3.3,Feb/24/2010 11:35:13
656780,2012.REP.NOM.PENCE,Mike Pence to be Republican Presidential Nominee in 2012,1,3.3,Feb/24/2010 11:35:21
656780,2012.REP.NOM.PENCE,Mike Pence to be Republican Presidential Nominee in 2012,1,3.2,Feb/24/2010 11:35:26
656780,2012.REP.NOM.PENCE,Mike Pence to be Republican Presidential Nominee in 2012,1,3.2,Feb/24/2010 11:35:33
656780,2012.REP.NOM.PENCE,Mike Pence to be Republican Presidential Nominee in 2012,1,3.0,Feb/24/2010 11:35:38
656780,2012.REP.NOM.PENCE,Mike Pence to be Republican Presidential Nominee in 2012,2,3.0,Feb/24/2010 11:35:43
656780,2012.REP.NOM.PENCE,Mike Pence to be Republican Presidential Nominee in 2012,1,3.0,Feb/24/2010 11:35:48
656780,2012.REP.NOM.PENCE,Mike Pence to be Republican Presidential Nominee in 2012,1,3.0,Feb/24/2010 11:35:53
656780,2012.REP.NOM.PENCE,Mike Pence to be Republican Presidential Nominee in 2012,1,3.0,Feb/24/2010 11:35:58
656780,2012.REP.NOM.PENCE,Mike Pence to be Republican Presidential Nominee in 2012,1,3.0,Feb/24/2010 11:36:03
656780,2012.REP.NOM.PENCE,Mike Pence to be Republican Presidential Nominee in 2012,1,3.0,Feb/24/2010 11:36:09
656780,2012.REP.NOM.PENCE,Mike Pence to be Republican Presidential Nominee in 2012,1,2.5,Feb/24/2010 11:36:15
656780,2012.REP.NOM.PENCE,Mike Pence to be Republican Presidential Nominee in 2012,6,2.5,Feb/24/2010 11:36:21
656780,2012.REP.NOM.PENCE,Mike Pence to be Republican Presidential Nominee in 2012,1,2.5,Feb/24/2010 11:36:26
656780,2012.REP.NOM.PENCE,Mike Pence to be Republican Presidential Nominee in 2012,1,2.5,Feb/24/2010 11:36:31
656780,2012.REP.NOM.PENCE,Mike Pence to be Republican Presidential Nominee in 2012,3,2.5,Feb/24/2010 11:36:38
656780,2012.REP.NOM.PENCE,Mike Pence to be Republican Presidential Nominee in 2012,3,2.5,Feb/24/2010 11:36:52
656780,2012.REP.NOM.PENCE,Mike Pence to be Republican Presidential Nominee in 2012,2,2.5,Feb/24/2010 11:37:00
656780,2012.REP.NOM.PENCE,Mike Pence to be Republican Presidential Nominee in 2012,1,2.5,Feb/24/2010 11:37:05
656780,2012.REP.NOM.PENCE,Mike Pence to be Republican Presidential Nominee in 2012,1,2.5,Feb/24/2010 11:37:10
656780,2012.REP.NOM.PENCE,Mike Pence to be Republican Presidential Nominee in 2012,2,2.5,Feb/24/2010 11:37:16
656780,2012.REP.NOM.PENCE,Mike Pence to be Republican Presidential Nominee in 2012,3,2.5,Feb/24/2010 11:37:32
656780,2012.REP.NOM.PENCE,Mike Pence to be Republican Presidential Nominee in 2012,4,2.5,Feb/24/2010 11:37:38
656780,2012.REP.NOM.PENCE,Mike Pence to be Republican Presidential Nominee in 2012,1,2.5,Feb/24/2010 11:37:44
656780,2012.REP.NOM.PENCE,Mike Pence to be Republican Presidential Nominee in 2012,1,2.5,Feb/24/2010 11:37:51
656780,2012.REP.NOM.PENCE,Mike Pence to be Republican Presidential Nominee in 2012,3,2.5,Feb/24/2010 11:38:07
656780,2012.REP.NOM.PENCE,Mike Pence to be Republican Presidential Nominee in 2012,4,2.5,Feb/24/2010 11:38:15
656780,2012.REP.NOM.PENCE,Mike Pence to be Republican Presidential Nominee in 2012,1,2.6,Feb/24/2010 16:58:16
656780,2012.REP.NOM.PENCE,Mike Pence to be Republican Presidential Nominee in 2012,2,2.6,Feb/24/2010 16:58:51
656780,2012.REP.NOM.PENCE,Mike Pence to be Republican Presidential Nominee in 2012,2,2.6,Feb/24/2010 16:59:06
656780,2012.REP.NOM.PENCE,Mike Pence to be Republican Presidential Nominee in 2012,1,2.6,Mar/01/2010 06:00:50
656780,2012.REP.NOM.PENCE,Mike Pence to be Republican Presidential Nominee in 2012,1,2.6,Mar/01/2010 06:00:55
656780,2012.REP.NOM.PENCE,Mike Pence to be Republican Presidential Nominee in 2012,1,2.6,Mar/01/2010 06:02:22
656780,2012.REP.NOM.PENCE,Mike Pence to be Republican Presidential Nominee in 2012,1,2.6,Mar/01/2010 06:02:28
656780,2012.REP.NOM.PENCE,Mike Pence to be Republican Presidential Nominee in 2012,1,2.6,Mar/01/2010 06:02:34
656780,2012.REP.NOM.PENCE,Mike Pence to be Republican Presidential Nominee in 2012,1,2.6,Mar/01/2010 06:02:43
656780,2012.REP.NOM.PENCE,Mike Pence to be Republican Presidential Nominee in 2012,1,2.6,Mar/01/2010 06:02:49
656780,2012.REP.NOM.PENCE,Mike Pence to be Republican Presidential Nominee in 2012,1,2.6,Mar/04/2010 07:34:23
656780,2012.REP.NOM.PENCE,Mike Pence to be Republican Presidential Nominee in 2012,1,2.6,Mar/04/2010 07:35:27
656780,2012.REP.NOM.PENCE,Mike Pence to be Republican Presidential Nominee in 2012,1,2.6,Mar/04/2010 07:35:34
656780,2012.REP.NOM.PENCE,Mike Pence to be Republican Presidential Nominee in 2012,1,2.6,Mar/04/2010 07:35:40
656780,2012.REP.NOM.PENCE,Mike Pence to be Republican Presidential Nominee in 2012,1,2.6,Mar/04/2010 07:36:01
656780,2012.REP.NOM.PENCE,Mike Pence to be Republican Presidential Nominee in 2012,1,2.6,Mar/04/2010 07:36:06
656780,2012.REP.NOM.PENCE,Mike Pence to be Republican Presidential Nominee in 2012,1,2.6,Mar/04/2010 07:36:12
656780,2012.REP.NOM.PENCE,Mike Pence to be Republican Presidential Nominee in 2012,1,2.6,Mar/04/2010 07:36:19
656780,2012.REP.NOM.PENCE,Mike Pence to be Republican Presidential Nominee in 2012,2,2.6,Mar/04/2010 07:36:26
656780,2012.REP.NOM.PENCE,Mike Pence to be Republican Presidential Nominee in 2012,2,2.6,Mar/04/2010 07:36:32
656780,2012.REP.NOM.PENCE,Mike Pence to be Republican Presidential Nominee in 2012,1,2.6,Mar/04/2010 07:36:44
656780,2012.REP.NOM.PENCE,Mike Pence to be Republican Presidential Nominee in 2012,1,2.6,Mar/04/2010 07:36:49
656780,2012.REP.NOM.PENCE,Mike Pence to be Republican Presidential Nominee in 2012,2,2.6,Mar/04/2010 07:36:55
656780,2012.REP.NOM.PENCE,Mike Pence to be Republican Presidential Nominee in 2012,1,2.6,Mar/04/2010 07:37:02
656780,2012.REP.NOM.PENCE,Mike Pence to be Republican Presidential Nominee in 2012,3,2.6,Mar/04/2010 07:37:10
656780,2012.REP.NOM.PENCE,Mike Pence to be Republican Presidential Nominee in 2012,2,2.6,Mar/04/2010 07:37:16
656780,2012.REP.NOM.PENCE,Mike Pence to be Republican Presidential Nominee in 2012,2,2.6,Mar/04/2010 07:37:22
656780,2012.REP.NOM.PENCE,Mike Pence to be Republican Presidential Nominee in 2012,1,2.6,Mar/04/2010 07:37:28
656780,2012.REP.NOM.PENCE,Mike Pence to be Republican Presidential Nominee in 2012,1,2.6,Mar/04/2010 07:37:35
656780,2012.REP.NOM.PENCE,Mike Pence to be Republican Presidential Nominee in 2012,1,2.6,Mar/04/2010 07:37:43
656780,2012.REP.NOM.PENCE,Mike Pence to be Republican Presidential Nominee in 2012,1,2.6,Mar/04/2010 07:37:49
656780,2012.REP.NOM.PENCE,Mike Pence to be Republican Presidential Nominee in 2012,2,2.6,Mar/04/2010 07:37:54
656780,2012.REP.NOM.PENCE,Mike Pence to be Republican Presidential Nominee in 2012,2,2.6,Mar/04/2010 07:38:00
656780,2012.REP.NOM.PENCE,Mike Pence to be Republican Presidential Nominee in 2012,3,2.6,Mar/04/2010 07:38:10
656780,2012.REP.NOM.PENCE,Mike Pence to be Republican Presidential Nominee in 2012,2,2.6,Mar/04/2010 07:38:20
656780,2012.REP.NOM.PENCE,Mike Pence to be Republican Presidential Nominee in 2012,2,2.6,Mar/04/2010 07:38:26
656780,2012.REP.NOM.PENCE,Mike Pence to be Republican Presidential Nominee in 2012,2,2.6,Mar/04/2010 07:38:37
656780,2012.REP.NOM.PENCE,Mike Pence to be Republican Presidential Nominee in 2012,2,2.6,Mar/04/2010 07:38:44
656780,2012.REP.NOM.PENCE,Mike Pence to be Republican Presidential Nominee in 2012,2,2.6,Mar/04/2010 07:38:49
656780,2012.REP.NOM.PENCE,Mike Pence to be Republican Presidential Nominee in 2012,2,2.6,Mar/04/2010 07:38:56
656780,2012.REP.NOM.PENCE,Mike Pence to be Republican Presidential Nominee in 2012,1,2.6,Mar/04/2010 07:39:04
656780,2012.REP.NOM.PENCE,Mike Pence to be Republican Presidential Nominee in 2012,1,2.5,Mar/05/2010 14:51:16
656780,2012.REP.NOM.PENCE,Mike Pence to be Republican Presidential Nominee in 2012,1,2.5,Mar/05/2010 14:51:23
656780,2012.REP.NOM.PENCE,Mike Pence to be Republican Presidential Nominee in 2012,2,2.5,Mar/05/2010 14:51:27
656780,2012.REP.NOM.PENCE,Mike Pence to be Republican Presidential Nominee in 2012,3,2.5,Mar/05/2010 14:51:33
656780,2012.REP.NOM.PENCE,Mike Pence to be Republican Presidential Nominee in 2012,1,2.5,Mar/05/2010 14:51:39
656780,2012.REP.NOM.PENCE,Mike Pence to be Republican Presidential Nominee in 2012,1,2.5,Mar/05/2010 14:51:45
656780,2012.REP.NOM.PENCE,Mike Pence to be Republican Presidential Nominee in 2012,1,2.5,Mar/05/2010 14:51:50
656780,2012.REP.NOM.PENCE,Mike Pence to be Republican Presidential Nominee in 2012,1,2.5,Mar/05/2010 14:51:57
656780,2012.REP.NOM.PENCE,Mike Pence to be Republican Presidential Nominee in 2012,1,2.5,Mar/05/2010 14:52:03
656780,2012.REP.NOM.PENCE,Mike Pence to be Republican Presidential Nominee in 2012,1,2.5,Mar/05/2010 14:52:09
656780,2012.REP.NOM.PENCE,Mike Pence to be Republican Presidential Nominee in 2012,1,2.5,Mar/05/2010 14:52:14
656780,2012.REP.NOM.PENCE,Mike Pence to be Republican Presidential Nominee in 2012,1,2.5,Mar/05/2010 14:52:21
656780,2012.REP.NOM.PENCE,Mike Pence to be Republican Presidential Nominee in 2012,2,2.5,Mar/05/2010 14:52:26
656780,2012.REP.NOM.PENCE,Mike Pence to be Republican Presidential Nominee in 2012,1,2.5,Mar/05/2010 14:52:31
656780,2012.REP.NOM.PENCE,Mike Pence to be Republican Presidential Nominee in 2012,1,2.5,Mar/05/2010 14:52:37
656780,2012.REP.NOM.PENCE,Mike Pence to be Republican Presidential Nominee in 2012,2,2.5,Mar/05/2010 14:52:42
656780,2012.REP.NOM.PENCE,Mike Pence to be Republican Presidential Nominee in 2012,1,2.5,Mar/08/2010 05:45:28
656780,2012.REP.NOM.PENCE,Mike Pence to be Republican Presidential Nominee in 2012,1,2.5,Mar/08/2010 05:45:33
656780,2012.REP.NOM.PENCE,Mike Pence to be Republican Presidential Nominee in 2012,1,2.5,Mar/08/2010 05:45:38
656780,2012.REP.NOM.PENCE,Mike Pence to be Republican Presidential Nominee in 2012,1,2.5,Mar/08/2010 05:45:45
656780,2012.REP.NOM.PENCE,Mike Pence to be Republican Presidential Nominee in 2012,1,2.5,Mar/08/2010 05:45:49
656780,2012.REP.NOM.PENCE,Mike Pence to be Republican Presidential Nominee in 2012,1,2.5,Mar/08/2010 05:45:53
656780,2012.REP.NOM.PENCE,Mike Pence to be Republican Presidential Nominee in 2012,1,2.5,Mar/08/2010 05:46:13
656780,2012.REP.NOM.PENCE,Mike Pence to be Republican Presidential Nominee in 2012,2,2.5,Mar/08/2010 05:46:22
656780,2012.REP.NOM.PENCE,Mike Pence to be Republican Presidential Nominee in 2012,1,2.5,Mar/08/2010 05:46:30
656780,2012.REP.NOM.PENCE,Mike Pence to be Republican Presidential Nominee in 2012,1,2.5,Mar/08/2010 05:46:49
656780,2012.REP.NOM.PENCE,Mike Pence to be Republican Presidential Nominee in 2012,1,2.5,Mar/08/2010 05:46:54
656780,2012.REP.NOM.PENCE,Mike Pence to be Republican Presidential Nominee in 2012,1,2.5,Mar/08/2010 05:46:59
656780,2012.REP.NOM.PENCE,Mike Pence to be Republican Presidential Nominee in 2012,1,2.5,Mar/08/2010 05:47:03
656780,2012.REP.NOM.PENCE,Mike Pence to be Republican Presidential Nominee in 2012,1,2.5,Mar/08/2010 05:47:16
656780,2012.REP.NOM.PENCE,Mike Pence to be Republican Presidential Nominee in 2012,1,2.5,Mar/08/2010 05:47:25
656780,2012.REP.NOM.PENCE,Mike Pence to be Republican Presidential Nominee in 2012,1,2.5,Mar/08/2010 05:47:30
656780,2012.REP.NOM.PENCE,Mike Pence to be Republican Presidential Nominee in 2012,1,2.5,Mar/08/2010 05:47:38
656780,2012.REP.NOM.PENCE,Mike Pence to be Republican Presidential Nominee in 2012,1,2.5,Mar/08/2010 05:47:44
656780,2012.REP.NOM.PENCE,Mike Pence to be Republican Presidential Nominee in 2012,4,2.5,Mar/08/2010 05:47:50
656780,2012.REP.NOM.PENCE,Mike Pence to be Republican Presidential Nominee in 2012,1,2.5,Mar/08/2010 05:48:11
656780,2012.REP.NOM.PENCE,Mike Pence to be Republican Presidential Nominee in 2012,1,2.5,Mar/08/2010 05:48:19
656780,2012.REP.NOM.PENCE,Mike Pence to be Republican Presidential Nominee in 2012,5,2.5,Mar/08/2010 05:48:26
656780,2012.REP.NOM.PENCE,Mike Pence to be Republican Presidential Nominee in 2012,4,2.5,Mar/08/2010 05:48:38
656780,2012.REP.NOM.PENCE,Mike Pence to be Republican Presidential Nominee in 2012,1,2.5,Mar/08/2010 05:48:48
656780,2012.REP.NOM.PENCE,Mike Pence to be Republican Presidential Nominee in 2012,1,2.5,Mar/08/2010 05:48:56
656780,2012.REP.NOM.PENCE,Mike Pence to be Republican Presidential Nominee in 2012,1,2.5,Mar/08/2010 05:49:04
656780,2012.REP.NOM.PENCE,Mike Pence to be Republican Presidential Nominee in 2012,1,2.5,Mar/08/2010 05:49:13
656780,2012.REP.NOM.PENCE,Mike Pence to be Republican Presidential Nominee in 2012,1,2.5,Mar/08/2010 05:49:22
656780,2012.REP.NOM.PENCE,Mike Pence to be Republican Presidential Nominee in 2012,1,2.5,Mar/10/2010 07:41:54
656780,2012.REP.NOM.PENCE,Mike Pence to be Republican Presidential Nominee in 2012,1,2.5,Mar/10/2010 07:42:02
656780,2012.REP.NOM.PENCE,Mike Pence to be Republican Presidential Nominee in 2012,1,2.5,Mar/10/2010 07:42:09
656780,2012.REP.NOM.PENCE,Mike Pence to be Republican Presidential Nominee in 2012,3,2.5,Mar/10/2010 07:42:14
656780,2012.REP.NOM.PENCE,Mike Pence to be Republican Presidential Nominee in 2012,1,2.5,Mar/10/2010 07:42:39
656780,2012.REP.NOM.PENCE,Mike Pence to be Republican Presidential Nominee in 2012,2,2.5,Mar/10/2010 07:42:48
656780,2012.REP.NOM.PENCE,Mike Pence to be Republican Presidential Nominee in 2012,1,2.5,Mar/10/2010 07:42:54
656780,2012.REP.NOM.PENCE,Mike Pence to be Republican Presidential Nominee in 2012,1,2.5,Mar/11/2010 17:47:02
656780,2012.REP.NOM.PENCE,Mike Pence to be Republican Presidential Nominee in 2012,1,4.0,Mar/11/2010 18:24:46
656780,2012.REP.NOM.PENCE,Mike Pence to be Republican Presidential Nominee in 2012,1,3.0,Mar/23/2010 06:56:34
656780,2012.REP.NOM.PENCE,Mike Pence to be Republican Presidential Nominee in 2012,1,2.8,Mar/23/2010 06:56:42
656780,2012.REP.NOM.PENCE,Mike Pence to be Republican Presidential Nominee in 2012,1,2.8,Mar/23/2010 06:56:50
656780,2012.REP.NOM.PENCE,Mike Pence to be Republican Presidential Nominee in 2012,1,2.8,Mar/23/2010 06:57:12
656780,2012.REP.NOM.PENCE,Mike Pence to be Republican Presidential Nominee in 2012,1,2.8,Mar/23/2010 06:57:21
656780,2012.REP.NOM.PENCE,Mike Pence to be Republican Presidential Nominee in 2012,3,2.8,Mar/23/2010 06:57:31
656780,2012.REP.NOM.PENCE,Mike Pence to be Republican Presidential Nominee in 2012,1,2.8,Mar/23/2010 06:57:45
656780,2012.REP.NOM.PENCE,Mike Pence to be Republican Presidential Nominee in 2012,1,2.8,Mar/23/2010 06:57:51
656780,2012.REP.NOM.PENCE,Mike Pence to be Republican Presidential Nominee in 2012,1,2.8,Mar/23/2010 06:58:04
656780,2012.REP.NOM.PENCE,Mike Pence to be Republican Presidential Nominee in 2012,1,2.8,Mar/23/2010 06:58:17
656780,2012.REP.NOM.PENCE,Mike Pence to be Republican Presidential Nominee in 2012,1,2.7,Mar/23/2010 06:58:25
656780,2012.REP.NOM.PENCE,Mike Pence to be Republican Presidential Nominee in 2012,1,2.6,Mar/23/2010 06:58:32
656780,2012.REP.NOM.PENCE,Mike Pence to be Republican Presidential Nominee in 2012,1,2.6,Mar/23/2010 06:58:39
656780,2012.REP.NOM.PENCE,Mike Pence to be Republican Presidential Nominee in 2012,1,2.6,Mar/23/2010 06:58:47
656780,2012.REP.NOM.PENCE,Mike Pence to be Republican Presidential Nominee in 2012,4,2.6,Mar/23/2010 06:58:55
656780,2012.REP.NOM.PENCE,Mike Pence to be Republican Presidential Nominee in 2012,2,2.6,Mar/23/2010 06:59:03
656780,2012.REP.NOM.PENCE,Mike Pence to be Republican Presidential Nominee in 2012,1,2.6,Mar/25/2010 22:40:56
656780,2012.REP.NOM.PENCE,Mike Pence to be Republican Presidential Nominee in 2012,1,2.6,Mar/25/2010 22:41:01
656780,2012.REP.NOM.PENCE,Mike Pence to be Republican Presidential Nominee in 2012,3,2.6,Mar/25/2010 22:41:19
656780,2012.REP.NOM.PENCE,Mike Pence to be Republican Presidential Nominee in 2012,2,2.6,Mar/25/2010 22:41:27
656780,2012.REP.NOM.PENCE,Mike Pence to be Republican Presidential Nominee in 2012,1,2.6,Mar/25/2010 22:41:34
656780,2012.REP.NOM.PENCE,Mike Pence to be Republican Presidential Nominee in 2012,2,2.6,Mar/25/2010 22:41:40
656780,2012.REP.NOM.PENCE,Mike Pence to be Republican Presidential Nominee in 2012,1,2.6,Mar/25/2010 22:42:05
656780,2012.REP.NOM.PENCE,Mike Pence to be Republican Presidential Nominee in 2012,2,2.6,Mar/25/2010 22:42:12
656780,2012.REP.NOM.PENCE,Mike Pence to be Republican Presidential Nominee in 2012,2,2.6,Mar/25/2010 22:42:18
656780,2012.REP.NOM.PENCE,Mike Pence to be Republican Presidential Nominee in 2012,1,2.6,Mar/25/2010 22:42:26
656780,2012.REP.NOM.PENCE,Mike Pence to be Republican Presidential Nominee in 2012,1,2.6,Mar/25/2010 22:42:33
656780,2012.REP.NOM.PENCE,Mike Pence to be Republican Presidential Nominee in 2012,1,2.6,Mar/25/2010 22:42:40
656780,2012.REP.NOM.PENCE,Mike Pence to be Republican Presidential Nominee in 2012,1,2.6,Mar/25/2010 22:42:47
656780,2012.REP.NOM.PENCE,Mike Pence to be Republican Presidential Nominee in 2012,1,2.6,Mar/25/2010 22:42:55
656780,2012.REP.NOM.PENCE,Mike Pence to be Republican Presidential Nominee in 2012,1,2.6,Mar/25/2010 22:43:02
656780,2012.REP.NOM.PENCE,Mike Pence to be Republican Presidential Nominee in 2012,1,2.5,Mar/25/2010 22:43:09
656780,2012.REP.NOM.PENCE,Mike Pence to be Republican Presidential Nominee in 2012,1,2.5,Mar/25/2010 22:43:16
656780,2012.REP.NOM.PENCE,Mike Pence to be Republican Presidential Nominee in 2012,1,2.5,Mar/25/2010 22:43:24
656780,2012.REP.NOM.PENCE,Mike Pence to be Republican Presidential Nominee in 2012,1,2.5,Mar/25/2010 22:43:31
656780,2012.REP.NOM.PENCE,Mike Pence to be Republican Presidential Nominee in 2012,1,2.5,Mar/25/2010 22:43:39
656780,2012.REP.NOM.PENCE,Mike Pence to be Republican Presidential Nominee in 2012,1,2.5,Mar/25/2010 22:43:47
656780,2012.REP.NOM.PENCE,Mike Pence to be Republican Presidential Nominee in 2012,10,4.1,Apr/07/2010 16:29:45
656780,2012.REP.NOM.PENCE,Mike Pence to be Republican Presidential Nominee in 2012,4,4.0,Apr/07/2010 16:29:45
656780,2012.REP.NOM.PENCE,Mike Pence to be Republican Presidential Nominee in 2012,10,3.9,Apr/07/2010 16:29:45
656780,2012.REP.NOM.PENCE,Mike Pence to be Republican Presidential Nominee in 2012,1,3.8,Apr/07/2010 16:29:45
656780,2012.REP.NOM.PENCE,Mike Pence to be Republican Presidential Nominee in 2012,1,3.7,Apr/07/2010 16:29:45
656780,2012.REP.NOM.PENCE,Mike Pence to be Republican Presidential Nominee in 2012,1,4.2,Apr/07/2010 22:23:59
656780,2012.REP.NOM.PENCE,Mike Pence to be Republican Presidential Nominee in 2012,1,4.2,Apr/07/2010 22:23:59
656780,2012.REP.NOM.PENCE,Mike Pence to be Republican Presidential Nominee in 2012,1,3.2,Apr/14/2010 05:01:20
656780,2012.REP.NOM.PENCE,Mike Pence to be Republican Presidential Nominee in 2012,1,3.1,May/17/2010 10:08:12
656780,2012.REP.NOM.PENCE,Mike Pence to be Republican Presidential Nominee in 2012,1,3.0,May/17/2010 10:09:33
656780,2012.REP.NOM.PENCE,Mike Pence to be Republican Presidential Nominee in 2012,1,3.0,May/17/2010 10:09:40
656780,2012.REP.NOM.PENCE,Mike Pence to be Republican Presidential Nominee in 2012,1,3.0,May/17/2010 10:10:09
656780,2012.REP.NOM.PENCE,Mike Pence to be Republican Presidential Nominee in 2012,1,3.0,May/17/2010 10:10:24
656780,2012.REP.NOM.PENCE,Mike Pence to be Republican Presidential Nominee in 2012,1,3.0,May/17/2010 10:10:36
656780,2012.REP.NOM.PENCE,Mike Pence to be Republican Presidential Nominee in 2012,1,3.0,May/17/2010 10:10:45
656780,2012.REP.NOM.PENCE,Mike Pence to be Republican Presidential Nominee in 2012,1,3.0,May/17/2010 10:10:57
656780,2012.REP.NOM.PENCE,Mike Pence to be Republican Presidential Nominee in 2012,1,3.0,May/17/2010 10:11:07
656780,2012.REP.NOM.PENCE,Mike Pence to be Republican Presidential Nominee in 2012,2,3.0,May/17/2010 10:11:15
656780,2012.REP.NOM.PENCE,Mike Pence to be Republican Presidential Nominee in 2012,1,2.7,May/17/2010 10:11:24
656780,2012.REP.NOM.PENCE,Mike Pence to be Republican Presidential Nominee in 2012,1,2.6,May/17/2010 10:11:33
656780,2012.REP.NOM.PENCE,Mike Pence to be Republican Presidential Nominee in 2012,1,2.5,May/17/2010 10:11:42
656780,2012.REP.NOM.PENCE,Mike Pence to be Republican Presidential Nominee in 2012,3,2.5,May/17/2010 10:11:51
656780,2012.REP.NOM.PENCE,Mike Pence to be Republican Presidential Nominee in 2012,1,2.5,May/17/2010 10:12:45
656780,2012.REP.NOM.PENCE,Mike Pence to be Republican Presidential Nominee in 2012,1,2.5,May/17/2010 10:13:03
656780,2012.REP.NOM.PENCE,Mike Pence to be Republican Presidential Nominee in 2012,1,2.5,May/17/2010 10:13:16
656780,2012.REP.NOM.PENCE,Mike Pence to be Republican Presidential Nominee in 2012,1,2.5,May/17/2010 10:13:26
656780,2012.REP.NOM.PENCE,Mike Pence to be Republican Presidential Nominee in 2012,1,2.5,May/17/2010 10:13:31
656780,2012.REP.NOM.PENCE,Mike Pence to be Republican Presidential Nominee in 2012,1,2.5,May/17/2010 10:13:36
656780,2012.REP.NOM.PENCE,Mike Pence to be Republican Presidential Nominee in 2012,1,2.5,May/17/2010 10:13:41
656780,2012.REP.NOM.PENCE,Mike Pence to be Republican Presidential Nominee in 2012,1,2.5,May/17/2010 10:13:53
656780,2012.REP.NOM.PENCE,Mike Pence to be Republican Presidential Nominee in 2012,1,2.5,May/17/2010 10:14:04
656780,2012.REP.NOM.PENCE,Mike Pence to be Republican Presidential Nominee in 2012,1,2.5,May/17/2010 10:14:13
656780,2012.REP.NOM.PENCE,Mike Pence to be Republican Presidential Nominee in 2012,2,2.5,May/17/2010 10:14:23
656780,2012.REP.NOM.PENCE,Mike Pence to be Republican Presidential Nominee in 2012,1,2.5,May/17/2010 10:14:30
656780,2012.REP.NOM.PENCE,Mike Pence to be Republican Presidential Nominee in 2012,1,2.5,May/17/2010 10:14:41
656780,2012.REP.NOM.PENCE,Mike Pence to be Republican Presidential Nominee in 2012,1,2.5,May/17/2010 10:14:50
656780,2012.REP.NOM.PENCE,Mike Pence to be Republican Presidential Nominee in 2012,2,2.5,May/17/2010 10:14:59
656780,2012.REP.NOM.PENCE,Mike Pence to be Republican Presidential Nominee in 2012,1,2.5,May/17/2010 10:15:09
656780,2012.REP.NOM.PENCE,Mike Pence to be Republican Presidential Nominee in 2012,1,2.5,May/17/2010 10:15:17
656780,2012.REP.NOM.PENCE,Mike Pence to be Republican Presidential Nominee in 2012,1,2.5,May/17/2010 10:15:27
656780,2012.REP.NOM.PENCE,Mike Pence to be Republican Presidential Nominee in 2012,1,2.5,May/17/2010 10:15:38
656780,2012.REP.NOM.PENCE,Mike Pence to be Republican Presidential Nominee in 2012,1,2.5,May/17/2010 10:15:48
656780,2012.REP.NOM.PENCE,Mike Pence to be Republican Presidential Nominee in 2012,50,2.5,May/27/2010 11:27:07
656780,2012.REP.NOM.PENCE,Mike Pence to be Republican Presidential Nominee in 2012,24,2.5,May/28/2010 12:32:47
656780,2012.REP.NOM.PENCE,Mike Pence to be Republican Presidential Nominee in 2012,20,2.5,Jun/01/2010 17:35:51
656780,2012.REP.NOM.PENCE,Mike Pence to be Republican Presidential Nominee in 2012,4,2.5,Jun/01/2010 20:39:59
656780,2012.REP.NOM.PENCE,Mike Pence to be Republican Presidential Nominee in 2012,1,2.5,Jun/02/2010 10:26:01
656780,2012.REP.NOM.PENCE,Mike Pence to be Republican Presidential Nominee in 2012,5,2.5,Jun/03/2010 12:27:36
656780,2012.REP.NOM.PENCE,Mike Pence to be Republican Presidential Nominee in 2012,2,2.5,Jun/03/2010 20:17:06
656780,2012.REP.NOM.PENCE,Mike Pence to be Republican Presidential Nominee in 2012,31,2.5,Jun/04/2010 10:36:03
656780,2012.REP.NOM.PENCE,Mike Pence to be Republican Presidential Nominee in 2012,12,2.5,Jun/04/2010 21:46:22
656780,2012.REP.NOM.PENCE,Mike Pence to be Republican Presidential Nominee in 2012,1,1.1,Jun/04/2010 21:46:22
656780,2012.REP.NOM.PENCE,Mike Pence to be Republican Presidential Nominee in 2012,7,1.0,Jun/04/2010 21:46:22
656780,2012.REP.NOM.PENCE,Mike Pence to be Republican Presidential Nominee in 2012,3,1.0,Jun/04/2010 22:55:46
656780,2012.REP.NOM.PENCE,Mike Pence to be Republican Presidential Nominee in 2012,1,3.4,Jun/05/2010 20:01:27
656780,2012.REP.NOM.PENCE,Mike Pence to be Republican Presidential Nominee in 2012,5,3.5,Jun/05/2010 20:01:40
656780,2012.REP.NOM.PENCE,Mike Pence to be Republican Presidential Nominee in 2012,2,0.7,Jun/09/2010 20:22:32
656780,2012.REP.NOM.PENCE,Mike Pence to be Republican Presidential Nominee in 2012,2,0.6,Jun/09/2010 20:22:32
656780,2012.REP.NOM.PENCE,Mike Pence to be Republican Presidential Nominee in 2012,3,0.8,Jun/09/2010 20:22:32
656780,2012.REP.NOM.PENCE,Mike Pence to be Republican Presidential Nominee in 2012,1,0.6,Jun/09/2010 20:22:32
656780,2012.REP.NOM.PENCE,Mike Pence to be Republican Presidential Nominee in 2012,1,1.0,Jun/11/2010 09:56:15
656780,2012.REP.NOM.PENCE,Mike Pence to be Republican Presidential Nominee in 2012,3,0.7,Jun/29/2010 10:47:22
656780,2012.REP.NOM.PENCE,Mike Pence to be Republican Presidential Nominee in 2012,19,0.7,Jun/29/2010 10:47:22
656780,2012.REP.NOM.PENCE,Mike Pence to be Republican Presidential Nominee in 2012,8,0.7,Jun/29/2010 10:47:41
656780,2012.REP.NOM.PENCE,Mike Pence to be Republican Presidential Nominee in 2012,66,0.7,Jul/12/2010 06:43:04
656780,2012.REP.NOM.PENCE,Mike Pence to be Republican Presidential Nominee in 2012,1,0.6,Jul/12/2010 06:43:04
656780,2012.REP.NOM.PENCE,Mike Pence to be Republican Presidential Nominee in 2012,5,0.6,Jul/12/2010 21:16:43
656780,2012.REP.NOM.PENCE,Mike Pence to be Republican Presidential Nominee in 2012,7,0.6,Jul/12/2010 21:16:43
656780,2012.REP.NOM.PENCE,Mike Pence to be Republican Presidential Nominee in 2012,6,0.5,Jul/12/2010 21:16:43
656780,2012.REP.NOM.PENCE,Mike Pence to be Republican Presidential Nominee in 2012,3,0.5,Jul/12/2010 21:16:54
656780,2012.REP.NOM.PENCE,Mike Pence to be Republican Presidential Nominee in 2012,2,0.5,Jul/13/2010 05:45:27
656780,2012.REP.NOM.PENCE,Mike Pence to be Republican Presidential Nominee in 2012,39,0.5,Jul/13/2010 19:28:18
656780,2012.REP.NOM.PENCE,Mike Pence to be Republican Presidential Nominee in 2012,10,1.7,Jul/14/2010 18:15:31
656780,2012.REP.NOM.PENCE,Mike Pence to be Republican Presidential Nominee in 2012,5,2.0,Jul/14/2010 18:15:54
656780,2012.REP.NOM.PENCE,Mike Pence to be Republican Presidential Nominee in 2012,1,1.8,Jul/14/2010 18:15:54
656780,2012.REP.NOM.PENCE,Mike Pence to be Republican Presidential Nominee in 2012,1,2.9,Jul/14/2010 18:16:12
656780,2012.REP.NOM.PENCE,Mike Pence to be Republican Presidential Nominee in 2012,1,2.8,Jul/14/2010 18:16:12
656780,2012.REP.NOM.PENCE,Mike Pence to be Republican Presidential Nominee in 2012,5,3.5,Jul/14/2010 18:18:48
656780,2012.REP.NOM.PENCE,Mike Pence to be Republican Presidential Nominee in 2012,2,4.0,Jul/14/2010 18:18:48
656780,2012.REP.NOM.PENCE,Mike Pence to be Republican Presidential Nominee in 2012,4,4.9,Jul/14/2010 18:33:35
656780,2012.REP.NOM.PENCE,Mike Pence to be Republican Presidential Nominee in 2012,5,4.9,Jul/14/2010 18:33:35
656780,2012.REP.NOM.PENCE,Mike Pence to be Republican Presidential Nominee in 2012,5,5.0,Jul/14/2010 18:33:35
656780,2012.REP.NOM.PENCE,Mike Pence to be Republican Presidential Nominee in 2012,3,4.5,Aug/23/2010 03:27:37
656780,2012.REP.NOM.PENCE,Mike Pence to be Republican Presidential Nominee in 2012,2,4.7,Aug/23/2010 03:28:12
656780,2012.REP.NOM.PENCE,Mike Pence to be Republican Presidential Nominee in 2012,8,4.7,Sep/20/2010 17:53:36
656780,2012.REP.NOM.PENCE,Mike Pence to be Republican Presidential Nominee in 2012,1,5.0,Sep/20/2010 17:53:36
656780,2012.REP.NOM.PENCE,Mike Pence to be Republican Presidential Nominee in 2012,5,4.6,Sep/20/2010 17:53:36
656780,2012.REP.NOM.PENCE,Mike Pence to be Republican Presidential Nominee in 2012,5,4.5,Sep/20/2010 17:53:36
656780,2012.REP.NOM.PENCE,Mike Pence to be Republican Presidential Nominee in 2012,1,6.1,Oct/20/2010 20:51:34
656780,2012.REP.NOM.PENCE,Mike Pence to be Republican Presidential Nominee in 2012,1,6.1,Oct/27/2010 02:43:47
656780,2012.REP.NOM.PENCE,Mike Pence to be Republican Presidential Nominee in 2012,1,6.1,Nov/02/2010 17:22:45
656780,2012.REP.NOM.PENCE,Mike Pence to be Republican Presidential Nominee in 2012,32,5.5,Nov/02/2010 18:50:29
656780,2012.REP.NOM.PENCE,Mike Pence to be Republican Presidential Nominee in 2012,2,5.6,Nov/02/2010 18:50:29
656780,2012.REP.NOM.PENCE,Mike Pence to be Republican Presidential Nominee in 2012,5,6.0,Nov/02/2010 18:50:29
656780,2012.REP.NOM.PENCE,Mike Pence to be Republican Presidential Nominee in 2012,1,5.7,Nov/03/2010 21:16:42
656780,2012.REP.NOM.PENCE,Mike Pence to be Republican Presidential Nominee in 2012,111,5.7,Nov/03/2010 21:16:42
656780,2012.REP.NOM.PENCE,Mike Pence to be Republican Presidential Nominee in 2012,50,5.6,Nov/03/2010 21:16:55
656780,2012.REP.NOM.PENCE,Mike Pence to be Republican Presidential Nominee in 2012,414,5.5,Nov/03/2010 21:17:15
656780,2012.REP.NOM.PENCE,Mike Pence to be Republican Presidential Nominee in 2012,50,5.6,Nov/04/2010 00:07:15
656780,2012.REP.NOM.PENCE,Mike Pence to be Republican Presidential Nominee in 2012,1,5.6,Nov/05/2010 15:01:52
656780,2012.REP.NOM.PENCE,Mike Pence to be Republican Presidential Nominee in 2012,1,5.6,Nov/05/2010 15:11:01
656780,2012.REP.NOM.PENCE,Mike Pence to be Republican Presidential Nominee in 2012,3,5.6,Nov/05/2010 15:30:15
656780,2012.REP.NOM.PENCE,Mike Pence to be Republican Presidential Nominee in 2012,2,5.5,Nov/05/2010 15:30:15
656780,2012.REP.NOM.PENCE,Mike Pence to be Republican Presidential Nominee in 2012,5,5.5,Nov/05/2010 16:07:42
656780,2012.REP.NOM.PENCE,Mike Pence to be Republican Presidential Nominee in 2012,8,5.5,Nov/05/2010 16:21:48
656780,2012.REP.NOM.PENCE,Mike Pence to be Republican Presidential Nominee in 2012,71,5.5,Nov/05/2010 17:48:57
656780,2012.REP.NOM.PENCE,Mike Pence to be Republican Presidential Nominee in 2012,78,5.5,Nov/05/2010 17:50:56
656780,2012.REP.NOM.PENCE,Mike Pence to be Republican Presidential Nominee in 2012,9,5.5,Nov/05/2010 17:53:39
656780,2012.REP.NOM.PENCE,Mike Pence to be Republican Presidential Nominee in 2012,2,3.0,Nov/05/2010 18:00:37
656780,2012.REP.NOM.PENCE,Mike Pence to be Republican Presidential Nominee in 2012,5,2.0,Nov/05/2010 22:21:57
656780,2012.REP.NOM.PENCE,Mike Pence to be Republican Presidential Nominee in 2012,40,1.2,Nov/05/2010 22:26:27
656780,2012.REP.NOM.PENCE,Mike Pence to be Republican Presidential Nominee in 2012,5,4.5,Nov/06/2010 15:55:42
656780,2012.REP.NOM.PENCE,Mike Pence to be Republican Presidential Nominee in 2012,5,4.9,Nov/06/2010 15:55:42
656780,2012.REP.NOM.PENCE,Mike Pence to be Republican Presidential Nominee in 2012,37,1.7,Nov/06/2010 21:37:19
656780,2012.REP.NOM.PENCE,Mike Pence to be Republican Presidential Nominee in 2012,10,1.8,Nov/06/2010 21:37:19
656780,2012.REP.NOM.PENCE,Mike Pence to be Republican Presidential Nominee in 2012,3,2.0,Nov/06/2010 21:37:19
656780,2012.REP.NOM.PENCE,Mike Pence to be Republican Presidential Nominee in 2012,20,2.0,Nov/07/2010 21:41:40
656780,2012.REP.NOM.PENCE,Mike Pence to be Republican Presidential Nominee in 2012,20,1.4,Nov/08/2010 06:10:33
656780,2012.REP.NOM.PENCE,Mike Pence to be Republican Presidential Nominee in 2012,5,1.2,Nov/08/2010 11:41:38
656780,2012.REP.NOM.PENCE,Mike Pence to be Republican Presidential Nominee in 2012,10,1.5,Nov/09/2010 21:22:01
656780,2012.REP.NOM.PENCE,Mike Pence to be Republican Presidential Nominee in 2012,5,1.3,Nov/09/2010 21:22:01
656780,2012.REP.NOM.PENCE,Mike Pence to be Republican Presidential Nominee in 2012,18,0.7,Nov/09/2010 21:22:01
656780,2012.REP.NOM.PENCE,Mike Pence to be Republican Presidential Nominee in 2012,1,1.1,Nov/09/2010 21:22:01
656780,2012.REP.NOM.PENCE,Mike Pence to be Republican Presidential Nominee in 2012,1,1.0,Nov/09/2010 21:22:01
656780,2012.REP.NOM.PENCE,Mike Pence to be Republican Presidential Nominee in 2012,5,1.2,Nov/09/2010 21:22:01
656780,2012.REP.NOM.PENCE,Mike Pence to be Republican Presidential Nominee in 2012,29,1.2,Nov/10/2010 06:54:40
656780,2012.REP.NOM.PENCE,Mike Pence to be Republican Presidential Nominee in 2012,4,1.2,Nov/10/2010 17:23:28
656780,2012.REP.NOM.PENCE,Mike Pence to be Republican Presidential Nominee in 2012,2,1.1,Nov/10/2010 17:23:28
656780,2012.REP.NOM.PENCE,Mike Pence to be Republican Presidential Nominee in 2012,8,1.3,Nov/11/2010 07:51:56
656780,2012.REP.NOM.PENCE,Mike Pence to be Republican Presidential Nominee in 2012,5,1.5,Nov/11/2010 18:01:47
656780,2012.REP.NOM.PENCE,Mike Pence to be Republican Presidential Nominee in 2012,10,1.4,Nov/15/2010 08:03:10
656780,2012.REP.NOM.PENCE,Mike Pence to be Republican Presidential Nominee in 2012,10,1.2,Nov/15/2010 08:03:10
656780,2012.REP.NOM.PENCE,Mike Pence to be Republican Presidential Nominee in 2012,10,1.3,Nov/15/2010 08:03:10
656780,2012.REP.NOM.PENCE,Mike Pence to be Republican Presidential Nominee in 2012,6,1.2,Nov/15/2010 08:03:10
656780,2012.REP.NOM.PENCE,Mike Pence to be Republican Presidential Nominee in 2012,5,1.5,Nov/15/2010 08:03:10
656780,2012.REP.NOM.PENCE,Mike Pence to be Republican Presidential Nominee in 2012,2,1.3,Nov/15/2010 08:03:10
656780,2012.REP.NOM.PENCE,Mike Pence to be Republican Presidential Nominee in 2012,10,1.5,Nov/15/2010 08:03:10
656780,2012.REP.NOM.PENCE,Mike Pence to be Republican Presidential Nominee in 2012,1,1.5,Nov/15/2010 19:11:15
656780,2012.REP.NOM.PENCE,Mike Pence to be Republican Presidential Nominee in 2012,17,1.3,Nov/16/2010 07:19:42
656780,2012.REP.NOM.PENCE,Mike Pence to be Republican Presidential Nominee in 2012,1,1.3,Nov/16/2010 09:41:41
656780,2012.REP.NOM.PENCE,Mike Pence to be Republican Presidential Nominee in 2012,1,1.3,Nov/16/2010 09:41:45
656780,2012.REP.NOM.PENCE,Mike Pence to be Republican Presidential Nominee in 2012,1,1.3,Nov/16/2010 09:41:49
656780,2012.REP.NOM.PENCE,Mike Pence to be Republican Presidential Nominee in 2012,1,1.2,Nov/16/2010 09:42:14
656780,2012.REP.NOM.PENCE,Mike Pence to be Republican Presidential Nominee in 2012,1,1.2,Nov/16/2010 09:42:18
656780,2012.REP.NOM.PENCE,Mike Pence to be Republican Presidential Nominee in 2012,1,1.2,Nov/16/2010 09:42:21
656780,2012.REP.NOM.PENCE,Mike Pence to be Republican Presidential Nominee in 2012,1,1.2,Nov/16/2010 09:42:24
656780,2012.REP.NOM.PENCE,Mike Pence to be Republican Presidential Nominee in 2012,1,1.2,Nov/16/2010 09:42:30
656780,2012.REP.NOM.PENCE,Mike Pence to be Republican Presidential Nominee in 2012,1,1.2,Nov/16/2010 09:42:36
656780,2012.REP.NOM.PENCE,Mike Pence to be Republican Presidential Nominee in 2012,1,1.2,Nov/16/2010 09:42:39
656780,2012.REP.NOM.PENCE,Mike Pence to be Republican Presidential Nominee in 2012,1,1.2,Nov/16/2010 09:42:43
656780,2012.REP.NOM.PENCE,Mike Pence to be Republican Presidential Nominee in 2012,1,1.2,Nov/16/2010 09:42:50
656780,2012.REP.NOM.PENCE,Mike Pence to be Republican Presidential Nominee in 2012,1,1.2,Nov/16/2010 09:42:54
656780,2012.REP.NOM.PENCE,Mike Pence to be Republican Presidential Nominee in 2012,1,1.4,Nov/16/2010 16:34:43
656780,2012.REP.NOM.PENCE,Mike Pence to be Republican Presidential Nominee in 2012,9,1.4,Nov/16/2010 17:39:38
656780,2012.REP.NOM.PENCE,Mike Pence to be Republican Presidential Nominee in 2012,10,1.1,Nov/17/2010 07:36:28
656780,2012.REP.NOM.PENCE,Mike Pence to be Republican Presidential Nominee in 2012,10,1.1,Nov/17/2010 07:36:28
656780,2012.REP.NOM.PENCE,Mike Pence to be Republican Presidential Nominee in 2012,10,1.1,Nov/17/2010 07:36:28
656780,2012.REP.NOM.PENCE,Mike Pence to be Republican Presidential Nominee in 2012,4,1.2,Nov/17/2010 07:36:28
656780,2012.REP.NOM.PENCE,Mike Pence to be Republican Presidential Nominee in 2012,10,1.1,Nov/17/2010 07:36:28
656780,2012.REP.NOM.PENCE,Mike Pence to be Republican Presidential Nominee in 2012,10,1.1,Nov/19/2010 08:32:39
656780,2012.REP.NOM.PENCE,Mike Pence to be Republican Presidential Nominee in 2012,10,1.1,Nov/19/2010 08:32:44
656780,2012.REP.NOM.PENCE,Mike Pence to be Republican Presidential Nominee in 2012,1,1.0,Nov/19/2010 19:17:48
656780,2012.REP.NOM.PENCE,Mike Pence to be Republican Presidential Nominee in 2012,3,1.0,Nov/19/2010 19:18:11
656780,2012.REP.NOM.PENCE,Mike Pence to be Republican Presidential Nominee in 2012,9,1.0,Nov/19/2010 19:18:11
656780,2012.REP.NOM.PENCE,Mike Pence to be Republican Presidential Nominee in 2012,10,1.0,Nov/20/2010 18:38:38
656780,2012.REP.NOM.PENCE,Mike Pence to be Republican Presidential Nominee in 2012,10,1.0,Nov/21/2010 08:46:22
656780,2012.REP.NOM.PENCE,Mike Pence to be Republican Presidential Nominee in 2012,24,1.1,Nov/21/2010 18:06:12
656780,2012.REP.NOM.PENCE,Mike Pence to be Republican Presidential Nominee in 2012,11,1.0,Nov/21/2010 23:02:38
656780,2012.REP.NOM.PENCE,Mike Pence to be Republican Presidential Nominee in 2012,3,1.2,Nov/22/2010 16:36:54
656780,2012.REP.NOM.PENCE,Mike Pence to be Republican Presidential Nominee in 2012,10,1.3,Nov/22/2010 16:36:54
656780,2012.REP.NOM.PENCE,Mike Pence to be Republican Presidential Nominee in 2012,10,1.2,Nov/22/2010 16:36:54
656780,2012.REP.NOM.PENCE,Mike Pence to be Republican Presidential Nominee in 2012,5,1.4,Nov/23/2010 03:37:53
656780,2012.REP.NOM.PENCE,Mike Pence to be Republican Presidential Nominee in 2012,8,1.4,Nov/23/2010 03:37:53
656780,2012.REP.NOM.PENCE,Mike Pence to be Republican Presidential Nominee in 2012,3,1.5,Nov/23/2010 03:37:53
656780,2012.REP.NOM.PENCE,Mike Pence to be Republican Presidential Nominee in 2012,4,1.5,Nov/23/2010 03:37:53
656780,2012.REP.NOM.PENCE,Mike Pence to be Republican Presidential Nominee in 2012,10,1.2,Nov/23/2010 16:39:47
656780,2012.REP.NOM.PENCE,Mike Pence to be Republican Presidential Nominee in 2012,5,1.1,Nov/23/2010 16:39:47
656780,2012.REP.NOM.PENCE,Mike Pence to be Republican Presidential Nominee in 2012,30,1.3,Nov/24/2010 10:16:52
656780,2012.REP.NOM.PENCE,Mike Pence to be Republican Presidential Nominee in 2012,10,1.1,Nov/24/2010 10:16:52
656780,2012.REP.NOM.PENCE,Mike Pence to be Republican Presidential Nominee in 2012,10,4.7,Dec/27/2010 16:23:36
656780,2012.REP.NOM.PENCE,Mike Pence to be Republican Presidential Nominee in 2012,3,4.8,Dec/27/2010 16:23:36
656780,2012.REP.NOM.PENCE,Mike Pence to be Republican Presidential Nominee in 2012,6,4.7,Dec/27/2010 16:23:36
656780,2012.REP.NOM.PENCE,Mike Pence to be Republican Presidential Nominee in 2012,76,4.7,Dec/27/2010 16:23:36
656780,2012.REP.NOM.PENCE,Mike Pence to be Republican Presidential Nominee in 2012,5,4.7,Dec/27/2010 16:23:36
656780,2012.REP.NOM.PENCE,Mike Pence to be Republican Presidential Nominee in 2012,5,4.7,Dec/29/2010 14:06:40
656780,2012.REP.NOM.PENCE,Mike Pence to be Republican Presidential Nominee in 2012,4,4.6,Dec/29/2010 14:06:40
656780,2012.REP.NOM.PENCE,Mike Pence to be Republican Presidential Nominee in 2012,1,4.6,Dec/29/2010 14:06:40
656780,2012.REP.NOM.PENCE,Mike Pence to be Republican Presidential Nominee in 2012,5,4.9,Dec/29/2010 17:41:48
656780,2012.REP.NOM.PENCE,Mike Pence to be Republican Presidential Nominee in 2012,5,4.8,Dec/29/2010 17:41:48
656780,2012.REP.NOM.PENCE,Mike Pence to be Republican Presidential Nominee in 2012,5,4.8,Dec/29/2010 17:41:48
656780,2012.REP.NOM.PENCE,Mike Pence to be Republican Presidential Nominee in 2012,5,4.8,Dec/29/2010 17:41:48
656780,2012.REP.NOM.PENCE,Mike Pence to be Republican Presidential Nominee in 2012,2,4.8,Dec/29/2010 17:41:48
656780,2012.REP.NOM.PENCE,Mike Pence to be Republican Presidential Nominee in 2012,5,4.9,Dec/29/2010 17:41:48
656780,2012.REP.NOM.PENCE,Mike Pence to be Republican Presidential Nominee in 2012,12,5.0,Dec/29/2010 22:45:56
656780,2012.REP.NOM.PENCE,Mike Pence to be Republican Presidential Nominee in 2012,1,5.1,Jan/01/2011 19:27:36
656780,2012.REP.NOM.PENCE,Mike Pence to be Republican Presidential Nominee in 2012,1,5.2,Jan/02/2011 05:18:33
656780,2012.REP.NOM.PENCE,Mike Pence to be Republican Presidential Nominee in 2012,1,5.2,Jan/02/2011 16:28:53
656780,2012.REP.NOM.PENCE,Mike Pence to be Republican Presidential Nominee in 2012,1,5.1,Jan/02/2011 20:08:10
656780,2012.REP.NOM.PENCE,Mike Pence to be Republican Presidential Nominee in 2012,5,5.1,Jan/03/2011 12:30:53
656780,2012.REP.NOM.PENCE,Mike Pence to be Republican Presidential Nominee in 2012,5,5.1,Jan/03/2011 12:30:58
656780,2012.REP.NOM.PENCE,Mike Pence to be Republican Presidential Nominee in 2012,9,5.2,Jan/03/2011 12:39:40
656780,2012.REP.NOM.PENCE,Mike Pence to be Republican Presidential Nominee in 2012,10,5.2,Jan/03/2011 15:21:53
656780,2012.REP.NOM.PENCE,Mike Pence to be Republican Presidential Nominee in 2012,8,5.2,Jan/03/2011 15:54:14
656780,2012.REP.NOM.PENCE,Mike Pence to be Republican Presidential Nominee in 2012,5,5.2,Jan/03/2011 15:56:20
656780,2012.REP.NOM.PENCE,Mike Pence to be Republican Presidential Nominee in 2012,5,5.2,Jan/03/2011 16:29:53
656780,2012.REP.NOM.PENCE,Mike Pence to be Republican Presidential Nominee in 2012,1,5.2,Jan/03/2011 18:16:15
656780,2012.REP.NOM.PENCE,Mike Pence to be Republican Presidential Nominee in 2012,10,5.2,Jan/03/2011 18:19:17
656780,2012.REP.NOM.PENCE,Mike Pence to be Republican Presidential Nominee in 2012,2,5.2,Jan/03/2011 18:24:38
656780,2012.REP.NOM.PENCE,Mike Pence to be Republican Presidential Nominee in 2012,3,5.1,Jan/03/2011 18:24:38
656780,2012.REP.NOM.PENCE,Mike Pence to be Republican Presidential Nominee in 2012,10,5.1,Jan/03/2011 23:40:26
656780,2012.REP.NOM.PENCE,Mike Pence to be Republican Presidential Nominee in 2012,10,5.1,Jan/04/2011 13:41:16
656780,2012.REP.NOM.PENCE,Mike Pence to be Republican Presidential Nominee in 2012,1,5.1,Jan/04/2011 14:26:06
656780,2012.REP.NOM.PENCE,Mike Pence to be Republican Presidential Nominee in 2012,2,5.1,Jan/04/2011 14:26:06
656780,2012.REP.NOM.PENCE,Mike Pence to be Republican Presidential Nominee in 2012,11,5.0,Jan/04/2011 14:27:31
656780,2012.REP.NOM.PENCE,Mike Pence to be Republican Presidential Nominee in 2012,25,5.0,Jan/04/2011 14:27:31
656780,2012.REP.NOM.PENCE,Mike Pence to be Republican Presidential Nominee in 2012,40,5.0,Jan/04/2011 14:27:31
656780,2012.REP.NOM.PENCE,Mike Pence to be Republican Presidential Nominee in 2012,1,4.9,Jan/04/2011 14:28:10
656780,2012.REP.NOM.PENCE,Mike Pence to be Republican Presidential Nominee in 2012,10,4.6,Jan/04/2011 14:38:22
656780,2012.REP.NOM.PENCE,Mike Pence to be Republican Presidential Nominee in 2012,30,4.6,Jan/04/2011 15:01:20
656780,2012.REP.NOM.PENCE,Mike Pence to be Republican Presidential Nominee in 2012,14,4.5,Jan/04/2011 15:02:08
656780,2012.REP.NOM.PENCE,Mike Pence to be Republican Presidential Nominee in 2012,10,4.5,Jan/04/2011 15:32:06
656780,2012.REP.NOM.PENCE,Mike Pence to be Republican Presidential Nominee in 2012,6,4.5,Jan/04/2011 15:33:15
656780,2012.REP.NOM.PENCE,Mike Pence to be Republican Presidential Nominee in 2012,5,4.5,Jan/04/2011 15:52:18
656780,2012.REP.NOM.PENCE,Mike Pence to be Republican Presidential Nominee in 2012,1,4.6,Jan/04/2011 17:23:47
656780,2012.REP.NOM.PENCE,Mike Pence to be Republican Presidential Nominee in 2012,5,4.5,Jan/04/2011 18:01:10
656780,2012.REP.NOM.PENCE,Mike Pence to be Republican Presidential Nominee in 2012,2,4.6,Jan/04/2011 18:01:10
656780,2012.REP.NOM.PENCE,Mike Pence to be Republican Presidential Nominee in 2012,2,4.2,Jan/04/2011 18:34:30
656780,2012.REP.NOM.PENCE,Mike Pence to be Republican Presidential Nominee in 2012,8,4.3,Jan/04/2011 18:34:30
656780,2012.REP.NOM.PENCE,Mike Pence to be Republican Presidential Nominee in 2012,18,4.1,Jan/04/2011 19:37:42
656780,2012.REP.NOM.PENCE,Mike Pence to be Republican Presidential Nominee in 2012,16,4.2,Jan/04/2011 19:37:42
656780,2012.REP.NOM.PENCE,Mike Pence to be Republican Presidential Nominee in 2012,6,4.1,Jan/04/2011 19:37:42
656780,2012.REP.NOM.PENCE,Mike Pence to be Republican Presidential Nominee in 2012,5,4.1,Jan/04/2011 22:31:19
656780,2012.REP.NOM.PENCE,Mike Pence to be Republican Presidential Nominee in 2012,5,4.1,Jan/05/2011 14:50:25
656780,2012.REP.NOM.PENCE,Mike Pence to be Republican Presidential Nominee in 2012,10,4.1,Jan/05/2011 15:37:46
656780,2012.REP.NOM.PENCE,Mike Pence to be Republican Presidential Nominee in 2012,3,4.0,Jan/05/2011 19:52:05
656780,2012.REP.NOM.PENCE,Mike Pence to be Republican Presidential Nominee in 2012,4,4.0,Jan/05/2011 21:19:37
656780,2012.REP.NOM.PENCE,Mike Pence to be Republican Presidential Nominee in 2012,16,4.0,Jan/05/2011 21:19:37
656780,2012.REP.NOM.PENCE,Mike Pence to be Republican Presidential Nominee in 2012,10,4.1,Jan/06/2011 21:48:50
656780,2012.REP.NOM.PENCE,Mike Pence to be Republican Presidential Nominee in 2012,5,4.2,Jan/06/2011 21:51:01
656780,2012.REP.NOM.PENCE,Mike Pence to be Republican Presidential Nominee in 2012,10,4.2,Jan/06/2011 21:51:01
656780,2012.REP.NOM.PENCE,Mike Pence to be Republican Presidential Nominee in 2012,10,4.2,Jan/07/2011 14:45:43
656780,2012.REP.NOM.PENCE,Mike Pence to be Republican Presidential Nominee in 2012,1,4.1,Jan/08/2011 17:40:18
656780,2012.REP.NOM.PENCE,Mike Pence to be Republican Presidential Nominee in 2012,6,4.1,Jan/08/2011 17:40:25
656780,2012.REP.NOM.PENCE,Mike Pence to be Republican Presidential Nominee in 2012,1,4.1,Jan/08/2011 17:47:44
656780,2012.REP.NOM.PENCE,Mike Pence to be Republican Presidential Nominee in 2012,2,4.1,Jan/08/2011 17:47:50
656780,2012.REP.NOM.PENCE,Mike Pence to be Republican Presidential Nominee in 2012,10,4.1,Jan/08/2011 17:47:56
656780,2012.REP.NOM.PENCE,Mike Pence to be Republican Presidential Nominee in 2012,2,4.1,Jan/08/2011 17:48:02
656780,2012.REP.NOM.PENCE,Mike Pence to be Republican Presidential Nominee in 2012,4,4.1,Jan/08/2011 17:48:08
656780,2012.REP.NOM.PENCE,Mike Pence to be Republican Presidential Nominee in 2012,3,4.1,Jan/08/2011 17:48:14
656780,2012.REP.NOM.PENCE,Mike Pence to be Republican Presidential Nominee in 2012,1,4.1,Jan/08/2011 17:48:20
656780,2012.REP.NOM.PENCE,Mike Pence to be Republican Presidential Nominee in 2012,2,4.1,Jan/08/2011 17:48:26
656780,2012.REP.NOM.PENCE,Mike Pence to be Republican Presidential Nominee in 2012,1,4.1,Jan/08/2011 17:48:32
656780,2012.REP.NOM.PENCE,Mike Pence to be Republican Presidential Nominee in 2012,7,4.1,Jan/08/2011 17:48:37
656780,2012.REP.NOM.PENCE,Mike Pence to be Republican Presidential Nominee in 2012,1,4.1,Jan/08/2011 17:48:37
656780,2012.REP.NOM.PENCE,Mike Pence to be Republican Presidential Nominee in 2012,2,4.0,Jan/08/2011 17:48:37
656780,2012.REP.NOM.PENCE,Mike Pence to be Republican Presidential Nominee in 2012,4,4.0,Jan/08/2011 17:48:44
656780,2012.REP.NOM.PENCE,Mike Pence to be Republican Presidential Nominee in 2012,2,4.0,Jan/08/2011 17:48:50
656780,2012.REP.NOM.PENCE,Mike Pence to be Republican Presidential Nominee in 2012,1,4.0,Jan/08/2011 17:48:56
656780,2012.REP.NOM.PENCE,Mike Pence to be Republican Presidential Nominee in 2012,10,4.0,Jan/08/2011 17:49:02
656780,2012.REP.NOM.PENCE,Mike Pence to be Republican Presidential Nominee in 2012,2,4.0,Jan/08/2011 18:06:08
656780,2012.REP.NOM.PENCE,Mike Pence to be Republican Presidential Nominee in 2012,10,4.0,Jan/08/2011 23:49:46
656780,2012.REP.NOM.PENCE,Mike Pence to be Republican Presidential Nominee in 2012,1,4.0,Jan/10/2011 00:58:11
656780,2012.REP.NOM.PENCE,Mike Pence to be Republican Presidential Nominee in 2012,10,4.0,Jan/10/2011 15:08:53
656780,2012.REP.NOM.PENCE,Mike Pence to be Republican Presidential Nominee in 2012,10,4.0,Jan/10/2011 17:42:34
656780,2012.REP.NOM.PENCE,Mike Pence to be Republican Presidential Nominee in 2012,35,4.0,Jan/10/2011 18:07:47
656780,2012.REP.NOM.PENCE,Mike Pence to be Republican Presidential Nominee in 2012,10,4.0,Jan/10/2011 18:09:54
656780,2012.REP.NOM.PENCE,Mike Pence to be Republican Presidential Nominee in 2012,10,4.0,Jan/10/2011 20:07:53
656780,2012.REP.NOM.PENCE,Mike Pence to be Republican Presidential Nominee in 2012,24,4.0,Jan/10/2011 21:20:20
656780,2012.REP.NOM.PENCE,Mike Pence to be Republican Presidential Nominee in 2012,200,3.9,Jan/10/2011 21:20:20
656780,2012.REP.NOM.PENCE,Mike Pence to be Republican Presidential Nominee in 2012,100,3.8,Jan/10/2011 21:20:20
656780,2012.REP.NOM.PENCE,Mike Pence to be Republican Presidential Nominee in 2012,50,3.8,Jan/10/2011 21:20:20
656780,2012.REP.NOM.PENCE,Mike Pence to be Republican Presidential Nominee in 2012,5,3.8,Jan/10/2011 21:59:13
656780,2012.REP.NOM.PENCE,Mike Pence to be Republican Presidential Nominee in 2012,20,3.4,Jan/12/2011 12:57:28
656780,2012.REP.NOM.PENCE,Mike Pence to be Republican Presidential Nominee in 2012,10,3.5,Jan/12/2011 12:59:32
656780,2012.REP.NOM.PENCE,Mike Pence to be Republican Presidential Nominee in 2012,5,3.5,Jan/12/2011 19:09:34
656780,2012.REP.NOM.PENCE,Mike Pence to be Republican Presidential Nominee in 2012,10,3.5,Jan/12/2011 19:23:56
656780,2012.REP.NOM.PENCE,Mike Pence to be Republican Presidential Nominee in 2012,10,3.5,Jan/12/2011 20:23:51
656780,2012.REP.NOM.PENCE,Mike Pence to be Republican Presidential Nominee in 2012,10,3.5,Jan/12/2011 21:06:49
656780,2012.REP.NOM.PENCE,Mike Pence to be Republican Presidential Nominee in 2012,5,3.5,Jan/13/2011 01:30:29
656780,2012.REP.NOM.PENCE,Mike Pence to be Republican Presidential Nominee in 2012,15,3.5,Jan/13/2011 01:30:29
656780,2012.REP.NOM.PENCE,Mike Pence to be Republican Presidential Nominee in 2012,5,3.4,Jan/13/2011 03:26:04
656780,2012.REP.NOM.PENCE,Mike Pence to be Republican Presidential Nominee in 2012,10,3.4,Jan/13/2011 03:28:21
656780,2012.REP.NOM.PENCE,Mike Pence to be Republican Presidential Nominee in 2012,2,3.5,Jan/15/2011 14:13:40
656780,2012.REP.NOM.PENCE,Mike Pence to be Republican Presidential Nominee in 2012,1,3.5,Jan/15/2011 14:13:40
656780,2012.REP.NOM.PENCE,Mike Pence to be Republican Presidential Nominee in 2012,10,3.5,Jan/15/2011 16:44:03
656780,2012.REP.NOM.PENCE,Mike Pence to be Republican Presidential Nominee in 2012,37,3.5,Jan/16/2011 01:42:54
656780,2012.REP.NOM.PENCE,Mike Pence to be Republican Presidential Nominee in 2012,65,3.4,Jan/17/2011 10:37:59
656780,2012.REP.NOM.PENCE,Mike Pence to be Republican Presidential Nominee in 2012,19,3.3,Jan/17/2011 10:37:59
656780,2012.REP.NOM.PENCE,Mike Pence to be Republican Presidential Nominee in 2012,1,3.5,Jan/17/2011 13:25:21
656780,2012.REP.NOM.PENCE,Mike Pence to be Republican Presidential Nominee in 2012,9,3.6,Jan/17/2011 13:25:21
656780,2012.REP.NOM.PENCE,Mike Pence to be Republican Presidential Nominee in 2012,10,3.6,Jan/17/2011 13:25:21
656780,2012.REP.NOM.PENCE,Mike Pence to be Republican Presidential Nominee in 2012,35,3.4,Jan/17/2011 16:15:15
656780,2012.REP.NOM.PENCE,Mike Pence to be Republican Presidential Nominee in 2012,1,3.1,Jan/17/2011 20:11:40
656780,2012.REP.NOM.PENCE,Mike Pence to be Republican Presidential Nominee in 2012,1,3.2,Jan/17/2011 21:22:09
656780,2012.REP.NOM.PENCE,Mike Pence to be Republican Presidential Nominee in 2012,10,3.2,Jan/18/2011 19:13:29
656780,2012.REP.NOM.PENCE,Mike Pence to be Republican Presidential Nominee in 2012,7,3.6,Jan/19/2011 13:32:33
656780,2012.REP.NOM.PENCE,Mike Pence to be Republican Presidential Nominee in 2012,1,3.5,Jan/19/2011 13:32:33
656780,2012.REP.NOM.PENCE,Mike Pence to be Republican Presidential Nominee in 2012,1,3.3,Jan/19/2011 13:32:33
656780,2012.REP.NOM.PENCE,Mike Pence to be Republican Presidential Nominee in 2012,1,3.6,Jan/19/2011 13:32:33
656780,2012.REP.NOM.PENCE,Mike Pence to be Republican Presidential Nominee in 2012,1,3.2,Jan/19/2011 13:52:57
656780,2012.REP.NOM.PENCE,Mike Pence to be Republican Presidential Nominee in 2012,1,3.2,Jan/19/2011 13:53:03
656780,2012.REP.NOM.PENCE,Mike Pence to be Republican Presidential Nominee in 2012,2,3.2,Jan/19/2011 13:53:34
656780,2012.REP.NOM.PENCE,Mike Pence to be Republican Presidential Nominee in 2012,10,3.2,Jan/19/2011 15:23:12
656780,2012.REP.NOM.PENCE,Mike Pence to be Republican Presidential Nominee in 2012,2,3.1,Jan/19/2011 23:23:57
656780,2012.REP.NOM.PENCE,Mike Pence to be Republican Presidential Nominee in 2012,5,3.1,Jan/20/2011 15:03:55
656780,2012.REP.NOM.PENCE,Mike Pence to be Republican Presidential Nominee in 2012,4,3.1,Jan/20/2011 15:04:27
656780,2012.REP.NOM.PENCE,Mike Pence to be Republican Presidential Nominee in 2012,1,3.1,Jan/20/2011 15:07:50
656780,2012.REP.NOM.PENCE,Mike Pence to be Republican Presidential Nominee in 2012,1,3.1,Jan/20/2011 15:07:56
656780,2012.REP.NOM.PENCE,Mike Pence to be Republican Presidential Nominee in 2012,1,3.1,Jan/20/2011 15:08:26
656780,2012.REP.NOM.PENCE,Mike Pence to be Republican Presidential Nominee in 2012,1,3.1,Jan/20/2011 15:08:32
656780,2012.REP.NOM.PENCE,Mike Pence to be Republican Presidential Nominee in 2012,3,3.1,Jan/20/2011 15:09:07
656780,2012.REP.NOM.PENCE,Mike Pence to be Republican Presidential Nominee in 2012,2,3.1,Jan/20/2011 15:10:17
656780,2012.REP.NOM.PENCE,Mike Pence to be Republican Presidential Nominee in 2012,3,3.1,Jan/20/2011 15:10:23
656780,2012.REP.NOM.PENCE,Mike Pence to be Republican Presidential Nominee in 2012,3,3.1,Jan/20/2011 15:10:53
656780,2012.REP.NOM.PENCE,Mike Pence to be Republican Presidential Nominee in 2012,4,3.2,Jan/20/2011 19:38:22
656780,2012.REP.NOM.PENCE,Mike Pence to be Republican Presidential Nominee in 2012,2,3.2,Jan/20/2011 20:10:51
656780,2012.REP.NOM.PENCE,Mike Pence to be Republican Presidential Nominee in 2012,2,3.2,Jan/21/2011 02:19:09
656780,2012.REP.NOM.PENCE,Mike Pence to be Republican Presidential Nominee in 2012,12,3.2,Jan/21/2011 04:33:32
656780,2012.REP.NOM.PENCE,Mike Pence to be Republican Presidential Nominee in 2012,5,3.1,Jan/21/2011 04:33:51
656780,2012.REP.NOM.PENCE,Mike Pence to be Republican Presidential Nominee in 2012,10,3.1,Jan/21/2011 04:35:53
656780,2012.REP.NOM.PENCE,Mike Pence to be Republican Presidential Nominee in 2012,2,3.2,Jan/21/2011 05:15:51
656780,2012.REP.NOM.PENCE,Mike Pence to be Republican Presidential Nominee in 2012,3,3.6,Jan/21/2011 15:19:43
656780,2012.REP.NOM.PENCE,Mike Pence to be Republican Presidential Nominee in 2012,5,3.6,Jan/21/2011 15:19:43
656780,2012.REP.NOM.PENCE,Mike Pence to be Republican Presidential Nominee in 2012,2,3.2,Jan/21/2011 15:19:43
656780,2012.REP.NOM.PENCE,Mike Pence to be Republican Presidential Nominee in 2012,10,3.1,Jan/21/2011 15:53:39
656780,2012.REP.NOM.PENCE,Mike Pence to be Republican Presidential Nominee in 2012,10,3.7,Jan/21/2011 16:29:58
656780,2012.REP.NOM.PENCE,Mike Pence to be Republican Presidential Nominee in 2012,10,3.7,Jan/21/2011 16:29:58
656780,2012.REP.NOM.PENCE,Mike Pence to be Republican Presidential Nominee in 2012,5,3.6,Jan/21/2011 16:29:58
656780,2012.REP.NOM.PENCE,Mike Pence to be Republican Presidential Nominee in 2012,10,3.7,Jan/21/2011 16:29:58
656780,2012.REP.NOM.PENCE,Mike Pence to be Republican Presidential Nominee in 2012,10,3.7,Jan/21/2011 16:29:58
656780,2012.REP.NOM.PENCE,Mike Pence to be Republican Presidential Nominee in 2012,10,3.7,Jan/21/2011 16:29:58
656780,2012.REP.NOM.PENCE,Mike Pence to be Republican Presidential Nominee in 2012,3,3.2,Jan/21/2011 16:29:58
656780,2012.REP.NOM.PENCE,Mike Pence to be Republican Presidential Nominee in 2012,10,3.6,Jan/21/2011 16:29:58
656780,2012.REP.NOM.PENCE,Mike Pence to be Republican Presidential Nominee in 2012,10,3.6,Jan/21/2011 16:29:58
656780,2012.REP.NOM.PENCE,Mike Pence to be Republican Presidential Nominee in 2012,10,3.7,Jan/21/2011 16:29:58
656780,2012.REP.NOM.PENCE,Mike Pence to be Republican Presidential Nominee in 2012,20,4.0,Jan/21/2011 16:29:58
656780,2012.REP.NOM.PENCE,Mike Pence to be Republican Presidential Nominee in 2012,10,3.7,Jan/21/2011 16:29:58
656780,2012.REP.NOM.PENCE,Mike Pence to be Republican Presidential Nominee in 2012,10,3.7,Jan/21/2011 16:29:58
656780,2012.REP.NOM.PENCE,Mike Pence to be Republican Presidential Nominee in 2012,10,4.5,Jan/21/2011 16:46:44
656780,2012.REP.NOM.PENCE,Mike Pence to be Republican Presidential Nominee in 2012,10,4.6,Jan/21/2011 16:46:44
656780,2012.REP.NOM.PENCE,Mike Pence to be Republican Presidential Nominee in 2012,10,4.4,Jan/21/2011 16:46:44
656780,2012.REP.NOM.PENCE,Mike Pence to be Republican Presidential Nominee in 2012,10,4.3,Jan/21/2011 16:46:44
656780,2012.REP.NOM.PENCE,Mike Pence to be Republican Presidential Nominee in 2012,10,4.5,Jan/21/2011 16:46:44
656780,2012.REP.NOM.PENCE,Mike Pence to be Republican Presidential Nominee in 2012,10,4.9,Jan/21/2011 16:47:29
656780,2012.REP.NOM.PENCE,Mike Pence to be Republican Presidential Nominee in 2012,10,4.9,Jan/21/2011 16:47:29
656780,2012.REP.NOM.PENCE,Mike Pence to be Republican Presidential Nominee in 2012,10,4.7,Jan/21/2011 16:47:29
656780,2012.REP.NOM.PENCE,Mike Pence to be Republican Presidential Nominee in 2012,4,4.7,Jan/21/2011 16:47:29
656780,2012.REP.NOM.PENCE,Mike Pence to be Republican Presidential Nominee in 2012,10,4.8,Jan/21/2011 16:47:29
656780,2012.REP.NOM.PENCE,Mike Pence to be Republican Presidential Nominee in 2012,6,4.9,Jan/21/2011 16:47:29
656780,2012.REP.NOM.PENCE,Mike Pence to be Republican Presidential Nominee in 2012,1,4.9,Jan/21/2011 18:04:39
656780,2012.REP.NOM.PENCE,Mike Pence to be Republican Presidential Nominee in 2012,3,4.9,Jan/21/2011 18:15:22
656780,2012.REP.NOM.PENCE,Mike Pence to be Republican Presidential Nominee in 2012,5,5.2,Jan/21/2011 18:15:22
656780,2012.REP.NOM.PENCE,Mike Pence to be Republican Presidential Nominee in 2012,2,5.2,Jan/21/2011 18:15:22
656780,2012.REP.NOM.PENCE,Mike Pence to be Republican Presidential Nominee in 2012,1,4.1,Jan/21/2011 19:22:27
656780,2012.REP.NOM.PENCE,Mike Pence to be Republican Presidential Nominee in 2012,4,4.1,Jan/21/2011 19:23:37
656780,2012.REP.NOM.PENCE,Mike Pence to be Republican Presidential Nominee in 2012,4,4.1,Jan/21/2011 19:24:08
656780,2012.REP.NOM.PENCE,Mike Pence to be Republican Presidential Nominee in 2012,1,4.1,Jan/21/2011 19:24:43
656780,2012.REP.NOM.PENCE,Mike Pence to be Republican Presidential Nominee in 2012,1,4.1,Jan/21/2011 19:26:13
656780,2012.REP.NOM.PENCE,Mike Pence to be Republican Presidential Nominee in 2012,2,4.1,Jan/21/2011 19:26:19
656780,2012.REP.NOM.PENCE,Mike Pence to be Republican Presidential Nominee in 2012,2,4.1,Jan/21/2011 19:26:21
656780,2012.REP.NOM.PENCE,Mike Pence to be Republican Presidential Nominee in 2012,2,4.1,Jan/21/2011 21:52:06
656780,2012.REP.NOM.PENCE,Mike Pence to be Republican Presidential Nominee in 2012,2,4.1,Jan/22/2011 00:01:33
656780,2012.REP.NOM.PENCE,Mike Pence to be Republican Presidential Nominee in 2012,8,4.1,Jan/22/2011 00:08:05
656780,2012.REP.NOM.PENCE,Mike Pence to be Republican Presidential Nominee in 2012,3,4.1,Jan/22/2011 00:08:11
656780,2012.REP.NOM.PENCE,Mike Pence to be Republican Presidential Nominee in 2012,10,3.5,Jan/22/2011 03:58:50
656780,2012.REP.NOM.PENCE,Mike Pence to be Republican Presidential Nominee in 2012,5,3.6,Jan/23/2011 13:57:28
656780,2012.REP.NOM.PENCE,Mike Pence to be Republican Presidential Nominee in 2012,1,3.6,Jan/23/2011 16:18:29
656780,2012.REP.NOM.PENCE,Mike Pence to be Republican Presidential Nominee in 2012,1,3.6,Jan/23/2011 16:19:00
656780,2012.REP.NOM.PENCE,Mike Pence to be Republican Presidential Nominee in 2012,1,3.6,Jan/23/2011 16:19:25
656780,2012.REP.NOM.PENCE,Mike Pence to be Republican Presidential Nominee in 2012,1,3.6,Jan/23/2011 16:19:32
656780,2012.REP.NOM.PENCE,Mike Pence to be Republican Presidential Nominee in 2012,1,3.6,Jan/23/2011 16:19:38
656780,2012.REP.NOM.PENCE,Mike Pence to be Republican Presidential Nominee in 2012,1,3.6,Jan/23/2011 16:19:59
656780,2012.REP.NOM.PENCE,Mike Pence to be Republican Presidential Nominee in 2012,1,3.6,Jan/23/2011 16:20:55
656780,2012.REP.NOM.PENCE,Mike Pence to be Republican Presidential Nominee in 2012,1,3.6,Jan/23/2011 16:21:00
656780,2012.REP.NOM.PENCE,Mike Pence to be Republican Presidential Nominee in 2012,1,3.6,Jan/23/2011 16:21:06
656780,2012.REP.NOM.PENCE,Mike Pence to be Republican Presidential Nominee in 2012,1,3.6,Jan/23/2011 16:21:43
656780,2012.REP.NOM.PENCE,Mike Pence to be Republican Presidential Nominee in 2012,5,3.7,Jan/24/2011 22:06:41
656780,2012.REP.NOM.PENCE,Mike Pence to be Republican Presidential Nominee in 2012,1,3.7,Jan/25/2011 11:31:16
656780,2012.REP.NOM.PENCE,Mike Pence to be Republican Presidential Nominee in 2012,2,3.7,Jan/25/2011 11:31:22
656780,2012.REP.NOM.PENCE,Mike Pence to be Republican Presidential Nominee in 2012,2,3.7,Jan/25/2011 11:31:28
656780,2012.REP.NOM.PENCE,Mike Pence to be Republican Presidential Nominee in 2012,2,3.7,Jan/25/2011 11:31:34
656780,2012.REP.NOM.PENCE,Mike Pence to be Republican Presidential Nominee in 2012,4,3.8,Jan/25/2011 19:39:09
656780,2012.REP.NOM.PENCE,Mike Pence to be Republican Presidential Nominee in 2012,3,4.1,Jan/25/2011 21:10:02
656780,2012.REP.NOM.PENCE,Mike Pence to be Republican Presidential Nominee in 2012,2,4.0,Jan/25/2011 23:07:19
656780,2012.REP.NOM.PENCE,Mike Pence to be Republican Presidential Nominee in 2012,30,4.0,Jan/25/2011 23:10:19
656780,2012.REP.NOM.PENCE,Mike Pence to be Republican Presidential Nominee in 2012,1,4.0,Jan/25/2011 23:10:46
656780,2012.REP.NOM.PENCE,Mike Pence to be Republican Presidential Nominee in 2012,10,4.0,Jan/26/2011 00:23:49
656780,2012.REP.NOM.PENCE,Mike Pence to be Republican Presidential Nominee in 2012,10,4.0,Jan/26/2011 00:27:43
656780,2012.REP.NOM.PENCE,Mike Pence to be Republican Presidential Nominee in 2012,43,4.0,Jan/26/2011 00:30:12
656780,2012.REP.NOM.PENCE,Mike Pence to be Republican Presidential Nominee in 2012,3,3.8,Jan/26/2011 11:27:29
656780,2012.REP.NOM.PENCE,Mike Pence to be Republican Presidential Nominee in 2012,1,3.8,Jan/26/2011 20:14:41
656780,2012.REP.NOM.PENCE,Mike Pence to be Republican Presidential Nominee in 2012,5,3.7,Jan/26/2011 22:02:03
656780,2012.REP.NOM.PENCE,Mike Pence to be Republican Presidential Nominee in 2012,33,3.7,Jan/26/2011 23:23:43
656780,2012.REP.NOM.PENCE,Mike Pence to be Republican Presidential Nominee in 2012,240,3.5,Jan/26/2011 23:23:43
656780,2012.REP.NOM.PENCE,Mike Pence to be Republican Presidential Nominee in 2012,6,3.1,Jan/27/2011 20:47:29
656780,2012.REP.NOM.PENCE,Mike Pence to be Republican Presidential Nominee in 2012,6,3.0,Jan/27/2011 20:47:29
656780,2012.REP.NOM.PENCE,Mike Pence to be Republican Presidential Nominee in 2012,50,3.2,Jan/27/2011 21:27:53
656780,2012.REP.NOM.PENCE,Mike Pence to be Republican Presidential Nominee in 2012,94,3.0,Jan/27/2011 21:28:04
656780,2012.REP.NOM.PENCE,Mike Pence to be Republican Presidential Nominee in 2012,86,2.6,Jan/27/2011 21:28:25
656780,2012.REP.NOM.PENCE,Mike Pence to be Republican Presidential Nominee in 2012,80,2.5,Jan/27/2011 21:28:49
656780,2012.REP.NOM.PENCE,Mike Pence to be Republican Presidential Nominee in 2012,78,2.5,Jan/27/2011 21:28:49
656780,2012.REP.NOM.PENCE,Mike Pence to be Republican Presidential Nominee in 2012,1,2.5,Jan/27/2011 21:30:02
656780,2012.REP.NOM.PENCE,Mike Pence to be Republican Presidential Nominee in 2012,21,2.5,Jan/27/2011 21:40:05
656780,2012.REP.NOM.PENCE,Mike Pence to be Republican Presidential Nominee in 2012,21,1.0,Jan/27/2011 21:54:33
656780,2012.REP.NOM.PENCE,Mike Pence to be Republican Presidential Nominee in 2012,5,0.9,Jan/27/2011 21:54:33
656780,2012.REP.NOM.PENCE,Mike Pence to be Republican Presidential Nominee in 2012,2,0.4,Jan/27/2011 21:57:37
656780,2012.REP.NOM.PENCE,Mike Pence to be Republican Presidential Nominee in 2012,1,0.4,Jan/27/2011 21:57:37
656780,2012.REP.NOM.PENCE,Mike Pence to be Republican Presidential Nominee in 2012,2,0.4,Jan/27/2011 21:58:18
656780,2012.REP.NOM.PENCE,Mike Pence to be Republican Presidential Nominee in 2012,2,0.2,Jan/27/2011 21:58:18
656780,2012.REP.NOM.PENCE,Mike Pence to be Republican Presidential Nominee in 2012,6,0.2,Jan/27/2011 21:58:18
656780,2012.REP.NOM.PENCE,Mike Pence to be Republican Presidential Nominee in 2012,3,0.2,Jan/27/2011 22:15:15
656780,2012.REP.NOM.PENCE,Mike Pence to be Republican Presidential Nominee in 2012,10,0.1,Jan/27/2011 22:15:15
656780,2012.REP.NOM.PENCE,Mike Pence to be Republican Presidential Nominee in 2012,10,0.1,Jan/27/2011 22:15:15
656780,2012.REP.NOM.PENCE,Mike Pence to be Republican Presidential Nominee in 2012,8,0.2,Jan/27/2011 22:15:15
656780,2012.REP.NOM.PENCE,Mike Pence to be Republican Presidential Nominee in 2012,10,0.1,Jan/27/2011 22:26:53
656780,2012.REP.NOM.PENCE,Mike Pence to be Republican Presidential Nominee in 2012,69,0.1,Jan/27/2011 22:26:53
656780,2012.REP.NOM.PENCE,Mike Pence to be Republican Presidential Nominee in 2012,90,0.1,Jan/27/2011 22:46:25
656780,2012.REP.NOM.PENCE,Mike Pence to be Republican Presidential Nominee in 2012,25,0.1,Jan/27/2011 23:06:56
656780,2012.REP.NOM.PENCE,Mike Pence to be Republican Presidential Nominee in 2012,25,0.2,Jan/28/2011 01:37:10
656780,2012.REP.NOM.PENCE,Mike Pence to be Republican Presidential Nominee in 2012,55,0.2,Jan/28/2011 01:37:10
656780,2012.REP.NOM.PENCE,Mike Pence to be Republican Presidential Nominee in 2012,20,0.2,Jan/28/2011 01:37:10
656780,2012.REP.NOM.PENCE,Mike Pence to be Republican Presidential Nominee in 2012,126,0.1,Jan/28/2011 04:31:57
656780,2012.REP.NOM.PENCE,Mike Pence to be Republican Presidential Nominee in 2012,10,0.2,Jan/28/2011 18:59:12
656780,2012.REP.NOM.PENCE,Mike Pence to be Republican Presidential Nominee in 2012,25,0.2,Jan/28/2011 18:59:12
656780,2012.REP.NOM.PENCE,Mike Pence to be Republican Presidential Nominee in 2012,25,0.2,Jan/28/2011 18:59:12
656780,2012.REP.NOM.PENCE,Mike Pence to be Republican Presidential Nominee in 2012,10,0.1,Jan/29/2011 06:25:32
656780,2012.REP.NOM.PENCE,Mike Pence to be Republican Presidential Nominee in 2012,500,0.2,Jan/30/2011 22:20:51
656780,2012.REP.NOM.PENCE,Mike Pence to be Republican Presidential Nominee in 2012,8,0.2,Jan/30/2011 22:20:51
656780,2012.REP.NOM.PENCE,Mike Pence to be Republican Presidential Nominee in 2012,25,0.2,Jan/30/2011 22:20:51
656780,2012.REP.NOM.PENCE,Mike Pence to be Republican Presidential Nominee in 2012,10,0.2,Jan/30/2011 22:20:51
656780,2012.REP.NOM.PENCE,Mike Pence to be Republican Presidential Nominee in 2012,116,0.2,Jan/30/2011 22:20:51
656780,2012.REP.NOM.PENCE,Mike Pence to be Republican Presidential Nominee in 2012,10,0.2,Jan/30/2011 22:20:51
656780,2012.REP.NOM.PENCE,Mike Pence to be Republican Presidential Nominee in 2012,10,0.2,Jan/30/2011 22:20:51
656780,2012.REP.NOM.PENCE,Mike Pence to be Republican Presidential Nominee in 2012,10,0.2,Jan/30/2011 22:20:51
656780,2012.REP.NOM.PENCE,Mike Pence to be Republican Presidential Nominee in 2012,25,0.2,Jan/30/2011 22:20:51
656780,2012.REP.NOM.PENCE,Mike Pence to be Republican Presidential Nominee in 2012,10,0.2,Jan/30/2011 22:20:51
656780,2012.REP.NOM.PENCE,Mike Pence to be Republican Presidential Nominee in 2012,10,0.2,Jan/30/2011 22:20:51
656780,2012.REP.NOM.PENCE,Mike Pence to be Republican Presidential Nominee in 2012,18,0.2,Feb/01/2011 22:27:05
656780,2012.REP.NOM.PENCE,Mike Pence to be Republican Presidential Nominee in 2012,20,0.2,Feb/03/2011 03:57:50
656780,2012.REP.NOM.PENCE,Mike Pence to be Republican Presidential Nominee in 2012,10,0.2,Feb/03/2011 04:04:02
656780,2012.REP.NOM.PENCE,Mike Pence to be Republican Presidential Nominee in 2012,20,0.2,Feb/03/2011 04:53:50
656780,2012.REP.NOM.PENCE,Mike Pence to be Republican Presidential Nominee in 2012,20,0.2,Feb/03/2011 05:05:24
656780,2012.REP.NOM.PENCE,Mike Pence to be Republican Presidential Nominee in 2012,10,0.2,Feb/03/2011 05:09:56
656780,2012.REP.NOM.PENCE,Mike Pence to be Republican Presidential Nominee in 2012,1,0.2,Feb/03/2011 22:20:30
656780,2012.REP.NOM.PENCE,Mike Pence to be Republican Presidential Nominee in 2012,20,0.2,Feb/04/2011 03:43:21
656780,2012.REP.NOM.PENCE,Mike Pence to be Republican Presidential Nominee in 2012,1,0.2,Feb/04/2011 22:04:10
656780,2012.REP.NOM.PENCE,Mike Pence to be Republican Presidential Nominee in 2012,20,0.2,Feb/04/2011 22:46:22
656780,2012.REP.NOM.PENCE,Mike Pence to be Republican Presidential Nominee in 2012,10,0.2,Feb/05/2011 16:25:57
656780,2012.REP.NOM.PENCE,Mike Pence to be Republican Presidential Nominee in 2012,10,0.3,Feb/06/2011 01:48:58
656780,2012.REP.NOM.PENCE,Mike Pence to be Republican Presidential Nominee in 2012,10,0.3,Feb/06/2011 01:48:58
656780,2012.REP.NOM.PENCE,Mike Pence to be Republican Presidential Nominee in 2012,10,0.3,Feb/06/2011 01:48:58
656780,2012.REP.NOM.PENCE,Mike Pence to be Republican Presidential Nominee in 2012,10,0.3,Feb/06/2011 01:48:58
656780,2012.REP.NOM.PENCE,Mike Pence to be Republican Presidential Nominee in 2012,10,0.3,Feb/06/2011 01:48:58
656780,2012.REP.NOM.PENCE,Mike Pence to be Republican Presidential Nominee in 2012,20,0.3,Feb/06/2011 01:48:58
656780,2012.REP.NOM.PENCE,Mike Pence to be Republican Presidential Nominee in 2012,20,0.3,Feb/06/2011 01:48:58
656780,2012.REP.NOM.PENCE,Mike Pence to be Republican Presidential Nominee in 2012,20,0.3,Feb/06/2011 01:48:58
656780,2012.REP.NOM.PENCE,Mike Pence to be Republican Presidential Nominee in 2012,20,0.3,Feb/06/2011 01:48:58
656780,2012.REP.NOM.PENCE,Mike Pence to be Republican Presidential Nominee in 2012,25,0.4,Feb/06/2011 01:48:58
656780,2012.REP.NOM.PENCE,Mike Pence to be Republican Presidential Nominee in 2012,10,0.3,Feb/06/2011 01:48:58
656780,2012.REP.NOM.PENCE,Mike Pence to be Republican Presidential Nominee in 2012,10,0.3,Feb/06/2011 01:48:58
656780,2012.REP.NOM.PENCE,Mike Pence to be Republican Presidential Nominee in 2012,25,0.3,Feb/06/2011 01:48:58
656780,2012.REP.NOM.PENCE,Mike Pence to be Republican Presidential Nominee in 2012,10,0.3,Feb/06/2011 01:48:58
656780,2012.REP.NOM.PENCE,Mike Pence to be Republican Presidential Nominee in 2012,1,0.5,Feb/06/2011 01:48:58
656780,2012.REP.NOM.PENCE,Mike Pence to be Republican Presidential Nominee in 2012,10,0.3,Feb/06/2011 01:48:58
656780,2012.REP.NOM.PENCE,Mike Pence to be Republican Presidential Nominee in 2012,1,0.3,Feb/06/2011 01:48:58
656780,2012.REP.NOM.PENCE,Mike Pence to be Republican Presidential Nominee in 2012,1,0.4,Feb/06/2011 01:48:58
656780,2012.REP.NOM.PENCE,Mike Pence to be Republican Presidential Nominee in 2012,10,0.3,Feb/06/2011 01:48:58
656780,2012.REP.NOM.PENCE,Mike Pence to be Republican Presidential Nominee in 2012,2,0.2,Feb/07/2011 21:45:40
656780,2012.REP.NOM.PENCE,Mike Pence to be Republican Presidential Nominee in 2012,1,0.2,Feb/07/2011 21:45:46
656780,2012.REP.NOM.PENCE,Mike Pence to be Republican Presidential Nominee in 2012,1,0.2,Feb/07/2011 21:45:52
656780,2012.REP.NOM.PENCE,Mike Pence to be Republican Presidential Nominee in 2012,1,0.2,Feb/07/2011 21:50:56
656780,2012.REP.NOM.PENCE,Mike Pence to be Republican Presidential Nominee in 2012,1,0.2,Feb/07/2011 21:51:02
656780,2012.REP.NOM.PENCE,Mike Pence to be Republican Presidential Nominee in 2012,1,0.2,Feb/09/2011 13:50:55
656780,2012.REP.NOM.PENCE,Mike Pence to be Republican Presidential Nominee in 2012,20,0.2,Feb/09/2011 15:44:54
656780,2012.REP.NOM.PENCE,Mike Pence to be Republican Presidential Nominee in 2012,20,0.2,Feb/10/2011 15:44:37
656780,2012.REP.NOM.PENCE,Mike Pence to be Republican Presidential Nominee in 2012,25,0.2,Feb/10/2011 15:58:13
656780,2012.REP.NOM.PENCE,Mike Pence to be Republican Presidential Nominee in 2012,20,0.2,Feb/11/2011 03:29:19
656780,2012.REP.NOM.PENCE,Mike Pence to be Republican Presidential Nominee in 2012,10,0.2,Feb/11/2011 15:30:11
656780,2012.REP.NOM.PENCE,Mike Pence to be Republican Presidential Nominee in 2012,3,0.2,Feb/11/2011 16:16:45
656780,2012.REP.NOM.PENCE,Mike Pence to be Republican Presidential Nominee in 2012,14,0.2,Feb/11/2011 16:16:45
656780,2012.REP.NOM.PENCE,Mike Pence to be Republican Presidential Nominee in 2012,10,0.2,Feb/15/2011 02:34:52
656780,2012.REP.NOM.PENCE,Mike Pence to be Republican Presidential Nominee in 2012,3,0.2,Feb/15/2011 02:34:52
656780,2012.REP.NOM.PENCE,Mike Pence to be Republican Presidential Nominee in 2012,10,0.2,Feb/15/2011 02:34:52
656780,2012.REP.NOM.PENCE,Mike Pence to be Republican Presidential Nominee in 2012,10,0.2,Feb/15/2011 02:34:52
656780,2012.REP.NOM.PENCE,Mike Pence to be Republican Presidential Nominee in 2012,17,0.2,Feb/15/2011 02:34:52
656780,2012.REP.NOM.PENCE,Mike Pence to be Republican Presidential Nominee in 2012,5,0.1,Feb/15/2011 13:01:40
656780,2012.REP.NOM.PENCE,Mike Pence to be Republican Presidential Nominee in 2012,20,0.2,Feb/16/2011 23:56:04
656780,2012.REP.NOM.PENCE,Mike Pence to be Republican Presidential Nominee in 2012,3,0.2,Feb/16/2011 23:56:04
656780,2012.REP.NOM.PENCE,Mike Pence to be Republican Presidential Nominee in 2012,17,0.2,Feb/16/2011 23:56:04
656780,2012.REP.NOM.PENCE,Mike Pence to be Republican Presidential Nominee in 2012,20,0.2,Feb/16/2011 23:56:04
656780,2012.REP.NOM.PENCE,Mike Pence to be Republican Presidential Nominee in 2012,20,0.2,Feb/16/2011 23:56:04
656780,2012.REP.NOM.PENCE,Mike Pence to be Republican Presidential Nominee in 2012,20,0.2,Feb/16/2011 23:56:04
656780,2012.REP.NOM.PENCE,Mike Pence to be Republican Presidential Nominee in 2012,1,0.1,Feb/17/2011 06:18:54
656780,2012.REP.NOM.PENCE,Mike Pence to be Republican Presidential Nominee in 2012,1,0.1,Feb/17/2011 14:52:31
656780,2012.REP.NOM.PENCE,Mike Pence to be Republican Presidential Nominee in 2012,1,0.1,Feb/17/2011 14:53:47
656780,2012.REP.NOM.PENCE,Mike Pence to be Republican Presidential Nominee in 2012,3,0.1,Feb/17/2011 14:53:57
656780,2012.REP.NOM.PENCE,Mike Pence to be Republican Presidential Nominee in 2012,4,0.1,Feb/17/2011 14:54:22
656780,2012.REP.NOM.PENCE,Mike Pence to be Republican Presidential Nominee in 2012,5,0.1,Feb/20/2011 07:30:28
656780,2012.REP.NOM.PENCE,Mike Pence to be Republican Presidential Nominee in 2012,12,0.2,Feb/20/2011 19:23:52
656780,2012.REP.NOM.PENCE,Mike Pence to be Republican Presidential Nominee in 2012,13,0.2,Feb/20/2011 19:23:52
656780,2012.REP.NOM.PENCE,Mike Pence to be Republican Presidential Nominee in 2012,25,0.2,Feb/20/2011 19:23:52
656780,2012.REP.NOM.PENCE,Mike Pence to be Republican Presidential Nominee in 2012,5,0.2,Feb/22/2011 04:37:42
656780,2012.REP.NOM.PENCE,Mike Pence to be Republican Presidential Nominee in 2012,1,0.1,Feb/22/2011 16:22:44
656780,2012.REP.NOM.PENCE,Mike Pence to be Republican Presidential Nominee in 2012,1,0.1,Feb/22/2011 16:22:49
656780,2012.REP.NOM.PENCE,Mike Pence to be Republican Presidential Nominee in 2012,300,0.1,Feb/28/2011 17:18:50
656780,2012.REP.NOM.PENCE,Mike Pence to be Republican Presidential Nominee in 2012,7,0.2,Feb/28/2011 18:41:53
656780,2012.REP.NOM.PENCE,Mike Pence to be Republican Presidential Nominee in 2012,10,0.2,Feb/28/2011 18:41:53
656780,2012.REP.NOM.PENCE,Mike Pence to be Republican Presidential Nominee in 2012,20,0.2,Feb/28/2011 18:41:53
656780,2012.REP.NOM.PENCE,Mike Pence to be Republican Presidential Nominee in 2012,20,0.2,Feb/28/2011 18:41:53
656780,2012.REP.NOM.PENCE,Mike Pence to be Republican Presidential Nominee in 2012,3,0.2,Feb/28/2011 18:41:53
656780,2012.REP.NOM.PENCE,Mike Pence to be Republican Presidential Nominee in 2012,20,0.2,Feb/28/2011 18:41:53
656780,2012.REP.NOM.PENCE,Mike Pence to be Republican Presidential Nominee in 2012,20,0.2,Feb/28/2011 18:41:53
656780,2012.REP.NOM.PENCE,Mike Pence to be Republican Presidential Nominee in 2012,5,0.2,Mar/03/2011 02:27:02
656780,2012.REP.NOM.PENCE,Mike Pence to be Republican Presidential Nominee in 2012,233,0.1,Mar/07/2011 04:11:00
656780,2012.REP.NOM.PENCE,Mike Pence to be Republican Presidential Nominee in 2012,1,0.1,Mar/08/2011 12:39:56
656780,2012.REP.NOM.PENCE,Mike Pence to be Republican Presidential Nominee in 2012,1,0.1,Mar/08/2011 12:41:45
656780,2012.REP.NOM.PENCE,Mike Pence to be Republican Presidential Nominee in 2012,1,0.1,Mar/08/2011 12:41:51
656780,2012.REP.NOM.PENCE,Mike Pence to be Republican Presidential Nominee in 2012,1,0.1,Mar/08/2011 12:43:32
656780,2012.REP.NOM.PENCE,Mike Pence to be Republican Presidential Nominee in 2012,1,0.1,Mar/14/2011 15:19:41
656780,2012.REP.NOM.PENCE,Mike Pence to be Republican Presidential Nominee in 2012,1,0.1,Mar/14/2011 15:19:46
656780,2012.REP.NOM.PENCE,Mike Pence to be Republican Presidential Nominee in 2012,2,0.1,Mar/14/2011 15:21:02
656780,2012.REP.NOM.PENCE,Mike Pence to be Republican Presidential Nominee in 2012,50,0.1,Mar/24/2011 20:32:54
656780,2012.REP.NOM.PENCE,Mike Pence to be Republican Presidential Nominee in 2012,16,0.1,Mar/24/2011 20:32:54
656780,2012.REP.NOM.PENCE,Mike Pence to be Republican Presidential Nominee in 2012,16,0.1,Mar/24/2011 20:32:54
656780,2012.REP.NOM.PENCE,Mike Pence to be Republican Presidential Nominee in 2012,50,0.1,Mar/24/2011 20:32:54
656780,2012.REP.NOM.PENCE,Mike Pence to be Republican Presidential Nominee in 2012,100,0.1,Mar/24/2011 20:32:54
656780,2012.REP.NOM.PENCE,Mike Pence to be Republican Presidential Nominee in 2012,12,0.1,Mar/24/2011 20:32:54
656780,2012.REP.NOM.PENCE,Mike Pence to be Republican Presidential Nominee in 2012,100,0.1,Mar/24/2011 20:32:54
656780,2012.REP.NOM.PENCE,Mike Pence to be Republican Presidential Nominee in 2012,141,0.1,Mar/24/2011 20:32:54
656780,2012.REP.NOM.PENCE,Mike Pence to be Republican Presidential Nominee in 2012,15,0.1,Mar/24/2011 20:32:54
656780,2012.REP.NOM.PENCE,Mike Pence to be Republican Presidential Nominee in 2012,20,0.2,Mar/24/2011 22:32:37
656780,2012.REP.NOM.PENCE,Mike Pence to be Republican Presidential Nominee in 2012,20,0.2,Mar/24/2011 22:32:37
656780,2012.REP.NOM.PENCE,Mike Pence to be Republican Presidential Nominee in 2012,8,0.2,Mar/24/2011 22:32:37
656780,2012.REP.NOM.PENCE,Mike Pence to be Republican Presidential Nominee in 2012,20,0.2,Mar/24/2011 22:32:37
656780,2012.REP.NOM.PENCE,Mike Pence to be Republican Presidential Nominee in 2012,20,0.2,Mar/24/2011 22:32:37
656780,2012.REP.NOM.PENCE,Mike Pence to be Republican Presidential Nominee in 2012,12,0.2,Mar/24/2011 22:32:37
656780,2012.REP.NOM.PENCE,Mike Pence to be Republican Presidential Nominee in 2012,2,0.2,Mar/28/2011 16:34:02
656780,2012.REP.NOM.PENCE,Mike Pence to be Republican Presidential Nominee in 2012,8,0.2,Mar/28/2011 16:34:02
656780,2012.REP.NOM.PENCE,Mike Pence to be Republican Presidential Nominee in 2012,10,0.2,Mar/28/2011 16:34:23
656780,2012.REP.NOM.PENCE,Mike Pence to be Republican Presidential Nominee in 2012,10,0.1,Apr/06/2011 23:18:06
656780,2012.REP.NOM.PENCE,Mike Pence to be Republican Presidential Nominee in 2012,1,0.1,Apr/06/2011 23:21:13
656780,2012.REP.NOM.PENCE,Mike Pence to be Republican Presidential Nominee in 2012,2,0.1,Apr/06/2011 23:21:19
656780,2012.REP.NOM.PENCE,Mike Pence to be Republican Presidential Nominee in 2012,2,0.1,Apr/06/2011 23:22:22
656780,2012.REP.NOM.PENCE,Mike Pence to be Republican Presidential Nominee in 2012,9,0.1,Apr/09/2011 14:46:07
656780,2012.REP.NOM.PENCE,Mike Pence to be Republican Presidential Nominee in 2012,20,0.2,Apr/12/2011 03:37:02
656780,2012.REP.NOM.PENCE,Mike Pence to be Republican Presidential Nominee in 2012,20,0.2,Apr/12/2011 03:37:02
656780,2012.REP.NOM.PENCE,Mike Pence to be Republican Presidential Nominee in 2012,20,0.2,Apr/12/2011 03:37:02
656780,2012.REP.NOM.PENCE,Mike Pence to be Republican Presidential Nominee in 2012,20,0.2,Apr/12/2011 03:37:02
656780,2012.REP.NOM.PENCE,Mike Pence to be Republican Presidential Nominee in 2012,300,0.2,Apr/12/2011 03:37:02
656780,2012.REP.NOM.PENCE,Mike Pence to be Republican Presidential Nominee in 2012,20,0.2,Apr/12/2011 03:37:02
656780,2012.REP.NOM.PENCE,Mike Pence to be Republican Presidential Nominee in 2012,20,0.2,Apr/12/2011 03:37:02
656780,2012.REP.NOM.PENCE,Mike Pence to be Republican Presidential Nominee in 2012,20,0.2,Apr/12/2011 03:37:02
656780,2012.REP.NOM.PENCE,Mike Pence to be Republican Presidential Nominee in 2012,20,0.2,Apr/12/2011 03:37:02
656780,2012.REP.NOM.PENCE,Mike Pence to be Republican Presidential Nominee in 2012,20,0.2,Apr/12/2011 03:37:02
656780,2012.REP.NOM.PENCE,Mike Pence to be Republican Presidential Nominee in 2012,150,0.2,Apr/12/2011 03:37:02
656780,2012.REP.NOM.PENCE,Mike Pence to be Republican Presidential Nominee in 2012,20,0.2,Apr/12/2011 03:37:02
656780,2012.REP.NOM.PENCE,Mike Pence to be Republican Presidential Nominee in 2012,20,0.2,Apr/12/2011 03:37:02
656780,2012.REP.NOM.PENCE,Mike Pence to be Republican Presidential Nominee in 2012,20,0.2,Apr/12/2011 03:37:02
656780,2012.REP.NOM.PENCE,Mike Pence to be Republican Presidential Nominee in 2012,135,0.2,Apr/12/2011 03:37:02
656780,2012.REP.NOM.PENCE,Mike Pence to be Republican Presidential Nominee in 2012,20,0.2,Apr/12/2011 03:37:02
656780,2012.REP.NOM.PENCE,Mike Pence to be Republican Presidential Nominee in 2012,20,0.2,Apr/12/2011 03:37:02
656780,2012.REP.NOM.PENCE,Mike Pence to be Republican Presidential Nominee in 2012,8,0.2,Apr/12/2011 03:37:02
656780,2012.REP.NOM.PENCE,Mike Pence to be Republican Presidential Nominee in 2012,20,0.2,Apr/12/2011 03:37:02
656780,2012.REP.NOM.PENCE,Mike Pence to be Republican Presidential Nominee in 2012,20,0.2,Apr/12/2011 03:37:02
656780,2012.REP.NOM.PENCE,Mike Pence to be Republican Presidential Nominee in 2012,5,0.2,Apr/12/2011 03:37:02
656780,2012.REP.NOM.PENCE,Mike Pence to be Republican Presidential Nominee in 2012,20,0.2,Apr/12/2011 03:37:02
656780,2012.REP.NOM.PENCE,Mike Pence to be Republican Presidential Nominee in 2012,20,0.2,Apr/12/2011 03:37:02
656780,2012.REP.NOM.PENCE,Mike Pence to be Republican Presidential Nominee in 2012,20,0.2,Apr/12/2011 03:37:02
656780,2012.REP.NOM.PENCE,Mike Pence to be Republican Presidential Nominee in 2012,2,0.2,Apr/12/2011 03:37:02
656780,2012.REP.NOM.PENCE,Mike Pence to be Republican Presidential Nominee in 2012,20,0.2,Apr/12/2011 03:37:02
656780,2012.REP.NOM.PENCE,Mike Pence to be Republican Presidential Nominee in 2012,420,0.1,Apr/13/2011 17:06:51
656780,2012.REP.NOM.PENCE,Mike Pence to be Republican Presidential Nominee in 2012,160,0.1,Apr/13/2011 17:06:51
656780,2012.REP.NOM.PENCE,Mike Pence to be Republican Presidential Nominee in 2012,200,0.1,Apr/13/2011 17:06:51
656780,2012.REP.NOM.PENCE,Mike Pence to be Republican Presidential Nominee in 2012,400,0.1,Apr/13/2011 17:06:51
656780,2012.REP.NOM.PENCE,Mike Pence to be Republican Presidential Nominee in 2012,5,0.1,Apr/13/2011 17:06:51
656780,2012.REP.NOM.PENCE,Mike Pence to be Republican Presidential Nominee in 2012,150,0.1,Apr/13/2011 17:06:51
656780,2012.REP.NOM.PENCE,Mike Pence to be Republican Presidential Nominee in 2012,80,0.2,Apr/14/2011 01:47:25
656780,2012.REP.NOM.PENCE,Mike Pence to be Republican Presidential Nominee in 2012,20,0.2,Apr/14/2011 01:47:25
656780,2012.REP.NOM.PENCE,Mike Pence to be Republican Presidential Nominee in 2012,200,0.1,Apr/25/2011 02:57:29
656780,2012.REP.NOM.PENCE,Mike Pence to be Republican Presidential Nominee in 2012,200,0.1,Apr/25/2011 03:00:27
656780,2012.REP.NOM.PENCE,Mike Pence to be Republican Presidential Nominee in 2012,3,0.1,May/03/2011 08:44:37
656780,2012.REP.NOM.PENCE,Mike Pence to be Republican Presidential Nominee in 2012,200,0.1,May/12/2011 16:00:02
656780,2012.REP.NOM.PENCE,Mike Pence to be Republican Presidential Nominee in 2012,50,0.1,May/13/2011 15:54:12
656780,2012.REP.NOM.PENCE,Mike Pence to be Republican Presidential Nominee in 2012,16,0.1,May/13/2011 21:16:29
656780,2012.REP.NOM.PENCE,Mike Pence to be Republican Presidential Nominee in 2012,1,0.1,Jun/16/2011 01:10:37
656780,2012.REP.NOM.PENCE,Mike Pence to be Republican Presidential Nominee in 2012,1,0.1,Jun/16/2011 01:29:21
656780,2012.REP.NOM.PENCE,Mike Pence to be Republican Presidential Nominee in 2012,11,0.1,Jun/27/2011 23:13:44
656780,2012.REP.NOM.PENCE,Mike Pence to be Republican Presidential Nominee in 2012,20,0.1,Jul/04/2011 01:47:40
656780,2012.REP.NOM.PENCE,Mike Pence to be Republican Presidential Nominee in 2012,110,0.1,Sep/01/2011 21:02:40
656780,2012.REP.NOM.PENCE,Mike Pence to be Republican Presidential Nominee in 2012,1,0.1,Sep/23/2011 18:27:53
656780,2012.REP.NOM.PENCE,Mike Pence to be Republican Presidential Nominee in 2012,3062,0.1,Nov/09/2011 13:13:59
656780,2012.REP.NOM.PENCE,Mike Pence to be Republican Presidential Nominee in 2012,1,0.1,Nov/09/2011 14:17:44
656780,2012.REP.NOM.PENCE,Mike Pence to be Republican Presidential Nominee in 2012,1,0.1,Nov/09/2011 14:17:58
656780,2012.REP.NOM.PENCE,Mike Pence to be Republican Presidential Nominee in 2012,1,0.1,Nov/09/2011 14:18:09
656780,2012.REP.NOM.PENCE,Mike Pence to be Republican Presidential Nominee in 2012,1,0.1,Nov/09/2011 14:18:18
656780,2012.REP.NOM.PENCE,Mike Pence to be Republican Presidential Nominee in 2012,1,0.1,Nov/09/2011 14:18:27
656780,2012.REP.NOM.PENCE,Mike Pence to be Republican Presidential Nominee in 2012,1,0.1,Nov/09/2011 14:18:43
656780,2012.REP.NOM.PENCE,Mike Pence to be Republican Presidential Nominee in 2012,20,0.1,Dec/06/2011 17:22:03
656780,2012.REP.NOM.PENCE,Mike Pence to be Republican Presidential Nominee in 2012,10,0.1,Dec/07/2011 05:43:58
656780,2012.REP.NOM.PENCE,Mike Pence to be Republican Presidential Nominee in 2012,500,0.1,Dec/16/2011 20:25:42
656780,2012.REP.NOM.PENCE,Mike Pence to be Republican Presidential Nominee in 2012,200,0.1,Jan/21/2012 06:51:36
656780,2012.REP.NOM.PENCE,Mike Pence to be Republican Presidential Nominee in 2012,1,0.1,Jan/21/2012 17:26:48
656780,2012.REP.NOM.PENCE,Mike Pence to be Republican Presidential Nominee in 2012,500,0.1,Jan/21/2012 18:19:28
656780,2012.REP.NOM.PENCE,Mike Pence to be Republican Presidential Nominee in 2012,100,0.1,Jan/22/2012 21:24:53
