market id,market symbol,market name,trade quantity,trade price,date/time [utc]
741970,2012.REP.NOM.TRUMP,Donald Trump to be Republican Presidential Nominee in 2012,10,0.2,Nov/05/2010 17:48:57
741970,2012.REP.NOM.TRUMP,Donald Trump to be Republican Presidential Nominee in 2012,61,0.1,Nov/05/2010 17:48:57
741970,2012.REP.NOM.TRUMP,Donald Trump to be Republican Presidential Nominee in 2012,78,0.1,Nov/05/2010 17:50:56
741970,2012.REP.NOM.TRUMP,Donald Trump to be Republican Presidential Nominee in 2012,9,0.1,Nov/05/2010 17:53:39
741970,2012.REP.NOM.TRUMP,Donald Trump to be Republican Presidential Nominee in 2012,2,0.1,Nov/05/2010 18:00:37
741970,2012.REP.NOM.TRUMP,Donald Trump to be Republican Presidential Nominee in 2012,100,0.1,Nov/05/2010 20:35:47
741970,2012.REP.NOM.TRUMP,Donald Trump to be Republican Presidential Nominee in 2012,50,0.1,Nov/05/2010 20:37:01
741970,2012.REP.NOM.TRUMP,Donald Trump to be Republican Presidential Nominee in 2012,40,0.1,Nov/06/2010 04:12:58
741970,2012.REP.NOM.TRUMP,Donald Trump to be Republican Presidential Nominee in 2012,50,0.1,Nov/06/2010 21:37:19
741970,2012.REP.NOM.TRUMP,Donald Trump to be Republican Presidential Nominee in 2012,20,0.1,Nov/07/2010 21:41:40
741970,2012.REP.NOM.TRUMP,Donald Trump to be Republican Presidential Nominee in 2012,5,0.2,Nov/08/2010 03:33:28
741970,2012.REP.NOM.TRUMP,Donald Trump to be Republican Presidential Nominee in 2012,20,0.2,Nov/08/2010 06:10:33
741970,2012.REP.NOM.TRUMP,Donald Trump to be Republican Presidential Nominee in 2012,5,0.2,Nov/08/2010 11:41:38
741970,2012.REP.NOM.TRUMP,Donald Trump to be Republican Presidential Nominee in 2012,40,0.2,Nov/09/2010 21:22:01
741970,2012.REP.NOM.TRUMP,Donald Trump to be Republican Presidential Nominee in 2012,29,0.2,Nov/10/2010 06:54:40
741970,2012.REP.NOM.TRUMP,Donald Trump to be Republican Presidential Nominee in 2012,1,0.2,Nov/10/2010 17:23:28
741970,2012.REP.NOM.TRUMP,Donald Trump to be Republican Presidential Nominee in 2012,5,0.2,Nov/10/2010 17:23:28
741970,2012.REP.NOM.TRUMP,Donald Trump to be Republican Presidential Nominee in 2012,8,0.2,Nov/11/2010 07:51:56
741970,2012.REP.NOM.TRUMP,Donald Trump to be Republican Presidential Nominee in 2012,53,0.2,Nov/15/2010 08:03:10
741970,2012.REP.NOM.TRUMP,Donald Trump to be Republican Presidential Nominee in 2012,17,0.2,Nov/16/2010 07:19:42
741970,2012.REP.NOM.TRUMP,Donald Trump to be Republican Presidential Nominee in 2012,1,0.2,Nov/16/2010 09:41:41
741970,2012.REP.NOM.TRUMP,Donald Trump to be Republican Presidential Nominee in 2012,1,0.2,Nov/16/2010 09:41:45
741970,2012.REP.NOM.TRUMP,Donald Trump to be Republican Presidential Nominee in 2012,1,0.2,Nov/16/2010 09:41:49
741970,2012.REP.NOM.TRUMP,Donald Trump to be Republican Presidential Nominee in 2012,1,0.2,Nov/16/2010 09:42:14
741970,2012.REP.NOM.TRUMP,Donald Trump to be Republican Presidential Nominee in 2012,1,0.2,Nov/16/2010 09:42:18
741970,2012.REP.NOM.TRUMP,Donald Trump to be Republican Presidential Nominee in 2012,1,0.2,Nov/16/2010 09:42:21
741970,2012.REP.NOM.TRUMP,Donald Trump to be Republican Presidential Nominee in 2012,1,0.2,Nov/16/2010 09:42:24
741970,2012.REP.NOM.TRUMP,Donald Trump to be Republican Presidential Nominee in 2012,1,0.2,Nov/16/2010 09:42:30
741970,2012.REP.NOM.TRUMP,Donald Trump to be Republican Presidential Nominee in 2012,1,0.2,Nov/16/2010 09:42:36
741970,2012.REP.NOM.TRUMP,Donald Trump to be Republican Presidential Nominee in 2012,1,0.2,Nov/16/2010 09:42:39
741970,2012.REP.NOM.TRUMP,Donald Trump to be Republican Presidential Nominee in 2012,1,0.2,Nov/16/2010 09:42:43
741970,2012.REP.NOM.TRUMP,Donald Trump to be Republican Presidential Nominee in 2012,1,0.2,Nov/16/2010 09:42:50
741970,2012.REP.NOM.TRUMP,Donald Trump to be Republican Presidential Nominee in 2012,1,0.2,Nov/16/2010 09:42:54
741970,2012.REP.NOM.TRUMP,Donald Trump to be Republican Presidential Nominee in 2012,44,0.2,Nov/17/2010 07:36:28
741970,2012.REP.NOM.TRUMP,Donald Trump to be Republican Presidential Nominee in 2012,10,0.2,Nov/19/2010 08:32:39
741970,2012.REP.NOM.TRUMP,Donald Trump to be Republican Presidential Nominee in 2012,10,0.2,Nov/19/2010 08:32:44
741970,2012.REP.NOM.TRUMP,Donald Trump to be Republican Presidential Nominee in 2012,5,0.3,Nov/19/2010 10:11:17
741970,2012.REP.NOM.TRUMP,Donald Trump to be Republican Presidential Nominee in 2012,571,0.3,Nov/19/2010 16:35:02
741970,2012.REP.NOM.TRUMP,Donald Trump to be Republican Presidential Nominee in 2012,15,0.3,Nov/19/2010 16:35:02
741970,2012.REP.NOM.TRUMP,Donald Trump to be Republican Presidential Nominee in 2012,5,0.3,Nov/19/2010 16:35:02
741970,2012.REP.NOM.TRUMP,Donald Trump to be Republican Presidential Nominee in 2012,1,0.3,Nov/19/2010 19:17:48
741970,2012.REP.NOM.TRUMP,Donald Trump to be Republican Presidential Nominee in 2012,12,0.3,Nov/19/2010 19:18:11
741970,2012.REP.NOM.TRUMP,Donald Trump to be Republican Presidential Nominee in 2012,10,0.3,Nov/20/2010 18:38:38
741970,2012.REP.NOM.TRUMP,Donald Trump to be Republican Presidential Nominee in 2012,10,0.3,Nov/21/2010 08:46:22
741970,2012.REP.NOM.TRUMP,Donald Trump to be Republican Presidential Nominee in 2012,11,0.3,Nov/21/2010 23:02:38
741970,2012.REP.NOM.TRUMP,Donald Trump to be Republican Presidential Nominee in 2012,5,0.4,Nov/23/2010 14:37:49
741970,2012.REP.NOM.TRUMP,Donald Trump to be Republican Presidential Nominee in 2012,5,0.5,Nov/23/2010 14:37:49
741970,2012.REP.NOM.TRUMP,Donald Trump to be Republican Presidential Nominee in 2012,15,0.4,Nov/23/2010 14:37:49
741970,2012.REP.NOM.TRUMP,Donald Trump to be Republican Presidential Nominee in 2012,20,0.5,Nov/23/2010 14:37:49
741970,2012.REP.NOM.TRUMP,Donald Trump to be Republican Presidential Nominee in 2012,5,0.4,Nov/23/2010 14:37:49
741970,2012.REP.NOM.TRUMP,Donald Trump to be Republican Presidential Nominee in 2012,5,0.3,Nov/23/2010 16:39:47
741970,2012.REP.NOM.TRUMP,Donald Trump to be Republican Presidential Nominee in 2012,10,0.4,Nov/23/2010 16:39:47
741970,2012.REP.NOM.TRUMP,Donald Trump to be Republican Presidential Nominee in 2012,40,0.3,Nov/24/2010 10:16:52
741970,2012.REP.NOM.TRUMP,Donald Trump to be Republican Presidential Nominee in 2012,10,1.0,Dec/29/2010 14:06:40
741970,2012.REP.NOM.TRUMP,Donald Trump to be Republican Presidential Nominee in 2012,12,1.0,Dec/29/2010 22:45:56
741970,2012.REP.NOM.TRUMP,Donald Trump to be Republican Presidential Nominee in 2012,269,0.4,Jan/01/2011 14:14:00
741970,2012.REP.NOM.TRUMP,Donald Trump to be Republican Presidential Nominee in 2012,100,0.5,Jan/01/2011 14:14:00
741970,2012.REP.NOM.TRUMP,Donald Trump to be Republican Presidential Nominee in 2012,35,0.6,Jan/01/2011 14:14:00
741970,2012.REP.NOM.TRUMP,Donald Trump to be Republican Presidential Nominee in 2012,99,0.8,Jan/01/2011 14:14:00
741970,2012.REP.NOM.TRUMP,Donald Trump to be Republican Presidential Nominee in 2012,97,0.6,Jan/01/2011 14:14:00
741970,2012.REP.NOM.TRUMP,Donald Trump to be Republican Presidential Nominee in 2012,100,0.4,Jan/01/2011 14:14:26
741970,2012.REP.NOM.TRUMP,Donald Trump to be Republican Presidential Nominee in 2012,75,0.5,Jan/02/2011 05:04:32
741970,2012.REP.NOM.TRUMP,Donald Trump to be Republican Presidential Nominee in 2012,8,0.5,Jan/02/2011 05:59:33
741970,2012.REP.NOM.TRUMP,Donald Trump to be Republican Presidential Nominee in 2012,20,0.5,Jan/02/2011 15:16:19
741970,2012.REP.NOM.TRUMP,Donald Trump to be Republican Presidential Nominee in 2012,20,0.5,Jan/02/2011 15:19:56
741970,2012.REP.NOM.TRUMP,Donald Trump to be Republican Presidential Nominee in 2012,27,0.5,Jan/02/2011 15:20:13
741970,2012.REP.NOM.TRUMP,Donald Trump to be Republican Presidential Nominee in 2012,50,0.5,Jan/02/2011 15:20:13
741970,2012.REP.NOM.TRUMP,Donald Trump to be Republican Presidential Nominee in 2012,50,0.5,Jan/03/2011 02:53:07
741970,2012.REP.NOM.TRUMP,Donald Trump to be Republican Presidential Nominee in 2012,10,0.4,Jan/03/2011 03:56:55
741970,2012.REP.NOM.TRUMP,Donald Trump to be Republican Presidential Nominee in 2012,32,0.4,Jan/03/2011 04:45:53
741970,2012.REP.NOM.TRUMP,Donald Trump to be Republican Presidential Nominee in 2012,75,0.4,Jan/03/2011 04:45:53
741970,2012.REP.NOM.TRUMP,Donald Trump to be Republican Presidential Nominee in 2012,125,0.4,Jan/03/2011 04:45:53
741970,2012.REP.NOM.TRUMP,Donald Trump to be Republican Presidential Nominee in 2012,432,0.5,Jan/03/2011 08:46:26
741970,2012.REP.NOM.TRUMP,Donald Trump to be Republican Presidential Nominee in 2012,68,0.4,Jan/03/2011 08:46:26
741970,2012.REP.NOM.TRUMP,Donald Trump to be Republican Presidential Nominee in 2012,1,0.4,Jan/03/2011 18:16:15
741970,2012.REP.NOM.TRUMP,Donald Trump to be Republican Presidential Nominee in 2012,18,0.5,Jan/04/2011 18:29:40
741970,2012.REP.NOM.TRUMP,Donald Trump to be Republican Presidential Nominee in 2012,10,0.5,Jan/04/2011 18:29:40
741970,2012.REP.NOM.TRUMP,Donald Trump to be Republican Presidential Nominee in 2012,10,0.6,Jan/04/2011 18:29:40
741970,2012.REP.NOM.TRUMP,Donald Trump to be Republican Presidential Nominee in 2012,10,0.5,Jan/04/2011 18:29:40
741970,2012.REP.NOM.TRUMP,Donald Trump to be Republican Presidential Nominee in 2012,39,0.7,Jan/05/2011 05:01:30
741970,2012.REP.NOM.TRUMP,Donald Trump to be Republican Presidential Nominee in 2012,10,0.8,Jan/05/2011 05:01:30
741970,2012.REP.NOM.TRUMP,Donald Trump to be Republican Presidential Nominee in 2012,10,0.8,Jan/05/2011 05:01:30
741970,2012.REP.NOM.TRUMP,Donald Trump to be Republican Presidential Nominee in 2012,5,0.7,Jan/05/2011 05:01:30
741970,2012.REP.NOM.TRUMP,Donald Trump to be Republican Presidential Nominee in 2012,10,0.7,Jan/05/2011 05:01:30
741970,2012.REP.NOM.TRUMP,Donald Trump to be Republican Presidential Nominee in 2012,10,0.8,Jan/05/2011 05:01:30
741970,2012.REP.NOM.TRUMP,Donald Trump to be Republican Presidential Nominee in 2012,10,0.9,Jan/05/2011 05:01:30
741970,2012.REP.NOM.TRUMP,Donald Trump to be Republican Presidential Nominee in 2012,300,0.9,Jan/05/2011 05:01:30
741970,2012.REP.NOM.TRUMP,Donald Trump to be Republican Presidential Nominee in 2012,10,0.8,Jan/05/2011 05:01:30
741970,2012.REP.NOM.TRUMP,Donald Trump to be Republican Presidential Nominee in 2012,10,0.8,Jan/05/2011 05:01:30
741970,2012.REP.NOM.TRUMP,Donald Trump to be Republican Presidential Nominee in 2012,5,0.6,Jan/05/2011 05:01:30
741970,2012.REP.NOM.TRUMP,Donald Trump to be Republican Presidential Nominee in 2012,10,0.6,Jan/05/2011 05:01:30
741970,2012.REP.NOM.TRUMP,Donald Trump to be Republican Presidential Nominee in 2012,10,0.8,Jan/05/2011 05:01:30
741970,2012.REP.NOM.TRUMP,Donald Trump to be Republican Presidential Nominee in 2012,2,1.2,Jan/05/2011 19:55:42
741970,2012.REP.NOM.TRUMP,Donald Trump to be Republican Presidential Nominee in 2012,1,1.1,Jan/05/2011 19:55:42
741970,2012.REP.NOM.TRUMP,Donald Trump to be Republican Presidential Nominee in 2012,10,1.0,Jan/06/2011 00:55:26
741970,2012.REP.NOM.TRUMP,Donald Trump to be Republican Presidential Nominee in 2012,10,1.0,Jan/07/2011 08:37:30
741970,2012.REP.NOM.TRUMP,Donald Trump to be Republican Presidential Nominee in 2012,8,1.3,Jan/07/2011 08:46:43
741970,2012.REP.NOM.TRUMP,Donald Trump to be Republican Presidential Nominee in 2012,10,1.5,Jan/07/2011 08:46:43
741970,2012.REP.NOM.TRUMP,Donald Trump to be Republican Presidential Nominee in 2012,100,1.2,Jan/07/2011 08:46:43
741970,2012.REP.NOM.TRUMP,Donald Trump to be Republican Presidential Nominee in 2012,200,1.5,Jan/07/2011 08:46:43
741970,2012.REP.NOM.TRUMP,Donald Trump to be Republican Presidential Nominee in 2012,100,1.4,Jan/07/2011 08:46:43
741970,2012.REP.NOM.TRUMP,Donald Trump to be Republican Presidential Nominee in 2012,18,1.1,Jan/07/2011 08:46:43
741970,2012.REP.NOM.TRUMP,Donald Trump to be Republican Presidential Nominee in 2012,10,1.1,Jan/07/2011 08:46:43
741970,2012.REP.NOM.TRUMP,Donald Trump to be Republican Presidential Nominee in 2012,1,1.9,Jan/07/2011 10:42:44
741970,2012.REP.NOM.TRUMP,Donald Trump to be Republican Presidential Nominee in 2012,1,0.6,Jan/07/2011 10:53:03
741970,2012.REP.NOM.TRUMP,Donald Trump to be Republican Presidential Nominee in 2012,5,1.0,Jan/08/2011 06:20:21
741970,2012.REP.NOM.TRUMP,Donald Trump to be Republican Presidential Nominee in 2012,5,1.0,Jan/08/2011 10:59:43
741970,2012.REP.NOM.TRUMP,Donald Trump to be Republican Presidential Nominee in 2012,10,1.5,Jan/08/2011 12:57:07
741970,2012.REP.NOM.TRUMP,Donald Trump to be Republican Presidential Nominee in 2012,40,1.5,Jan/08/2011 12:57:07
741970,2012.REP.NOM.TRUMP,Donald Trump to be Republican Presidential Nominee in 2012,11,1.4,Jan/08/2011 12:57:07
741970,2012.REP.NOM.TRUMP,Donald Trump to be Republican Presidential Nominee in 2012,96,1.5,Jan/08/2011 12:57:07
741970,2012.REP.NOM.TRUMP,Donald Trump to be Republican Presidential Nominee in 2012,12,1.3,Jan/08/2011 12:57:07
741970,2012.REP.NOM.TRUMP,Donald Trump to be Republican Presidential Nominee in 2012,10,1.2,Jan/08/2011 12:57:07
741970,2012.REP.NOM.TRUMP,Donald Trump to be Republican Presidential Nominee in 2012,1,1.1,Jan/08/2011 17:40:18
741970,2012.REP.NOM.TRUMP,Donald Trump to be Republican Presidential Nominee in 2012,6,1.1,Jan/08/2011 17:40:25
741970,2012.REP.NOM.TRUMP,Donald Trump to be Republican Presidential Nominee in 2012,1,1.1,Jan/08/2011 17:47:44
741970,2012.REP.NOM.TRUMP,Donald Trump to be Republican Presidential Nominee in 2012,2,1.1,Jan/08/2011 17:47:50
741970,2012.REP.NOM.TRUMP,Donald Trump to be Republican Presidential Nominee in 2012,10,1.1,Jan/08/2011 17:47:56
741970,2012.REP.NOM.TRUMP,Donald Trump to be Republican Presidential Nominee in 2012,2,1.0,Jan/08/2011 17:48:02
741970,2012.REP.NOM.TRUMP,Donald Trump to be Republican Presidential Nominee in 2012,4,1.0,Jan/08/2011 17:48:08
741970,2012.REP.NOM.TRUMP,Donald Trump to be Republican Presidential Nominee in 2012,3,1.0,Jan/08/2011 17:48:14
741970,2012.REP.NOM.TRUMP,Donald Trump to be Republican Presidential Nominee in 2012,1,1.0,Jan/08/2011 17:48:20
741970,2012.REP.NOM.TRUMP,Donald Trump to be Republican Presidential Nominee in 2012,2,1.0,Jan/08/2011 17:48:26
741970,2012.REP.NOM.TRUMP,Donald Trump to be Republican Presidential Nominee in 2012,1,1.0,Jan/08/2011 17:48:32
741970,2012.REP.NOM.TRUMP,Donald Trump to be Republican Presidential Nominee in 2012,2,1.0,Jan/08/2011 17:48:38
741970,2012.REP.NOM.TRUMP,Donald Trump to be Republican Presidential Nominee in 2012,4,1.0,Jan/08/2011 17:48:44
741970,2012.REP.NOM.TRUMP,Donald Trump to be Republican Presidential Nominee in 2012,2,1.0,Jan/08/2011 17:48:50
741970,2012.REP.NOM.TRUMP,Donald Trump to be Republican Presidential Nominee in 2012,1,1.0,Jan/08/2011 17:48:56
741970,2012.REP.NOM.TRUMP,Donald Trump to be Republican Presidential Nominee in 2012,10,1.0,Jan/08/2011 17:49:02
741970,2012.REP.NOM.TRUMP,Donald Trump to be Republican Presidential Nominee in 2012,10,1.1,Jan/08/2011 23:43:45
741970,2012.REP.NOM.TRUMP,Donald Trump to be Republican Presidential Nominee in 2012,10,1.2,Jan/08/2011 23:43:57
741970,2012.REP.NOM.TRUMP,Donald Trump to be Republican Presidential Nominee in 2012,10,1.2,Jan/09/2011 03:43:38
741970,2012.REP.NOM.TRUMP,Donald Trump to be Republican Presidential Nominee in 2012,10,1.4,Jan/09/2011 21:32:47
741970,2012.REP.NOM.TRUMP,Donald Trump to be Republican Presidential Nominee in 2012,9,1.9,Jan/09/2011 21:40:21
741970,2012.REP.NOM.TRUMP,Donald Trump to be Republican Presidential Nominee in 2012,47,1.9,Jan/09/2011 21:40:21
741970,2012.REP.NOM.TRUMP,Donald Trump to be Republican Presidential Nominee in 2012,4,1.5,Jan/09/2011 21:40:21
741970,2012.REP.NOM.TRUMP,Donald Trump to be Republican Presidential Nominee in 2012,10,1.5,Jan/09/2011 21:40:21
741970,2012.REP.NOM.TRUMP,Donald Trump to be Republican Presidential Nominee in 2012,10,1.7,Jan/09/2011 21:40:21
741970,2012.REP.NOM.TRUMP,Donald Trump to be Republican Presidential Nominee in 2012,10,1.5,Jan/09/2011 21:40:21
741970,2012.REP.NOM.TRUMP,Donald Trump to be Republican Presidential Nominee in 2012,10,1.8,Jan/09/2011 21:40:21
741970,2012.REP.NOM.TRUMP,Donald Trump to be Republican Presidential Nominee in 2012,100,1.8,Jan/10/2011 13:55:48
741970,2012.REP.NOM.TRUMP,Donald Trump to be Republican Presidential Nominee in 2012,10,1.9,Jan/10/2011 19:04:53
741970,2012.REP.NOM.TRUMP,Donald Trump to be Republican Presidential Nominee in 2012,10,2.0,Jan/10/2011 19:04:53
741970,2012.REP.NOM.TRUMP,Donald Trump to be Republican Presidential Nominee in 2012,10,1.8,Jan/10/2011 19:04:53
741970,2012.REP.NOM.TRUMP,Donald Trump to be Republican Presidential Nominee in 2012,10,1.9,Jan/10/2011 19:04:53
741970,2012.REP.NOM.TRUMP,Donald Trump to be Republican Presidential Nominee in 2012,10,2.0,Jan/10/2011 19:04:53
741970,2012.REP.NOM.TRUMP,Donald Trump to be Republican Presidential Nominee in 2012,100,2.2,Jan/10/2011 19:20:22
741970,2012.REP.NOM.TRUMP,Donald Trump to be Republican Presidential Nominee in 2012,222,2.3,Jan/10/2011 19:20:37
741970,2012.REP.NOM.TRUMP,Donald Trump to be Republican Presidential Nominee in 2012,300,2.5,Jan/10/2011 19:22:42
741970,2012.REP.NOM.TRUMP,Donald Trump to be Republican Presidential Nominee in 2012,83,2.5,Jan/10/2011 19:23:29
741970,2012.REP.NOM.TRUMP,Donald Trump to be Republican Presidential Nominee in 2012,1,2.8,Jan/11/2011 00:11:07
741970,2012.REP.NOM.TRUMP,Donald Trump to be Republican Presidential Nominee in 2012,10,2.5,Jan/11/2011 00:11:07
741970,2012.REP.NOM.TRUMP,Donald Trump to be Republican Presidential Nominee in 2012,4,2.4,Jan/11/2011 00:11:07
741970,2012.REP.NOM.TRUMP,Donald Trump to be Republican Presidential Nominee in 2012,100,2.1,Jan/11/2011 09:48:04
741970,2012.REP.NOM.TRUMP,Donald Trump to be Republican Presidential Nominee in 2012,2,2.2,Jan/11/2011 09:48:04
741970,2012.REP.NOM.TRUMP,Donald Trump to be Republican Presidential Nominee in 2012,8,2.1,Jan/11/2011 12:47:44
741970,2012.REP.NOM.TRUMP,Donald Trump to be Republican Presidential Nominee in 2012,10,2.2,Jan/12/2011 03:40:43
741970,2012.REP.NOM.TRUMP,Donald Trump to be Republican Presidential Nominee in 2012,2,2.5,Jan/12/2011 05:30:17
741970,2012.REP.NOM.TRUMP,Donald Trump to be Republican Presidential Nominee in 2012,99,2.5,Jan/12/2011 05:30:17
741970,2012.REP.NOM.TRUMP,Donald Trump to be Republican Presidential Nominee in 2012,10,2.4,Jan/12/2011 05:30:17
741970,2012.REP.NOM.TRUMP,Donald Trump to be Republican Presidential Nominee in 2012,9,2.3,Jan/12/2011 05:30:17
741970,2012.REP.NOM.TRUMP,Donald Trump to be Republican Presidential Nominee in 2012,4,2.2,Jan/12/2011 18:44:48
741970,2012.REP.NOM.TRUMP,Donald Trump to be Republican Presidential Nominee in 2012,4,2.3,Jan/12/2011 19:18:31
741970,2012.REP.NOM.TRUMP,Donald Trump to be Republican Presidential Nominee in 2012,10,2.3,Jan/12/2011 19:18:31
741970,2012.REP.NOM.TRUMP,Donald Trump to be Republican Presidential Nominee in 2012,4,2.2,Jan/12/2011 20:14:03
741970,2012.REP.NOM.TRUMP,Donald Trump to be Republican Presidential Nominee in 2012,1,2.3,Jan/12/2011 21:31:08
741970,2012.REP.NOM.TRUMP,Donald Trump to be Republican Presidential Nominee in 2012,10,2.1,Jan/13/2011 03:17:05
741970,2012.REP.NOM.TRUMP,Donald Trump to be Republican Presidential Nominee in 2012,5,2.1,Jan/13/2011 03:26:04
741970,2012.REP.NOM.TRUMP,Donald Trump to be Republican Presidential Nominee in 2012,10,2.1,Jan/13/2011 03:30:12
741970,2012.REP.NOM.TRUMP,Donald Trump to be Republican Presidential Nominee in 2012,5,2.1,Jan/13/2011 03:36:44
741970,2012.REP.NOM.TRUMP,Donald Trump to be Republican Presidential Nominee in 2012,5,2.0,Jan/13/2011 03:36:44
741970,2012.REP.NOM.TRUMP,Donald Trump to be Republican Presidential Nominee in 2012,3,2.0,Jan/13/2011 03:41:36
741970,2012.REP.NOM.TRUMP,Donald Trump to be Republican Presidential Nominee in 2012,40,2.0,Jan/14/2011 21:52:07
741970,2012.REP.NOM.TRUMP,Donald Trump to be Republican Presidential Nominee in 2012,10,2.0,Jan/15/2011 00:37:13
741970,2012.REP.NOM.TRUMP,Donald Trump to be Republican Presidential Nominee in 2012,1,1.8,Jan/15/2011 06:28:59
741970,2012.REP.NOM.TRUMP,Donald Trump to be Republican Presidential Nominee in 2012,1,1.8,Jan/16/2011 00:45:18
741970,2012.REP.NOM.TRUMP,Donald Trump to be Republican Presidential Nominee in 2012,1,1.9,Jan/16/2011 01:09:33
741970,2012.REP.NOM.TRUMP,Donald Trump to be Republican Presidential Nominee in 2012,4,1.9,Jan/16/2011 01:10:33
741970,2012.REP.NOM.TRUMP,Donald Trump to be Republican Presidential Nominee in 2012,1,1.9,Jan/16/2011 02:24:06
741970,2012.REP.NOM.TRUMP,Donald Trump to be Republican Presidential Nominee in 2012,1,1.9,Jan/16/2011 02:28:55
741970,2012.REP.NOM.TRUMP,Donald Trump to be Republican Presidential Nominee in 2012,1,1.9,Jan/16/2011 13:17:42
741970,2012.REP.NOM.TRUMP,Donald Trump to be Republican Presidential Nominee in 2012,10,1.6,Jan/17/2011 21:35:12
741970,2012.REP.NOM.TRUMP,Donald Trump to be Republican Presidential Nominee in 2012,10,1.6,Jan/18/2011 00:19:58
741970,2012.REP.NOM.TRUMP,Donald Trump to be Republican Presidential Nominee in 2012,15,1.6,Jan/18/2011 01:31:43
741970,2012.REP.NOM.TRUMP,Donald Trump to be Republican Presidential Nominee in 2012,10,1.5,Jan/18/2011 03:17:13
741970,2012.REP.NOM.TRUMP,Donald Trump to be Republican Presidential Nominee in 2012,33,1.5,Jan/18/2011 04:17:40
741970,2012.REP.NOM.TRUMP,Donald Trump to be Republican Presidential Nominee in 2012,1,1.6,Jan/19/2011 13:52:57
741970,2012.REP.NOM.TRUMP,Donald Trump to be Republican Presidential Nominee in 2012,1,1.6,Jan/19/2011 13:53:03
741970,2012.REP.NOM.TRUMP,Donald Trump to be Republican Presidential Nominee in 2012,2,1.6,Jan/19/2011 13:53:34
741970,2012.REP.NOM.TRUMP,Donald Trump to be Republican Presidential Nominee in 2012,25,2.0,Jan/19/2011 17:42:50
741970,2012.REP.NOM.TRUMP,Donald Trump to be Republican Presidential Nominee in 2012,1,1.6,Jan/19/2011 18:44:42
741970,2012.REP.NOM.TRUMP,Donald Trump to be Republican Presidential Nominee in 2012,1,2.5,Jan/19/2011 19:28:32
741970,2012.REP.NOM.TRUMP,Donald Trump to be Republican Presidential Nominee in 2012,8,2.4,Jan/19/2011 19:28:32
741970,2012.REP.NOM.TRUMP,Donald Trump to be Republican Presidential Nominee in 2012,4,2.4,Jan/19/2011 19:28:32
741970,2012.REP.NOM.TRUMP,Donald Trump to be Republican Presidential Nominee in 2012,4,2.2,Jan/19/2011 19:28:32
741970,2012.REP.NOM.TRUMP,Donald Trump to be Republican Presidential Nominee in 2012,20,2.5,Jan/19/2011 19:28:32
741970,2012.REP.NOM.TRUMP,Donald Trump to be Republican Presidential Nominee in 2012,10,2.5,Jan/19/2011 19:28:32
741970,2012.REP.NOM.TRUMP,Donald Trump to be Republican Presidential Nominee in 2012,10,2.5,Jan/19/2011 19:28:32
741970,2012.REP.NOM.TRUMP,Donald Trump to be Republican Presidential Nominee in 2012,58,2.5,Jan/19/2011 19:28:32
741970,2012.REP.NOM.TRUMP,Donald Trump to be Republican Presidential Nominee in 2012,10,2.4,Jan/19/2011 19:28:32
741970,2012.REP.NOM.TRUMP,Donald Trump to be Republican Presidential Nominee in 2012,5,2.0,Jan/20/2011 04:47:29
741970,2012.REP.NOM.TRUMP,Donald Trump to be Republican Presidential Nominee in 2012,1,2.1,Jan/20/2011 04:47:29
741970,2012.REP.NOM.TRUMP,Donald Trump to be Republican Presidential Nominee in 2012,1,2.0,Jan/20/2011 14:14:26
741970,2012.REP.NOM.TRUMP,Donald Trump to be Republican Presidential Nominee in 2012,5,2.0,Jan/20/2011 15:03:55
741970,2012.REP.NOM.TRUMP,Donald Trump to be Republican Presidential Nominee in 2012,4,2.0,Jan/20/2011 15:04:27
741970,2012.REP.NOM.TRUMP,Donald Trump to be Republican Presidential Nominee in 2012,1,2.0,Jan/20/2011 15:07:50
741970,2012.REP.NOM.TRUMP,Donald Trump to be Republican Presidential Nominee in 2012,1,2.0,Jan/20/2011 15:07:56
741970,2012.REP.NOM.TRUMP,Donald Trump to be Republican Presidential Nominee in 2012,1,2.0,Jan/20/2011 15:08:26
741970,2012.REP.NOM.TRUMP,Donald Trump to be Republican Presidential Nominee in 2012,1,2.0,Jan/20/2011 15:08:32
741970,2012.REP.NOM.TRUMP,Donald Trump to be Republican Presidential Nominee in 2012,3,2.0,Jan/20/2011 15:09:07
741970,2012.REP.NOM.TRUMP,Donald Trump to be Republican Presidential Nominee in 2012,2,2.0,Jan/20/2011 15:10:17
741970,2012.REP.NOM.TRUMP,Donald Trump to be Republican Presidential Nominee in 2012,3,2.0,Jan/20/2011 15:10:23
741970,2012.REP.NOM.TRUMP,Donald Trump to be Republican Presidential Nominee in 2012,3,2.0,Jan/20/2011 15:10:53
741970,2012.REP.NOM.TRUMP,Donald Trump to be Republican Presidential Nominee in 2012,25,1.9,Jan/20/2011 21:40:53
741970,2012.REP.NOM.TRUMP,Donald Trump to be Republican Presidential Nominee in 2012,25,2.0,Jan/20/2011 21:40:53
741970,2012.REP.NOM.TRUMP,Donald Trump to be Republican Presidential Nominee in 2012,10,1.7,Jan/21/2011 05:21:02
741970,2012.REP.NOM.TRUMP,Donald Trump to be Republican Presidential Nominee in 2012,2,1.6,Jan/21/2011 15:11:17
741970,2012.REP.NOM.TRUMP,Donald Trump to be Republican Presidential Nominee in 2012,1,1.5,Jan/21/2011 19:22:27
741970,2012.REP.NOM.TRUMP,Donald Trump to be Republican Presidential Nominee in 2012,4,1.5,Jan/21/2011 19:23:37
741970,2012.REP.NOM.TRUMP,Donald Trump to be Republican Presidential Nominee in 2012,4,1.5,Jan/21/2011 19:24:08
741970,2012.REP.NOM.TRUMP,Donald Trump to be Republican Presidential Nominee in 2012,1,1.5,Jan/21/2011 19:24:43
741970,2012.REP.NOM.TRUMP,Donald Trump to be Republican Presidential Nominee in 2012,1,1.5,Jan/21/2011 19:26:13
741970,2012.REP.NOM.TRUMP,Donald Trump to be Republican Presidential Nominee in 2012,2,1.5,Jan/21/2011 19:26:19
741970,2012.REP.NOM.TRUMP,Donald Trump to be Republican Presidential Nominee in 2012,2,1.5,Jan/21/2011 19:26:21
741970,2012.REP.NOM.TRUMP,Donald Trump to be Republican Presidential Nominee in 2012,2,1.5,Jan/21/2011 21:52:06
741970,2012.REP.NOM.TRUMP,Donald Trump to be Republican Presidential Nominee in 2012,2,1.5,Jan/22/2011 00:01:33
741970,2012.REP.NOM.TRUMP,Donald Trump to be Republican Presidential Nominee in 2012,8,1.5,Jan/22/2011 00:08:05
741970,2012.REP.NOM.TRUMP,Donald Trump to be Republican Presidential Nominee in 2012,3,1.5,Jan/22/2011 00:08:11
741970,2012.REP.NOM.TRUMP,Donald Trump to be Republican Presidential Nominee in 2012,10,1.5,Jan/22/2011 03:58:50
741970,2012.REP.NOM.TRUMP,Donald Trump to be Republican Presidential Nominee in 2012,8,1.6,Jan/22/2011 13:19:31
741970,2012.REP.NOM.TRUMP,Donald Trump to be Republican Presidential Nominee in 2012,2,1.7,Jan/22/2011 15:31:01
741970,2012.REP.NOM.TRUMP,Donald Trump to be Republican Presidential Nominee in 2012,10,1.7,Jan/22/2011 20:00:25
741970,2012.REP.NOM.TRUMP,Donald Trump to be Republican Presidential Nominee in 2012,8,1.7,Jan/22/2011 20:04:34
741970,2012.REP.NOM.TRUMP,Donald Trump to be Republican Presidential Nominee in 2012,1,1.5,Jan/23/2011 16:18:29
741970,2012.REP.NOM.TRUMP,Donald Trump to be Republican Presidential Nominee in 2012,1,1.5,Jan/23/2011 16:19:00
741970,2012.REP.NOM.TRUMP,Donald Trump to be Republican Presidential Nominee in 2012,1,1.5,Jan/23/2011 16:19:25
741970,2012.REP.NOM.TRUMP,Donald Trump to be Republican Presidential Nominee in 2012,1,1.5,Jan/23/2011 16:19:32
741970,2012.REP.NOM.TRUMP,Donald Trump to be Republican Presidential Nominee in 2012,1,1.5,Jan/23/2011 16:19:38
741970,2012.REP.NOM.TRUMP,Donald Trump to be Republican Presidential Nominee in 2012,1,1.5,Jan/23/2011 16:19:59
741970,2012.REP.NOM.TRUMP,Donald Trump to be Republican Presidential Nominee in 2012,1,1.5,Jan/23/2011 16:20:55
741970,2012.REP.NOM.TRUMP,Donald Trump to be Republican Presidential Nominee in 2012,1,1.5,Jan/23/2011 16:21:00
741970,2012.REP.NOM.TRUMP,Donald Trump to be Republican Presidential Nominee in 2012,1,1.5,Jan/23/2011 16:21:06
741970,2012.REP.NOM.TRUMP,Donald Trump to be Republican Presidential Nominee in 2012,1,1.5,Jan/23/2011 16:21:43
741970,2012.REP.NOM.TRUMP,Donald Trump to be Republican Presidential Nominee in 2012,25,1.5,Jan/25/2011 00:05:44
741970,2012.REP.NOM.TRUMP,Donald Trump to be Republican Presidential Nominee in 2012,2,1.5,Jan/25/2011 00:05:44
741970,2012.REP.NOM.TRUMP,Donald Trump to be Republican Presidential Nominee in 2012,2,1.5,Jan/25/2011 00:05:44
741970,2012.REP.NOM.TRUMP,Donald Trump to be Republican Presidential Nominee in 2012,1,1.5,Jan/25/2011 02:43:07
741970,2012.REP.NOM.TRUMP,Donald Trump to be Republican Presidential Nominee in 2012,1,1.5,Jan/25/2011 11:31:16
741970,2012.REP.NOM.TRUMP,Donald Trump to be Republican Presidential Nominee in 2012,2,1.5,Jan/25/2011 11:31:22
741970,2012.REP.NOM.TRUMP,Donald Trump to be Republican Presidential Nominee in 2012,2,1.5,Jan/25/2011 11:31:28
741970,2012.REP.NOM.TRUMP,Donald Trump to be Republican Presidential Nominee in 2012,2,1.5,Jan/25/2011 11:31:34
741970,2012.REP.NOM.TRUMP,Donald Trump to be Republican Presidential Nominee in 2012,10,1.5,Jan/25/2011 15:05:19
741970,2012.REP.NOM.TRUMP,Donald Trump to be Republican Presidential Nominee in 2012,10,1.5,Jan/25/2011 15:16:36
741970,2012.REP.NOM.TRUMP,Donald Trump to be Republican Presidential Nominee in 2012,10,1.5,Jan/25/2011 18:29:25
741970,2012.REP.NOM.TRUMP,Donald Trump to be Republican Presidential Nominee in 2012,10,1.5,Jan/26/2011 00:26:08
741970,2012.REP.NOM.TRUMP,Donald Trump to be Republican Presidential Nominee in 2012,2,1.6,Jan/26/2011 00:48:07
741970,2012.REP.NOM.TRUMP,Donald Trump to be Republican Presidential Nominee in 2012,10,1.9,Jan/26/2011 07:41:34
741970,2012.REP.NOM.TRUMP,Donald Trump to be Republican Presidential Nominee in 2012,10,2.0,Jan/26/2011 07:41:34
741970,2012.REP.NOM.TRUMP,Donald Trump to be Republican Presidential Nominee in 2012,10,2.0,Jan/26/2011 07:41:34
741970,2012.REP.NOM.TRUMP,Donald Trump to be Republican Presidential Nominee in 2012,10,2.0,Jan/26/2011 07:41:34
741970,2012.REP.NOM.TRUMP,Donald Trump to be Republican Presidential Nominee in 2012,10,2.0,Jan/26/2011 07:41:34
741970,2012.REP.NOM.TRUMP,Donald Trump to be Republican Presidential Nominee in 2012,10,2.0,Jan/26/2011 07:41:34
741970,2012.REP.NOM.TRUMP,Donald Trump to be Republican Presidential Nominee in 2012,10,1.9,Jan/26/2011 07:41:34
741970,2012.REP.NOM.TRUMP,Donald Trump to be Republican Presidential Nominee in 2012,10,1.9,Jan/26/2011 07:41:34
741970,2012.REP.NOM.TRUMP,Donald Trump to be Republican Presidential Nominee in 2012,10,2.0,Jan/26/2011 07:41:34
741970,2012.REP.NOM.TRUMP,Donald Trump to be Republican Presidential Nominee in 2012,10,2.0,Jan/26/2011 07:41:34
741970,2012.REP.NOM.TRUMP,Donald Trump to be Republican Presidential Nominee in 2012,2,1.8,Jan/26/2011 07:41:34
741970,2012.REP.NOM.TRUMP,Donald Trump to be Republican Presidential Nominee in 2012,2,1.7,Jan/26/2011 07:41:34
741970,2012.REP.NOM.TRUMP,Donald Trump to be Republican Presidential Nominee in 2012,6,1.6,Jan/26/2011 07:41:34
741970,2012.REP.NOM.TRUMP,Donald Trump to be Republican Presidential Nominee in 2012,2,2.1,Jan/26/2011 07:42:43
741970,2012.REP.NOM.TRUMP,Donald Trump to be Republican Presidential Nominee in 2012,10,2.2,Jan/26/2011 07:42:43
741970,2012.REP.NOM.TRUMP,Donald Trump to be Republican Presidential Nominee in 2012,10,2.2,Jan/26/2011 07:42:43
741970,2012.REP.NOM.TRUMP,Donald Trump to be Republican Presidential Nominee in 2012,10,2.2,Jan/26/2011 07:42:43
741970,2012.REP.NOM.TRUMP,Donald Trump to be Republican Presidential Nominee in 2012,10,2.2,Jan/26/2011 07:42:43
741970,2012.REP.NOM.TRUMP,Donald Trump to be Republican Presidential Nominee in 2012,2,1.6,Jan/26/2011 21:13:55
741970,2012.REP.NOM.TRUMP,Donald Trump to be Republican Presidential Nominee in 2012,5,1.7,Jan/26/2011 22:02:03
741970,2012.REP.NOM.TRUMP,Donald Trump to be Republican Presidential Nominee in 2012,2,1.6,Jan/26/2011 23:50:05
741970,2012.REP.NOM.TRUMP,Donald Trump to be Republican Presidential Nominee in 2012,8,1.6,Jan/26/2011 23:50:15
741970,2012.REP.NOM.TRUMP,Donald Trump to be Republican Presidential Nominee in 2012,5,1.6,Jan/27/2011 16:15:46
741970,2012.REP.NOM.TRUMP,Donald Trump to be Republican Presidential Nominee in 2012,7,1.6,Jan/27/2011 18:51:36
741970,2012.REP.NOM.TRUMP,Donald Trump to be Republican Presidential Nominee in 2012,10,1.5,Jan/28/2011 01:58:52
741970,2012.REP.NOM.TRUMP,Donald Trump to be Republican Presidential Nominee in 2012,3,1.6,Jan/28/2011 03:26:20
741970,2012.REP.NOM.TRUMP,Donald Trump to be Republican Presidential Nominee in 2012,8,1.6,Jan/28/2011 06:14:51
741970,2012.REP.NOM.TRUMP,Donald Trump to be Republican Presidential Nominee in 2012,8,1.6,Jan/28/2011 15:12:25
741970,2012.REP.NOM.TRUMP,Donald Trump to be Republican Presidential Nominee in 2012,2,1.6,Jan/28/2011 15:13:36
741970,2012.REP.NOM.TRUMP,Donald Trump to be Republican Presidential Nominee in 2012,10,1.6,Jan/28/2011 22:56:54
741970,2012.REP.NOM.TRUMP,Donald Trump to be Republican Presidential Nominee in 2012,8,1.6,Jan/29/2011 19:03:55
741970,2012.REP.NOM.TRUMP,Donald Trump to be Republican Presidential Nominee in 2012,2,1.6,Jan/29/2011 19:04:50
741970,2012.REP.NOM.TRUMP,Donald Trump to be Republican Presidential Nominee in 2012,5,1.7,Jan/29/2011 19:07:10
741970,2012.REP.NOM.TRUMP,Donald Trump to be Republican Presidential Nominee in 2012,16,1.7,Jan/29/2011 19:07:10
741970,2012.REP.NOM.TRUMP,Donald Trump to be Republican Presidential Nominee in 2012,1,1.7,Jan/29/2011 19:07:10
741970,2012.REP.NOM.TRUMP,Donald Trump to be Republican Presidential Nominee in 2012,2,1.8,Jan/29/2011 19:07:28
741970,2012.REP.NOM.TRUMP,Donald Trump to be Republican Presidential Nominee in 2012,9,1.8,Jan/29/2011 19:16:47
741970,2012.REP.NOM.TRUMP,Donald Trump to be Republican Presidential Nominee in 2012,8,1.7,Jan/29/2011 20:45:34
741970,2012.REP.NOM.TRUMP,Donald Trump to be Republican Presidential Nominee in 2012,1,1.6,Jan/29/2011 21:23:09
741970,2012.REP.NOM.TRUMP,Donald Trump to be Republican Presidential Nominee in 2012,2,1.7,Jan/31/2011 02:17:42
741970,2012.REP.NOM.TRUMP,Donald Trump to be Republican Presidential Nominee in 2012,23,1.7,Jan/31/2011 02:23:16
741970,2012.REP.NOM.TRUMP,Donald Trump to be Republican Presidential Nominee in 2012,10,2.0,Jan/31/2011 04:50:39
741970,2012.REP.NOM.TRUMP,Donald Trump to be Republican Presidential Nominee in 2012,10,2.0,Jan/31/2011 04:50:39
741970,2012.REP.NOM.TRUMP,Donald Trump to be Republican Presidential Nominee in 2012,5,1.9,Jan/31/2011 04:50:39
741970,2012.REP.NOM.TRUMP,Donald Trump to be Republican Presidential Nominee in 2012,1,1.9,Jan/31/2011 04:50:39
741970,2012.REP.NOM.TRUMP,Donald Trump to be Republican Presidential Nominee in 2012,10,2.0,Jan/31/2011 04:50:39
741970,2012.REP.NOM.TRUMP,Donald Trump to be Republican Presidential Nominee in 2012,1,1.8,Jan/31/2011 04:50:39
741970,2012.REP.NOM.TRUMP,Donald Trump to be Republican Presidential Nominee in 2012,9,1.8,Jan/31/2011 04:50:39
741970,2012.REP.NOM.TRUMP,Donald Trump to be Republican Presidential Nominee in 2012,10,2.0,Jan/31/2011 04:50:39
741970,2012.REP.NOM.TRUMP,Donald Trump to be Republican Presidential Nominee in 2012,4,1.7,Jan/31/2011 04:50:39
741970,2012.REP.NOM.TRUMP,Donald Trump to be Republican Presidential Nominee in 2012,10,2.0,Jan/31/2011 04:50:39
741970,2012.REP.NOM.TRUMP,Donald Trump to be Republican Presidential Nominee in 2012,10,1.9,Jan/31/2011 04:50:39
741970,2012.REP.NOM.TRUMP,Donald Trump to be Republican Presidential Nominee in 2012,16,2.2,Jan/31/2011 04:51:13
741970,2012.REP.NOM.TRUMP,Donald Trump to be Republican Presidential Nominee in 2012,5,2.1,Jan/31/2011 04:51:13
741970,2012.REP.NOM.TRUMP,Donald Trump to be Republican Presidential Nominee in 2012,10,2.1,Jan/31/2011 04:51:13
741970,2012.REP.NOM.TRUMP,Donald Trump to be Republican Presidential Nominee in 2012,10,2.2,Jan/31/2011 04:51:13
741970,2012.REP.NOM.TRUMP,Donald Trump to be Republican Presidential Nominee in 2012,99,2.2,Jan/31/2011 04:51:13
741970,2012.REP.NOM.TRUMP,Donald Trump to be Republican Presidential Nominee in 2012,1,1.8,Jan/31/2011 17:18:23
741970,2012.REP.NOM.TRUMP,Donald Trump to be Republican Presidential Nominee in 2012,5,1.7,Jan/31/2011 17:18:49
741970,2012.REP.NOM.TRUMP,Donald Trump to be Republican Presidential Nominee in 2012,10,1.8,Jan/31/2011 17:57:52
741970,2012.REP.NOM.TRUMP,Donald Trump to be Republican Presidential Nominee in 2012,10,1.8,Jan/31/2011 17:57:52
741970,2012.REP.NOM.TRUMP,Donald Trump to be Republican Presidential Nominee in 2012,17,1.7,Feb/01/2011 00:20:50
741970,2012.REP.NOM.TRUMP,Donald Trump to be Republican Presidential Nominee in 2012,3,1.7,Feb/01/2011 00:31:51
741970,2012.REP.NOM.TRUMP,Donald Trump to be Republican Presidential Nominee in 2012,10,1.6,Feb/01/2011 03:27:11
741970,2012.REP.NOM.TRUMP,Donald Trump to be Republican Presidential Nominee in 2012,7,1.6,Feb/01/2011 03:31:43
741970,2012.REP.NOM.TRUMP,Donald Trump to be Republican Presidential Nominee in 2012,3,1.6,Feb/01/2011 03:31:43
741970,2012.REP.NOM.TRUMP,Donald Trump to be Republican Presidential Nominee in 2012,199,1.7,Feb/01/2011 05:13:56
741970,2012.REP.NOM.TRUMP,Donald Trump to be Republican Presidential Nominee in 2012,10,1.7,Feb/01/2011 05:13:56
741970,2012.REP.NOM.TRUMP,Donald Trump to be Republican Presidential Nominee in 2012,20,1.6,Feb/02/2011 13:22:04
741970,2012.REP.NOM.TRUMP,Donald Trump to be Republican Presidential Nominee in 2012,20,1.6,Feb/02/2011 15:37:13
741970,2012.REP.NOM.TRUMP,Donald Trump to be Republican Presidential Nominee in 2012,10,1.6,Feb/02/2011 18:50:24
741970,2012.REP.NOM.TRUMP,Donald Trump to be Republican Presidential Nominee in 2012,20,1.6,Feb/02/2011 18:50:24
741970,2012.REP.NOM.TRUMP,Donald Trump to be Republican Presidential Nominee in 2012,17,1.6,Feb/03/2011 02:55:44
741970,2012.REP.NOM.TRUMP,Donald Trump to be Republican Presidential Nominee in 2012,20,1.6,Feb/03/2011 04:03:13
741970,2012.REP.NOM.TRUMP,Donald Trump to be Republican Presidential Nominee in 2012,20,1.6,Feb/03/2011 04:07:57
741970,2012.REP.NOM.TRUMP,Donald Trump to be Republican Presidential Nominee in 2012,20,1.6,Feb/03/2011 15:25:12
741970,2012.REP.NOM.TRUMP,Donald Trump to be Republican Presidential Nominee in 2012,1,1.5,Feb/03/2011 22:20:30
741970,2012.REP.NOM.TRUMP,Donald Trump to be Republican Presidential Nominee in 2012,10,2.0,Feb/03/2011 22:52:22
741970,2012.REP.NOM.TRUMP,Donald Trump to be Republican Presidential Nominee in 2012,9,1.9,Feb/03/2011 22:52:22
741970,2012.REP.NOM.TRUMP,Donald Trump to be Republican Presidential Nominee in 2012,5,1.9,Feb/03/2011 22:52:22
741970,2012.REP.NOM.TRUMP,Donald Trump to be Republican Presidential Nominee in 2012,1,1.9,Feb/03/2011 22:52:22
741970,2012.REP.NOM.TRUMP,Donald Trump to be Republican Presidential Nominee in 2012,10,2.0,Feb/03/2011 22:52:22
741970,2012.REP.NOM.TRUMP,Donald Trump to be Republican Presidential Nominee in 2012,2,1.7,Feb/03/2011 22:52:22
741970,2012.REP.NOM.TRUMP,Donald Trump to be Republican Presidential Nominee in 2012,1,1.8,Feb/03/2011 22:52:22
741970,2012.REP.NOM.TRUMP,Donald Trump to be Republican Presidential Nominee in 2012,10,2.0,Feb/03/2011 22:52:22
741970,2012.REP.NOM.TRUMP,Donald Trump to be Republican Presidential Nominee in 2012,20,2.0,Feb/03/2011 22:52:22
741970,2012.REP.NOM.TRUMP,Donald Trump to be Republican Presidential Nominee in 2012,10,1.8,Feb/03/2011 22:52:22
741970,2012.REP.NOM.TRUMP,Donald Trump to be Republican Presidential Nominee in 2012,22,2.0,Feb/03/2011 22:54:17
741970,2012.REP.NOM.TRUMP,Donald Trump to be Republican Presidential Nominee in 2012,1,1.6,Feb/04/2011 22:04:10
741970,2012.REP.NOM.TRUMP,Donald Trump to be Republican Presidential Nominee in 2012,2,1.6,Feb/07/2011 21:45:40
741970,2012.REP.NOM.TRUMP,Donald Trump to be Republican Presidential Nominee in 2012,1,1.6,Feb/07/2011 21:45:46
741970,2012.REP.NOM.TRUMP,Donald Trump to be Republican Presidential Nominee in 2012,1,1.5,Feb/07/2011 21:45:52
741970,2012.REP.NOM.TRUMP,Donald Trump to be Republican Presidential Nominee in 2012,1,1.5,Feb/07/2011 21:50:56
741970,2012.REP.NOM.TRUMP,Donald Trump to be Republican Presidential Nominee in 2012,1,1.5,Feb/07/2011 21:51:02
741970,2012.REP.NOM.TRUMP,Donald Trump to be Republican Presidential Nominee in 2012,100,1.4,Feb/08/2011 17:49:49
741970,2012.REP.NOM.TRUMP,Donald Trump to be Republican Presidential Nominee in 2012,13,1.5,Feb/08/2011 17:49:49
741970,2012.REP.NOM.TRUMP,Donald Trump to be Republican Presidential Nominee in 2012,50,1.5,Feb/08/2011 17:49:49
741970,2012.REP.NOM.TRUMP,Donald Trump to be Republican Presidential Nominee in 2012,1,1.5,Feb/09/2011 13:50:55
741970,2012.REP.NOM.TRUMP,Donald Trump to be Republican Presidential Nominee in 2012,20,1.6,Feb/10/2011 02:09:31
741970,2012.REP.NOM.TRUMP,Donald Trump to be Republican Presidential Nominee in 2012,20,1.7,Feb/10/2011 02:10:20
741970,2012.REP.NOM.TRUMP,Donald Trump to be Republican Presidential Nominee in 2012,20,2.0,Feb/10/2011 12:31:22
741970,2012.REP.NOM.TRUMP,Donald Trump to be Republican Presidential Nominee in 2012,1,1.9,Feb/10/2011 12:31:22
741970,2012.REP.NOM.TRUMP,Donald Trump to be Republican Presidential Nominee in 2012,20,2.0,Feb/10/2011 12:31:22
741970,2012.REP.NOM.TRUMP,Donald Trump to be Republican Presidential Nominee in 2012,1,2.1,Feb/10/2011 12:31:22
741970,2012.REP.NOM.TRUMP,Donald Trump to be Republican Presidential Nominee in 2012,20,2.0,Feb/10/2011 12:31:22
741970,2012.REP.NOM.TRUMP,Donald Trump to be Republican Presidential Nominee in 2012,20,2.0,Feb/10/2011 12:31:22
741970,2012.REP.NOM.TRUMP,Donald Trump to be Republican Presidential Nominee in 2012,3,1.8,Feb/10/2011 12:31:22
741970,2012.REP.NOM.TRUMP,Donald Trump to be Republican Presidential Nominee in 2012,20,2.0,Feb/10/2011 12:31:22
741970,2012.REP.NOM.TRUMP,Donald Trump to be Republican Presidential Nominee in 2012,20,1.9,Feb/10/2011 12:31:22
741970,2012.REP.NOM.TRUMP,Donald Trump to be Republican Presidential Nominee in 2012,7,2.5,Feb/10/2011 19:21:42
741970,2012.REP.NOM.TRUMP,Donald Trump to be Republican Presidential Nominee in 2012,5,2.4,Feb/10/2011 19:21:42
741970,2012.REP.NOM.TRUMP,Donald Trump to be Republican Presidential Nominee in 2012,4,2.5,Feb/10/2011 19:21:42
741970,2012.REP.NOM.TRUMP,Donald Trump to be Republican Presidential Nominee in 2012,20,2.4,Feb/10/2011 19:21:42
741970,2012.REP.NOM.TRUMP,Donald Trump to be Republican Presidential Nominee in 2012,9,2.3,Feb/10/2011 19:21:42
741970,2012.REP.NOM.TRUMP,Donald Trump to be Republican Presidential Nominee in 2012,20,2.3,Feb/10/2011 19:21:42
741970,2012.REP.NOM.TRUMP,Donald Trump to be Republican Presidential Nominee in 2012,5,2.8,Feb/10/2011 19:22:21
741970,2012.REP.NOM.TRUMP,Donald Trump to be Republican Presidential Nominee in 2012,10,2.9,Feb/10/2011 19:22:21
741970,2012.REP.NOM.TRUMP,Donald Trump to be Republican Presidential Nominee in 2012,89,3.0,Feb/10/2011 19:22:21
741970,2012.REP.NOM.TRUMP,Donald Trump to be Republican Presidential Nominee in 2012,6,2.5,Feb/10/2011 19:22:21
741970,2012.REP.NOM.TRUMP,Donald Trump to be Republican Presidential Nominee in 2012,8,2.6,Feb/11/2011 01:22:10
741970,2012.REP.NOM.TRUMP,Donald Trump to be Republican Presidential Nominee in 2012,5,2.7,Feb/11/2011 01:22:24
741970,2012.REP.NOM.TRUMP,Donald Trump to be Republican Presidential Nominee in 2012,20,2.7,Feb/11/2011 01:22:24
741970,2012.REP.NOM.TRUMP,Donald Trump to be Republican Presidential Nominee in 2012,10,2.8,Feb/11/2011 01:22:45
741970,2012.REP.NOM.TRUMP,Donald Trump to be Republican Presidential Nominee in 2012,5,2.8,Feb/11/2011 01:22:45
741970,2012.REP.NOM.TRUMP,Donald Trump to be Republican Presidential Nominee in 2012,1,2.4,Feb/11/2011 13:52:44
741970,2012.REP.NOM.TRUMP,Donald Trump to be Republican Presidential Nominee in 2012,10,2.4,Feb/11/2011 13:53:14
741970,2012.REP.NOM.TRUMP,Donald Trump to be Republican Presidential Nominee in 2012,10,2.5,Feb/11/2011 13:53:50
741970,2012.REP.NOM.TRUMP,Donald Trump to be Republican Presidential Nominee in 2012,20,2.5,Feb/11/2011 13:53:50
741970,2012.REP.NOM.TRUMP,Donald Trump to be Republican Presidential Nominee in 2012,20,2.6,Feb/11/2011 13:58:47
741970,2012.REP.NOM.TRUMP,Donald Trump to be Republican Presidential Nominee in 2012,11,2.7,Feb/11/2011 13:59:15
741970,2012.REP.NOM.TRUMP,Donald Trump to be Republican Presidential Nominee in 2012,20,2.7,Feb/11/2011 13:59:15
741970,2012.REP.NOM.TRUMP,Donald Trump to be Republican Presidential Nominee in 2012,2,2.7,Feb/11/2011 14:07:29
741970,2012.REP.NOM.TRUMP,Donald Trump to be Republican Presidential Nominee in 2012,20,2.7,Feb/11/2011 14:07:29
741970,2012.REP.NOM.TRUMP,Donald Trump to be Republican Presidential Nominee in 2012,1,2.1,Feb/13/2011 01:14:10
741970,2012.REP.NOM.TRUMP,Donald Trump to be Republican Presidential Nominee in 2012,6,2.0,Feb/13/2011 01:14:50
741970,2012.REP.NOM.TRUMP,Donald Trump to be Republican Presidential Nominee in 2012,11,1.9,Feb/13/2011 01:14:50
741970,2012.REP.NOM.TRUMP,Donald Trump to be Republican Presidential Nominee in 2012,11,1.8,Feb/13/2011 16:27:17
741970,2012.REP.NOM.TRUMP,Donald Trump to be Republican Presidential Nominee in 2012,1,1.8,Feb/13/2011 16:27:17
741970,2012.REP.NOM.TRUMP,Donald Trump to be Republican Presidential Nominee in 2012,11,1.7,Feb/13/2011 16:27:37
741970,2012.REP.NOM.TRUMP,Donald Trump to be Republican Presidential Nominee in 2012,10,2.2,Feb/13/2011 19:59:57
741970,2012.REP.NOM.TRUMP,Donald Trump to be Republican Presidential Nominee in 2012,20,2.2,Feb/13/2011 19:59:57
741970,2012.REP.NOM.TRUMP,Donald Trump to be Republican Presidential Nominee in 2012,99,2.1,Feb/13/2011 19:59:57
741970,2012.REP.NOM.TRUMP,Donald Trump to be Republican Presidential Nominee in 2012,10,1.9,Feb/13/2011 19:59:57
741970,2012.REP.NOM.TRUMP,Donald Trump to be Republican Presidential Nominee in 2012,10,2.0,Feb/13/2011 19:59:57
741970,2012.REP.NOM.TRUMP,Donald Trump to be Republican Presidential Nominee in 2012,50,1.9,Feb/13/2011 19:59:57
741970,2012.REP.NOM.TRUMP,Donald Trump to be Republican Presidential Nominee in 2012,1,1.9,Feb/13/2011 19:59:57
741970,2012.REP.NOM.TRUMP,Donald Trump to be Republican Presidential Nominee in 2012,8,1.8,Feb/13/2011 19:59:57
741970,2012.REP.NOM.TRUMP,Donald Trump to be Republican Presidential Nominee in 2012,5,2.2,Feb/14/2011 03:44:39
741970,2012.REP.NOM.TRUMP,Donald Trump to be Republican Presidential Nominee in 2012,20,2.2,Feb/14/2011 03:44:39
741970,2012.REP.NOM.TRUMP,Donald Trump to be Republican Presidential Nominee in 2012,25,1.9,Feb/14/2011 23:39:41
741970,2012.REP.NOM.TRUMP,Donald Trump to be Republican Presidential Nominee in 2012,10,1.8,Feb/15/2011 00:36:16
741970,2012.REP.NOM.TRUMP,Donald Trump to be Republican Presidential Nominee in 2012,20,1.9,Feb/15/2011 01:08:49
741970,2012.REP.NOM.TRUMP,Donald Trump to be Republican Presidential Nominee in 2012,5,1.8,Feb/15/2011 13:01:40
741970,2012.REP.NOM.TRUMP,Donald Trump to be Republican Presidential Nominee in 2012,20,2.0,Feb/16/2011 11:09:13
741970,2012.REP.NOM.TRUMP,Donald Trump to be Republican Presidential Nominee in 2012,10,2.0,Feb/16/2011 14:49:44
741970,2012.REP.NOM.TRUMP,Donald Trump to be Republican Presidential Nominee in 2012,8,2.0,Feb/16/2011 14:50:16
741970,2012.REP.NOM.TRUMP,Donald Trump to be Republican Presidential Nominee in 2012,11,2.0,Feb/16/2011 15:29:57
741970,2012.REP.NOM.TRUMP,Donald Trump to be Republican Presidential Nominee in 2012,1,1.9,Feb/16/2011 16:43:22
741970,2012.REP.NOM.TRUMP,Donald Trump to be Republican Presidential Nominee in 2012,50,1.9,Feb/16/2011 16:43:22
741970,2012.REP.NOM.TRUMP,Donald Trump to be Republican Presidential Nominee in 2012,9,2.0,Feb/16/2011 17:23:27
741970,2012.REP.NOM.TRUMP,Donald Trump to be Republican Presidential Nominee in 2012,20,2.0,Feb/16/2011 17:23:27
741970,2012.REP.NOM.TRUMP,Donald Trump to be Republican Presidential Nominee in 2012,1,2.0,Feb/16/2011 17:23:27
741970,2012.REP.NOM.TRUMP,Donald Trump to be Republican Presidential Nominee in 2012,20,1.9,Feb/16/2011 17:23:27
741970,2012.REP.NOM.TRUMP,Donald Trump to be Republican Presidential Nominee in 2012,19,2.0,Feb/16/2011 18:13:21
741970,2012.REP.NOM.TRUMP,Donald Trump to be Republican Presidential Nominee in 2012,20,2.0,Feb/16/2011 18:13:21
741970,2012.REP.NOM.TRUMP,Donald Trump to be Republican Presidential Nominee in 2012,40,1.9,Feb/16/2011 21:19:47
741970,2012.REP.NOM.TRUMP,Donald Trump to be Republican Presidential Nominee in 2012,1,1.8,Feb/17/2011 06:18:54
741970,2012.REP.NOM.TRUMP,Donald Trump to be Republican Presidential Nominee in 2012,1,1.8,Feb/17/2011 14:52:31
741970,2012.REP.NOM.TRUMP,Donald Trump to be Republican Presidential Nominee in 2012,1,1.8,Feb/17/2011 14:53:47
741970,2012.REP.NOM.TRUMP,Donald Trump to be Republican Presidential Nominee in 2012,3,1.8,Feb/17/2011 14:53:57
741970,2012.REP.NOM.TRUMP,Donald Trump to be Republican Presidential Nominee in 2012,4,1.8,Feb/17/2011 14:54:22
741970,2012.REP.NOM.TRUMP,Donald Trump to be Republican Presidential Nominee in 2012,20,1.9,Feb/17/2011 18:19:04
741970,2012.REP.NOM.TRUMP,Donald Trump to be Republican Presidential Nominee in 2012,20,1.9,Feb/17/2011 18:19:04
741970,2012.REP.NOM.TRUMP,Donald Trump to be Republican Presidential Nominee in 2012,33,1.8,Feb/17/2011 22:57:21
741970,2012.REP.NOM.TRUMP,Donald Trump to be Republican Presidential Nominee in 2012,1,1.7,Feb/19/2011 01:29:06
741970,2012.REP.NOM.TRUMP,Donald Trump to be Republican Presidential Nominee in 2012,5,1.6,Feb/19/2011 05:32:39
741970,2012.REP.NOM.TRUMP,Donald Trump to be Republican Presidential Nominee in 2012,30,1.9,Feb/19/2011 06:06:40
741970,2012.REP.NOM.TRUMP,Donald Trump to be Republican Presidential Nominee in 2012,20,1.9,Feb/19/2011 06:06:40
741970,2012.REP.NOM.TRUMP,Donald Trump to be Republican Presidential Nominee in 2012,20,1.9,Feb/19/2011 06:06:40
741970,2012.REP.NOM.TRUMP,Donald Trump to be Republican Presidential Nominee in 2012,11,1.8,Feb/19/2011 06:06:40
741970,2012.REP.NOM.TRUMP,Donald Trump to be Republican Presidential Nominee in 2012,19,1.7,Feb/19/2011 06:06:40
741970,2012.REP.NOM.TRUMP,Donald Trump to be Republican Presidential Nominee in 2012,20,1.8,Feb/19/2011 06:06:40
741970,2012.REP.NOM.TRUMP,Donald Trump to be Republican Presidential Nominee in 2012,20,2.0,Feb/19/2011 06:07:12
741970,2012.REP.NOM.TRUMP,Donald Trump to be Republican Presidential Nominee in 2012,20,2.0,Feb/19/2011 06:07:12
741970,2012.REP.NOM.TRUMP,Donald Trump to be Republican Presidential Nominee in 2012,11,2.1,Feb/19/2011 18:33:03
741970,2012.REP.NOM.TRUMP,Donald Trump to be Republican Presidential Nominee in 2012,20,2.1,Feb/19/2011 18:33:03
741970,2012.REP.NOM.TRUMP,Donald Trump to be Republican Presidential Nominee in 2012,5,2.0,Feb/19/2011 18:33:03
741970,2012.REP.NOM.TRUMP,Donald Trump to be Republican Presidential Nominee in 2012,44,2.0,Feb/19/2011 18:33:03
741970,2012.REP.NOM.TRUMP,Donald Trump to be Republican Presidential Nominee in 2012,3,2.4,Feb/19/2011 18:35:27
741970,2012.REP.NOM.TRUMP,Donald Trump to be Republican Presidential Nominee in 2012,17,2.3,Feb/19/2011 18:35:27
741970,2012.REP.NOM.TRUMP,Donald Trump to be Republican Presidential Nominee in 2012,40,2.4,Feb/19/2011 18:35:27
741970,2012.REP.NOM.TRUMP,Donald Trump to be Republican Presidential Nominee in 2012,40,2.3,Feb/19/2011 18:35:27
741970,2012.REP.NOM.TRUMP,Donald Trump to be Republican Presidential Nominee in 2012,20,2.2,Feb/19/2011 18:35:27
741970,2012.REP.NOM.TRUMP,Donald Trump to be Republican Presidential Nominee in 2012,10,2.0,Feb/19/2011 19:37:52
741970,2012.REP.NOM.TRUMP,Donald Trump to be Republican Presidential Nominee in 2012,20,2.1,Feb/19/2011 22:52:14
741970,2012.REP.NOM.TRUMP,Donald Trump to be Republican Presidential Nominee in 2012,10,2.0,Feb/19/2011 23:30:33
741970,2012.REP.NOM.TRUMP,Donald Trump to be Republican Presidential Nominee in 2012,5,2.0,Feb/20/2011 06:36:23
741970,2012.REP.NOM.TRUMP,Donald Trump to be Republican Presidential Nominee in 2012,15,2.0,Feb/20/2011 06:36:23
741970,2012.REP.NOM.TRUMP,Donald Trump to be Republican Presidential Nominee in 2012,5,2.0,Feb/20/2011 06:42:07
741970,2012.REP.NOM.TRUMP,Donald Trump to be Republican Presidential Nominee in 2012,2,2.0,Feb/20/2011 07:56:04
741970,2012.REP.NOM.TRUMP,Donald Trump to be Republican Presidential Nominee in 2012,5,1.8,Feb/20/2011 07:56:17
741970,2012.REP.NOM.TRUMP,Donald Trump to be Republican Presidential Nominee in 2012,1,2.0,Feb/20/2011 15:52:01
741970,2012.REP.NOM.TRUMP,Donald Trump to be Republican Presidential Nominee in 2012,4,1.9,Feb/20/2011 15:52:01
741970,2012.REP.NOM.TRUMP,Donald Trump to be Republican Presidential Nominee in 2012,5,1.9,Feb/20/2011 15:52:01
741970,2012.REP.NOM.TRUMP,Donald Trump to be Republican Presidential Nominee in 2012,5,2.0,Feb/20/2011 15:52:01
741970,2012.REP.NOM.TRUMP,Donald Trump to be Republican Presidential Nominee in 2012,5,2.1,Feb/20/2011 19:41:33
741970,2012.REP.NOM.TRUMP,Donald Trump to be Republican Presidential Nominee in 2012,5,2.0,Feb/22/2011 04:43:29
741970,2012.REP.NOM.TRUMP,Donald Trump to be Republican Presidential Nominee in 2012,15,2.0,Feb/22/2011 12:18:42
741970,2012.REP.NOM.TRUMP,Donald Trump to be Republican Presidential Nominee in 2012,20,2.0,Feb/22/2011 12:18:42
741970,2012.REP.NOM.TRUMP,Donald Trump to be Republican Presidential Nominee in 2012,20,2.0,Feb/22/2011 12:18:42
741970,2012.REP.NOM.TRUMP,Donald Trump to be Republican Presidential Nominee in 2012,5,2.0,Feb/22/2011 12:18:42
741970,2012.REP.NOM.TRUMP,Donald Trump to be Republican Presidential Nominee in 2012,40,2.0,Feb/22/2011 12:21:08
741970,2012.REP.NOM.TRUMP,Donald Trump to be Republican Presidential Nominee in 2012,100,2.0,Feb/22/2011 12:21:08
741970,2012.REP.NOM.TRUMP,Donald Trump to be Republican Presidential Nominee in 2012,15,2.1,Feb/22/2011 15:53:35
741970,2012.REP.NOM.TRUMP,Donald Trump to be Republican Presidential Nominee in 2012,20,2.2,Feb/22/2011 15:53:35
741970,2012.REP.NOM.TRUMP,Donald Trump to be Republican Presidential Nominee in 2012,20,2.1,Feb/22/2011 15:53:35
741970,2012.REP.NOM.TRUMP,Donald Trump to be Republican Presidential Nominee in 2012,5,2.1,Feb/22/2011 15:53:35
741970,2012.REP.NOM.TRUMP,Donald Trump to be Republican Presidential Nominee in 2012,5,2.2,Feb/22/2011 15:53:35
741970,2012.REP.NOM.TRUMP,Donald Trump to be Republican Presidential Nominee in 2012,30,2.0,Feb/22/2011 15:53:35
741970,2012.REP.NOM.TRUMP,Donald Trump to be Republican Presidential Nominee in 2012,1,1.9,Feb/22/2011 16:22:44
741970,2012.REP.NOM.TRUMP,Donald Trump to be Republican Presidential Nominee in 2012,1,1.9,Feb/22/2011 16:22:49
741970,2012.REP.NOM.TRUMP,Donald Trump to be Republican Presidential Nominee in 2012,1,1.9,Feb/22/2011 17:44:48
741970,2012.REP.NOM.TRUMP,Donald Trump to be Republican Presidential Nominee in 2012,7,1.9,Feb/22/2011 19:56:30
741970,2012.REP.NOM.TRUMP,Donald Trump to be Republican Presidential Nominee in 2012,11,2.0,Feb/22/2011 20:09:16
741970,2012.REP.NOM.TRUMP,Donald Trump to be Republican Presidential Nominee in 2012,1,2.0,Feb/22/2011 20:09:16
741970,2012.REP.NOM.TRUMP,Donald Trump to be Republican Presidential Nominee in 2012,20,2.1,Feb/22/2011 20:09:36
741970,2012.REP.NOM.TRUMP,Donald Trump to be Republican Presidential Nominee in 2012,20,2.2,Feb/22/2011 20:09:36
741970,2012.REP.NOM.TRUMP,Donald Trump to be Republican Presidential Nominee in 2012,20,2.2,Feb/22/2011 20:09:36
741970,2012.REP.NOM.TRUMP,Donald Trump to be Republican Presidential Nominee in 2012,20,2.2,Feb/22/2011 20:09:36
741970,2012.REP.NOM.TRUMP,Donald Trump to be Republican Presidential Nominee in 2012,22,2.4,Feb/23/2011 00:21:38
741970,2012.REP.NOM.TRUMP,Donald Trump to be Republican Presidential Nominee in 2012,20,2.4,Feb/23/2011 00:21:38
741970,2012.REP.NOM.TRUMP,Donald Trump to be Republican Presidential Nominee in 2012,7,2.3,Feb/23/2011 00:21:38
741970,2012.REP.NOM.TRUMP,Donald Trump to be Republican Presidential Nominee in 2012,10,2.3,Feb/23/2011 00:21:38
741970,2012.REP.NOM.TRUMP,Donald Trump to be Republican Presidential Nominee in 2012,20,2.3,Feb/23/2011 00:21:38
741970,2012.REP.NOM.TRUMP,Donald Trump to be Republican Presidential Nominee in 2012,9,2.2,Feb/23/2011 00:21:38
741970,2012.REP.NOM.TRUMP,Donald Trump to be Republican Presidential Nominee in 2012,2,2.2,Feb/23/2011 00:21:38
741970,2012.REP.NOM.TRUMP,Donald Trump to be Republican Presidential Nominee in 2012,2,2.2,Feb/23/2011 00:21:38
741970,2012.REP.NOM.TRUMP,Donald Trump to be Republican Presidential Nominee in 2012,20,2.4,Feb/23/2011 00:24:05
741970,2012.REP.NOM.TRUMP,Donald Trump to be Republican Presidential Nominee in 2012,18,2.4,Feb/23/2011 00:32:15
741970,2012.REP.NOM.TRUMP,Donald Trump to be Republican Presidential Nominee in 2012,20,2.1,Feb/23/2011 03:57:46
741970,2012.REP.NOM.TRUMP,Donald Trump to be Republican Presidential Nominee in 2012,40,2.0,Feb/23/2011 18:05:13
741970,2012.REP.NOM.TRUMP,Donald Trump to be Republican Presidential Nominee in 2012,3,2.0,Feb/23/2011 18:05:31
741970,2012.REP.NOM.TRUMP,Donald Trump to be Republican Presidential Nominee in 2012,7,2.0,Feb/23/2011 20:58:36
741970,2012.REP.NOM.TRUMP,Donald Trump to be Republican Presidential Nominee in 2012,10,1.9,Feb/24/2011 00:27:08
741970,2012.REP.NOM.TRUMP,Donald Trump to be Republican Presidential Nominee in 2012,1,1.9,Feb/25/2011 02:29:50
741970,2012.REP.NOM.TRUMP,Donald Trump to be Republican Presidential Nominee in 2012,1,1.9,Feb/25/2011 10:22:20
741970,2012.REP.NOM.TRUMP,Donald Trump to be Republican Presidential Nominee in 2012,30,2.0,Feb/25/2011 10:22:20
741970,2012.REP.NOM.TRUMP,Donald Trump to be Republican Presidential Nominee in 2012,55,1.9,Feb/25/2011 10:22:20
741970,2012.REP.NOM.TRUMP,Donald Trump to be Republican Presidential Nominee in 2012,2,2.0,Feb/25/2011 10:22:20
741970,2012.REP.NOM.TRUMP,Donald Trump to be Republican Presidential Nominee in 2012,20,1.9,Feb/25/2011 10:22:20
741970,2012.REP.NOM.TRUMP,Donald Trump to be Republican Presidential Nominee in 2012,40,2.1,Feb/25/2011 11:15:34
741970,2012.REP.NOM.TRUMP,Donald Trump to be Republican Presidential Nominee in 2012,10,2.0,Feb/25/2011 11:15:34
741970,2012.REP.NOM.TRUMP,Donald Trump to be Republican Presidential Nominee in 2012,1,2.1,Feb/25/2011 12:56:10
741970,2012.REP.NOM.TRUMP,Donald Trump to be Republican Presidential Nominee in 2012,11,2.2,Feb/25/2011 16:26:49
741970,2012.REP.NOM.TRUMP,Donald Trump to be Republican Presidential Nominee in 2012,40,2.2,Feb/25/2011 16:26:49
741970,2012.REP.NOM.TRUMP,Donald Trump to be Republican Presidential Nominee in 2012,49,2.1,Feb/25/2011 16:26:49
741970,2012.REP.NOM.TRUMP,Donald Trump to be Republican Presidential Nominee in 2012,1,2.1,Feb/26/2011 19:15:05
741970,2012.REP.NOM.TRUMP,Donald Trump to be Republican Presidential Nominee in 2012,20,2.1,Feb/26/2011 19:15:05
741970,2012.REP.NOM.TRUMP,Donald Trump to be Republican Presidential Nominee in 2012,5,2.1,Feb/26/2011 21:21:40
741970,2012.REP.NOM.TRUMP,Donald Trump to be Republican Presidential Nominee in 2012,10,2.2,Feb/27/2011 02:42:56
741970,2012.REP.NOM.TRUMP,Donald Trump to be Republican Presidential Nominee in 2012,3,2.2,Feb/27/2011 02:43:22
741970,2012.REP.NOM.TRUMP,Donald Trump to be Republican Presidential Nominee in 2012,10,2.3,Feb/27/2011 05:08:27
741970,2012.REP.NOM.TRUMP,Donald Trump to be Republican Presidential Nominee in 2012,35,2.3,Feb/27/2011 05:08:27
741970,2012.REP.NOM.TRUMP,Donald Trump to be Republican Presidential Nominee in 2012,2,2.2,Feb/27/2011 05:40:18
741970,2012.REP.NOM.TRUMP,Donald Trump to be Republican Presidential Nominee in 2012,10,2.2,Feb/27/2011 16:44:10
741970,2012.REP.NOM.TRUMP,Donald Trump to be Republican Presidential Nominee in 2012,5,2.3,Feb/28/2011 16:45:26
741970,2012.REP.NOM.TRUMP,Donald Trump to be Republican Presidential Nominee in 2012,17,2.3,Feb/28/2011 16:45:26
741970,2012.REP.NOM.TRUMP,Donald Trump to be Republican Presidential Nominee in 2012,40,2.5,Feb/28/2011 16:46:23
741970,2012.REP.NOM.TRUMP,Donald Trump to be Republican Presidential Nominee in 2012,39,2.4,Feb/28/2011 16:46:23
741970,2012.REP.NOM.TRUMP,Donald Trump to be Republican Presidential Nominee in 2012,1,2.5,Feb/28/2011 16:46:23
741970,2012.REP.NOM.TRUMP,Donald Trump to be Republican Presidential Nominee in 2012,40,2.5,Feb/28/2011 16:46:23
741970,2012.REP.NOM.TRUMP,Donald Trump to be Republican Presidential Nominee in 2012,1,2.4,Feb/28/2011 16:46:23
741970,2012.REP.NOM.TRUMP,Donald Trump to be Republican Presidential Nominee in 2012,3,2.3,Feb/28/2011 16:46:23
741970,2012.REP.NOM.TRUMP,Donald Trump to be Republican Presidential Nominee in 2012,1,2.3,Feb/28/2011 16:46:23
741970,2012.REP.NOM.TRUMP,Donald Trump to be Republican Presidential Nominee in 2012,9,2.5,Feb/28/2011 16:48:52
741970,2012.REP.NOM.TRUMP,Donald Trump to be Republican Presidential Nominee in 2012,5,2.5,Feb/28/2011 16:48:52
741970,2012.REP.NOM.TRUMP,Donald Trump to be Republican Presidential Nominee in 2012,38,2.5,Feb/28/2011 16:48:52
741970,2012.REP.NOM.TRUMP,Donald Trump to be Republican Presidential Nominee in 2012,2,2.5,Feb/28/2011 16:50:24
741970,2012.REP.NOM.TRUMP,Donald Trump to be Republican Presidential Nominee in 2012,28,2.5,Feb/28/2011 16:50:24
741970,2012.REP.NOM.TRUMP,Donald Trump to be Republican Presidential Nominee in 2012,10,2.4,Feb/28/2011 18:42:47
741970,2012.REP.NOM.TRUMP,Donald Trump to be Republican Presidential Nominee in 2012,3,2.4,Feb/28/2011 22:06:45
741970,2012.REP.NOM.TRUMP,Donald Trump to be Republican Presidential Nominee in 2012,1,2.1,Mar/02/2011 15:35:16
741970,2012.REP.NOM.TRUMP,Donald Trump to be Republican Presidential Nominee in 2012,5,2.1,Mar/03/2011 02:25:17
741970,2012.REP.NOM.TRUMP,Donald Trump to be Republican Presidential Nominee in 2012,31,2.0,Mar/03/2011 15:15:15
741970,2012.REP.NOM.TRUMP,Donald Trump to be Republican Presidential Nominee in 2012,50,2.0,Mar/03/2011 15:15:15
741970,2012.REP.NOM.TRUMP,Donald Trump to be Republican Presidential Nominee in 2012,11,2.0,Mar/03/2011 18:22:48
741970,2012.REP.NOM.TRUMP,Donald Trump to be Republican Presidential Nominee in 2012,20,2.0,Mar/03/2011 18:22:48
741970,2012.REP.NOM.TRUMP,Donald Trump to be Republican Presidential Nominee in 2012,19,2.0,Mar/03/2011 18:24:33
741970,2012.REP.NOM.TRUMP,Donald Trump to be Republican Presidential Nominee in 2012,50,2.0,Mar/03/2011 18:24:33
741970,2012.REP.NOM.TRUMP,Donald Trump to be Republican Presidential Nominee in 2012,11,2.0,Mar/03/2011 18:40:45
741970,2012.REP.NOM.TRUMP,Donald Trump to be Republican Presidential Nominee in 2012,39,2.0,Mar/03/2011 18:43:10
741970,2012.REP.NOM.TRUMP,Donald Trump to be Republican Presidential Nominee in 2012,1,1.9,Mar/03/2011 21:04:42
741970,2012.REP.NOM.TRUMP,Donald Trump to be Republican Presidential Nominee in 2012,5,2.0,Mar/04/2011 02:41:52
741970,2012.REP.NOM.TRUMP,Donald Trump to be Republican Presidential Nominee in 2012,9,2.1,Mar/04/2011 02:42:47
741970,2012.REP.NOM.TRUMP,Donald Trump to be Republican Presidential Nominee in 2012,5,2.1,Mar/04/2011 06:59:04
741970,2012.REP.NOM.TRUMP,Donald Trump to be Republican Presidential Nominee in 2012,1,2.1,Mar/04/2011 06:59:04
741970,2012.REP.NOM.TRUMP,Donald Trump to be Republican Presidential Nominee in 2012,20,2.1,Mar/04/2011 06:59:04
741970,2012.REP.NOM.TRUMP,Donald Trump to be Republican Presidential Nominee in 2012,1,2.2,Mar/04/2011 14:21:16
741970,2012.REP.NOM.TRUMP,Donald Trump to be Republican Presidential Nominee in 2012,5,2.2,Mar/04/2011 14:21:16
741970,2012.REP.NOM.TRUMP,Donald Trump to be Republican Presidential Nominee in 2012,20,2.3,Mar/04/2011 14:21:37
741970,2012.REP.NOM.TRUMP,Donald Trump to be Republican Presidential Nominee in 2012,11,2.4,Mar/04/2011 14:21:56
741970,2012.REP.NOM.TRUMP,Donald Trump to be Republican Presidential Nominee in 2012,1,2.3,Mar/05/2011 19:19:44
741970,2012.REP.NOM.TRUMP,Donald Trump to be Republican Presidential Nominee in 2012,1,2.4,Mar/06/2011 06:02:09
741970,2012.REP.NOM.TRUMP,Donald Trump to be Republican Presidential Nominee in 2012,2,2.7,Mar/06/2011 07:20:47
741970,2012.REP.NOM.TRUMP,Donald Trump to be Republican Presidential Nominee in 2012,5,2.6,Mar/06/2011 07:20:47
741970,2012.REP.NOM.TRUMP,Donald Trump to be Republican Presidential Nominee in 2012,4,2.6,Mar/06/2011 07:20:47
741970,2012.REP.NOM.TRUMP,Donald Trump to be Republican Presidential Nominee in 2012,13,2.5,Mar/06/2011 07:20:47
741970,2012.REP.NOM.TRUMP,Donald Trump to be Republican Presidential Nominee in 2012,20,2.5,Mar/06/2011 07:20:47
741970,2012.REP.NOM.TRUMP,Donald Trump to be Republican Presidential Nominee in 2012,1,2.5,Mar/06/2011 07:20:47
741970,2012.REP.NOM.TRUMP,Donald Trump to be Republican Presidential Nominee in 2012,5,2.4,Mar/06/2011 07:20:47
741970,2012.REP.NOM.TRUMP,Donald Trump to be Republican Presidential Nominee in 2012,20,2.4,Mar/06/2011 07:20:47
741970,2012.REP.NOM.TRUMP,Donald Trump to be Republican Presidential Nominee in 2012,20,2.5,Mar/06/2011 07:20:47
741970,2012.REP.NOM.TRUMP,Donald Trump to be Republican Presidential Nominee in 2012,3,2.8,Mar/06/2011 07:22:25
741970,2012.REP.NOM.TRUMP,Donald Trump to be Republican Presidential Nominee in 2012,11,2.7,Mar/06/2011 07:22:25
741970,2012.REP.NOM.TRUMP,Donald Trump to be Republican Presidential Nominee in 2012,6,2.7,Mar/06/2011 07:22:25
741970,2012.REP.NOM.TRUMP,Donald Trump to be Republican Presidential Nominee in 2012,12,2.8,Mar/06/2011 07:22:25
741970,2012.REP.NOM.TRUMP,Donald Trump to be Republican Presidential Nominee in 2012,8,2.8,Mar/06/2011 13:53:06
741970,2012.REP.NOM.TRUMP,Donald Trump to be Republican Presidential Nominee in 2012,10,2.9,Mar/06/2011 13:53:37
741970,2012.REP.NOM.TRUMP,Donald Trump to be Republican Presidential Nominee in 2012,4,2.9,Mar/06/2011 13:53:37
741970,2012.REP.NOM.TRUMP,Donald Trump to be Republican Presidential Nominee in 2012,1,2.6,Mar/06/2011 17:17:17
741970,2012.REP.NOM.TRUMP,Donald Trump to be Republican Presidential Nominee in 2012,20,3.0,Mar/06/2011 19:00:45
741970,2012.REP.NOM.TRUMP,Donald Trump to be Republican Presidential Nominee in 2012,4,3.0,Mar/06/2011 19:00:45
741970,2012.REP.NOM.TRUMP,Donald Trump to be Republican Presidential Nominee in 2012,1,2.9,Mar/06/2011 19:00:45
741970,2012.REP.NOM.TRUMP,Donald Trump to be Republican Presidential Nominee in 2012,1,2.9,Mar/06/2011 19:00:45
741970,2012.REP.NOM.TRUMP,Donald Trump to be Republican Presidential Nominee in 2012,2,2.9,Mar/06/2011 19:00:45
741970,2012.REP.NOM.TRUMP,Donald Trump to be Republican Presidential Nominee in 2012,5,2.9,Mar/06/2011 19:00:45
741970,2012.REP.NOM.TRUMP,Donald Trump to be Republican Presidential Nominee in 2012,77,3.0,Mar/06/2011 19:00:45
741970,2012.REP.NOM.TRUMP,Donald Trump to be Republican Presidential Nominee in 2012,100,3.5,Mar/06/2011 23:51:00
741970,2012.REP.NOM.TRUMP,Donald Trump to be Republican Presidential Nominee in 2012,200,3.4,Mar/06/2011 23:51:00
741970,2012.REP.NOM.TRUMP,Donald Trump to be Republican Presidential Nominee in 2012,100,3.4,Mar/06/2011 23:51:00
741970,2012.REP.NOM.TRUMP,Donald Trump to be Republican Presidential Nominee in 2012,7,3.3,Mar/06/2011 23:51:00
741970,2012.REP.NOM.TRUMP,Donald Trump to be Republican Presidential Nominee in 2012,45,3.5,Mar/06/2011 23:51:00
741970,2012.REP.NOM.TRUMP,Donald Trump to be Republican Presidential Nominee in 2012,1,3.2,Mar/06/2011 23:51:00
741970,2012.REP.NOM.TRUMP,Donald Trump to be Republican Presidential Nominee in 2012,23,3.0,Mar/06/2011 23:51:00
741970,2012.REP.NOM.TRUMP,Donald Trump to be Republican Presidential Nominee in 2012,20,3.0,Mar/06/2011 23:51:00
741970,2012.REP.NOM.TRUMP,Donald Trump to be Republican Presidential Nominee in 2012,1,2.9,Mar/06/2011 23:51:00
741970,2012.REP.NOM.TRUMP,Donald Trump to be Republican Presidential Nominee in 2012,13,2.9,Mar/06/2011 23:51:00
741970,2012.REP.NOM.TRUMP,Donald Trump to be Republican Presidential Nominee in 2012,20,3.4,Mar/07/2011 03:17:52
741970,2012.REP.NOM.TRUMP,Donald Trump to be Republican Presidential Nominee in 2012,20,3.4,Mar/07/2011 03:24:41
741970,2012.REP.NOM.TRUMP,Donald Trump to be Republican Presidential Nominee in 2012,159,3.4,Mar/07/2011 04:24:00
741970,2012.REP.NOM.TRUMP,Donald Trump to be Republican Presidential Nominee in 2012,1,3.4,Mar/07/2011 05:50:16
741970,2012.REP.NOM.TRUMP,Donald Trump to be Republican Presidential Nominee in 2012,5,3.5,Mar/07/2011 06:59:53
741970,2012.REP.NOM.TRUMP,Donald Trump to be Republican Presidential Nominee in 2012,3,3.5,Mar/07/2011 06:59:53
741970,2012.REP.NOM.TRUMP,Donald Trump to be Republican Presidential Nominee in 2012,4,3.4,Mar/07/2011 06:59:53
741970,2012.REP.NOM.TRUMP,Donald Trump to be Republican Presidential Nominee in 2012,2,3.3,Mar/07/2011 06:59:53
741970,2012.REP.NOM.TRUMP,Donald Trump to be Republican Presidential Nominee in 2012,2,3.4,Mar/07/2011 06:59:53
741970,2012.REP.NOM.TRUMP,Donald Trump to be Republican Presidential Nominee in 2012,2,3.5,Mar/07/2011 06:59:53
741970,2012.REP.NOM.TRUMP,Donald Trump to be Republican Presidential Nominee in 2012,97,3.5,Mar/07/2011 06:59:53
741970,2012.REP.NOM.TRUMP,Donald Trump to be Republican Presidential Nominee in 2012,23,3.4,Mar/07/2011 15:56:53
741970,2012.REP.NOM.TRUMP,Donald Trump to be Republican Presidential Nominee in 2012,2,3.3,Mar/07/2011 15:56:53
741970,2012.REP.NOM.TRUMP,Donald Trump to be Republican Presidential Nominee in 2012,5,3.1,Mar/07/2011 18:23:39
741970,2012.REP.NOM.TRUMP,Donald Trump to be Republican Presidential Nominee in 2012,1,3.1,Mar/07/2011 18:38:35
741970,2012.REP.NOM.TRUMP,Donald Trump to be Republican Presidential Nominee in 2012,1,3.1,Mar/08/2011 06:59:08
741970,2012.REP.NOM.TRUMP,Donald Trump to be Republican Presidential Nominee in 2012,1,3.1,Mar/08/2011 12:39:56
741970,2012.REP.NOM.TRUMP,Donald Trump to be Republican Presidential Nominee in 2012,1,3.1,Mar/08/2011 12:41:45
741970,2012.REP.NOM.TRUMP,Donald Trump to be Republican Presidential Nominee in 2012,1,3.1,Mar/08/2011 12:41:51
741970,2012.REP.NOM.TRUMP,Donald Trump to be Republican Presidential Nominee in 2012,1,3.1,Mar/08/2011 12:43:32
741970,2012.REP.NOM.TRUMP,Donald Trump to be Republican Presidential Nominee in 2012,8,3.2,Mar/10/2011 01:06:38
741970,2012.REP.NOM.TRUMP,Donald Trump to be Republican Presidential Nominee in 2012,10,3.0,Mar/10/2011 03:52:49
741970,2012.REP.NOM.TRUMP,Donald Trump to be Republican Presidential Nominee in 2012,25,3.0,Mar/10/2011 03:52:49
741970,2012.REP.NOM.TRUMP,Donald Trump to be Republican Presidential Nominee in 2012,12,3.0,Mar/10/2011 03:52:49
741970,2012.REP.NOM.TRUMP,Donald Trump to be Republican Presidential Nominee in 2012,8,3.0,Mar/10/2011 03:54:09
741970,2012.REP.NOM.TRUMP,Donald Trump to be Republican Presidential Nominee in 2012,32,2.6,Mar/10/2011 05:10:31
741970,2012.REP.NOM.TRUMP,Donald Trump to be Republican Presidential Nominee in 2012,6,2.5,Mar/10/2011 05:10:31
741970,2012.REP.NOM.TRUMP,Donald Trump to be Republican Presidential Nominee in 2012,500,2.5,Mar/10/2011 05:10:31
741970,2012.REP.NOM.TRUMP,Donald Trump to be Republican Presidential Nominee in 2012,9,2.7,Mar/10/2011 05:10:31
741970,2012.REP.NOM.TRUMP,Donald Trump to be Republican Presidential Nominee in 2012,20,2.9,Mar/10/2011 05:10:31
741970,2012.REP.NOM.TRUMP,Donald Trump to be Republican Presidential Nominee in 2012,30,2.8,Mar/10/2011 05:10:31
741970,2012.REP.NOM.TRUMP,Donald Trump to be Republican Presidential Nominee in 2012,40,2.7,Mar/10/2011 05:10:31
741970,2012.REP.NOM.TRUMP,Donald Trump to be Republican Presidential Nominee in 2012,50,2.6,Mar/10/2011 05:10:31
741970,2012.REP.NOM.TRUMP,Donald Trump to be Republican Presidential Nominee in 2012,60,2.5,Mar/10/2011 05:10:31
741970,2012.REP.NOM.TRUMP,Donald Trump to be Republican Presidential Nominee in 2012,203,2.3,Mar/10/2011 05:54:03
741970,2012.REP.NOM.TRUMP,Donald Trump to be Republican Presidential Nominee in 2012,70,2.4,Mar/10/2011 05:54:03
741970,2012.REP.NOM.TRUMP,Donald Trump to be Republican Presidential Nominee in 2012,25,2.4,Mar/10/2011 05:54:03
741970,2012.REP.NOM.TRUMP,Donald Trump to be Republican Presidential Nominee in 2012,226,2.3,Mar/10/2011 05:58:38
741970,2012.REP.NOM.TRUMP,Donald Trump to be Republican Presidential Nominee in 2012,80,2.3,Mar/10/2011 05:58:38
741970,2012.REP.NOM.TRUMP,Donald Trump to be Republican Presidential Nominee in 2012,90,2.2,Mar/10/2011 05:58:38
741970,2012.REP.NOM.TRUMP,Donald Trump to be Republican Presidential Nominee in 2012,100,2.1,Mar/10/2011 05:58:38
741970,2012.REP.NOM.TRUMP,Donald Trump to be Republican Presidential Nominee in 2012,4,2.0,Mar/10/2011 05:58:38
741970,2012.REP.NOM.TRUMP,Donald Trump to be Republican Presidential Nominee in 2012,20,2.3,Mar/12/2011 03:59:25
741970,2012.REP.NOM.TRUMP,Donald Trump to be Republican Presidential Nominee in 2012,19,2.1,Mar/14/2011 00:43:39
741970,2012.REP.NOM.TRUMP,Donald Trump to be Republican Presidential Nominee in 2012,1,2.2,Mar/14/2011 00:43:39
741970,2012.REP.NOM.TRUMP,Donald Trump to be Republican Presidential Nominee in 2012,5,2.3,Mar/14/2011 00:43:39
741970,2012.REP.NOM.TRUMP,Donald Trump to be Republican Presidential Nominee in 2012,25,2.2,Mar/14/2011 00:43:39
741970,2012.REP.NOM.TRUMP,Donald Trump to be Republican Presidential Nominee in 2012,1,2.1,Mar/14/2011 15:19:41
741970,2012.REP.NOM.TRUMP,Donald Trump to be Republican Presidential Nominee in 2012,1,2.1,Mar/14/2011 15:19:46
741970,2012.REP.NOM.TRUMP,Donald Trump to be Republican Presidential Nominee in 2012,2,2.1,Mar/14/2011 15:21:02
741970,2012.REP.NOM.TRUMP,Donald Trump to be Republican Presidential Nominee in 2012,2,2.1,Mar/16/2011 02:09:02
741970,2012.REP.NOM.TRUMP,Donald Trump to be Republican Presidential Nominee in 2012,25,2.1,Mar/16/2011 02:09:02
741970,2012.REP.NOM.TRUMP,Donald Trump to be Republican Presidential Nominee in 2012,13,2.1,Mar/16/2011 02:20:49
741970,2012.REP.NOM.TRUMP,Donald Trump to be Republican Presidential Nominee in 2012,5,2.2,Mar/16/2011 04:53:39
741970,2012.REP.NOM.TRUMP,Donald Trump to be Republican Presidential Nominee in 2012,5,2.2,Mar/16/2011 04:53:52
741970,2012.REP.NOM.TRUMP,Donald Trump to be Republican Presidential Nominee in 2012,10,2.2,Mar/16/2011 08:10:24
741970,2012.REP.NOM.TRUMP,Donald Trump to be Republican Presidential Nominee in 2012,50,1.9,Mar/16/2011 08:17:57
741970,2012.REP.NOM.TRUMP,Donald Trump to be Republican Presidential Nominee in 2012,25,2.0,Mar/16/2011 08:17:57
741970,2012.REP.NOM.TRUMP,Donald Trump to be Republican Presidential Nominee in 2012,5,2.0,Mar/16/2011 08:17:57
741970,2012.REP.NOM.TRUMP,Donald Trump to be Republican Presidential Nominee in 2012,5,1.9,Mar/16/2011 08:17:57
741970,2012.REP.NOM.TRUMP,Donald Trump to be Republican Presidential Nominee in 2012,25,2.0,Mar/16/2011 08:17:57
741970,2012.REP.NOM.TRUMP,Donald Trump to be Republican Presidential Nominee in 2012,37,2.1,Mar/16/2011 08:17:57
741970,2012.REP.NOM.TRUMP,Donald Trump to be Republican Presidential Nominee in 2012,400,2.4,Mar/16/2011 11:10:14
741970,2012.REP.NOM.TRUMP,Donald Trump to be Republican Presidential Nominee in 2012,20,2.1,Mar/16/2011 19:08:15
741970,2012.REP.NOM.TRUMP,Donald Trump to be Republican Presidential Nominee in 2012,5,2.1,Mar/16/2011 20:10:48
741970,2012.REP.NOM.TRUMP,Donald Trump to be Republican Presidential Nominee in 2012,15,2.1,Mar/16/2011 23:43:45
741970,2012.REP.NOM.TRUMP,Donald Trump to be Republican Presidential Nominee in 2012,35,2.1,Mar/16/2011 23:45:11
741970,2012.REP.NOM.TRUMP,Donald Trump to be Republican Presidential Nominee in 2012,25,2.1,Mar/16/2011 23:47:54
741970,2012.REP.NOM.TRUMP,Donald Trump to be Republican Presidential Nominee in 2012,25,2.1,Mar/16/2011 23:54:30
741970,2012.REP.NOM.TRUMP,Donald Trump to be Republican Presidential Nominee in 2012,15,2.1,Mar/17/2011 00:01:37
741970,2012.REP.NOM.TRUMP,Donald Trump to be Republican Presidential Nominee in 2012,1,2.2,Mar/17/2011 04:18:26
741970,2012.REP.NOM.TRUMP,Donald Trump to be Republican Presidential Nominee in 2012,20,2.2,Mar/17/2011 04:18:26
741970,2012.REP.NOM.TRUMP,Donald Trump to be Republican Presidential Nominee in 2012,9,2.2,Mar/17/2011 04:18:26
741970,2012.REP.NOM.TRUMP,Donald Trump to be Republican Presidential Nominee in 2012,35,2.1,Mar/17/2011 10:38:24
741970,2012.REP.NOM.TRUMP,Donald Trump to be Republican Presidential Nominee in 2012,5,2.0,Mar/17/2011 10:38:48
741970,2012.REP.NOM.TRUMP,Donald Trump to be Republican Presidential Nominee in 2012,11,2.2,Mar/17/2011 13:49:51
741970,2012.REP.NOM.TRUMP,Donald Trump to be Republican Presidential Nominee in 2012,10,2.3,Mar/17/2011 19:31:30
741970,2012.REP.NOM.TRUMP,Donald Trump to be Republican Presidential Nominee in 2012,5,2.3,Mar/17/2011 20:12:47
741970,2012.REP.NOM.TRUMP,Donald Trump to be Republican Presidential Nominee in 2012,5,2.3,Mar/17/2011 20:14:08
741970,2012.REP.NOM.TRUMP,Donald Trump to be Republican Presidential Nominee in 2012,5,2.3,Mar/17/2011 21:53:20
741970,2012.REP.NOM.TRUMP,Donald Trump to be Republican Presidential Nominee in 2012,15,2.3,Mar/18/2011 06:32:10
741970,2012.REP.NOM.TRUMP,Donald Trump to be Republican Presidential Nominee in 2012,1,2.5,Mar/19/2011 00:21:21
741970,2012.REP.NOM.TRUMP,Donald Trump to be Republican Presidential Nominee in 2012,2,2.5,Mar/19/2011 00:21:21
741970,2012.REP.NOM.TRUMP,Donald Trump to be Republican Presidential Nominee in 2012,20,2.4,Mar/19/2011 00:21:21
741970,2012.REP.NOM.TRUMP,Donald Trump to be Republican Presidential Nominee in 2012,100,2.5,Mar/19/2011 00:21:21
741970,2012.REP.NOM.TRUMP,Donald Trump to be Republican Presidential Nominee in 2012,2,2.5,Mar/19/2011 00:35:39
741970,2012.REP.NOM.TRUMP,Donald Trump to be Republican Presidential Nominee in 2012,5,2.5,Mar/19/2011 04:26:27
741970,2012.REP.NOM.TRUMP,Donald Trump to be Republican Presidential Nominee in 2012,13,2.5,Mar/21/2011 00:16:15
741970,2012.REP.NOM.TRUMP,Donald Trump to be Republican Presidential Nominee in 2012,20,2.5,Mar/21/2011 00:16:15
741970,2012.REP.NOM.TRUMP,Donald Trump to be Republican Presidential Nominee in 2012,1,2.6,Mar/21/2011 03:31:26
741970,2012.REP.NOM.TRUMP,Donald Trump to be Republican Presidential Nominee in 2012,20,2.6,Mar/21/2011 03:31:26
741970,2012.REP.NOM.TRUMP,Donald Trump to be Republican Presidential Nominee in 2012,20,2.9,Mar/21/2011 03:33:33
741970,2012.REP.NOM.TRUMP,Donald Trump to be Republican Presidential Nominee in 2012,17,2.7,Mar/21/2011 03:33:33
741970,2012.REP.NOM.TRUMP,Donald Trump to be Republican Presidential Nominee in 2012,20,2.7,Mar/21/2011 03:33:33
741970,2012.REP.NOM.TRUMP,Donald Trump to be Republican Presidential Nominee in 2012,11,2.5,Mar/22/2011 08:56:11
741970,2012.REP.NOM.TRUMP,Donald Trump to be Republican Presidential Nominee in 2012,12,2.4,Mar/22/2011 16:48:18
741970,2012.REP.NOM.TRUMP,Donald Trump to be Republican Presidential Nominee in 2012,6,2.5,Mar/22/2011 16:48:18
741970,2012.REP.NOM.TRUMP,Donald Trump to be Republican Presidential Nominee in 2012,1,2.5,Mar/22/2011 16:48:18
741970,2012.REP.NOM.TRUMP,Donald Trump to be Republican Presidential Nominee in 2012,13,2.4,Mar/23/2011 19:19:05
741970,2012.REP.NOM.TRUMP,Donald Trump to be Republican Presidential Nominee in 2012,45,2.5,Mar/23/2011 19:19:05
741970,2012.REP.NOM.TRUMP,Donald Trump to be Republican Presidential Nominee in 2012,50,2.4,Mar/23/2011 19:19:05
741970,2012.REP.NOM.TRUMP,Donald Trump to be Republican Presidential Nominee in 2012,1,2.6,Mar/24/2011 00:43:04
741970,2012.REP.NOM.TRUMP,Donald Trump to be Republican Presidential Nominee in 2012,1,2.7,Mar/24/2011 00:56:47
741970,2012.REP.NOM.TRUMP,Donald Trump to be Republican Presidential Nominee in 2012,4,2.7,Mar/24/2011 00:56:47
741970,2012.REP.NOM.TRUMP,Donald Trump to be Republican Presidential Nominee in 2012,3,2.7,Mar/24/2011 16:34:07
741970,2012.REP.NOM.TRUMP,Donald Trump to be Republican Presidential Nominee in 2012,2,2.7,Mar/24/2011 16:34:32
741970,2012.REP.NOM.TRUMP,Donald Trump to be Republican Presidential Nominee in 2012,1,2.4,Mar/24/2011 20:29:42
741970,2012.REP.NOM.TRUMP,Donald Trump to be Republican Presidential Nominee in 2012,1,2.4,Mar/24/2011 20:29:42
741970,2012.REP.NOM.TRUMP,Donald Trump to be Republican Presidential Nominee in 2012,3,2.4,Mar/25/2011 01:39:55
741970,2012.REP.NOM.TRUMP,Donald Trump to be Republican Presidential Nominee in 2012,5,2.5,Mar/25/2011 01:40:09
741970,2012.REP.NOM.TRUMP,Donald Trump to be Republican Presidential Nominee in 2012,1,2.5,Mar/25/2011 01:40:09
741970,2012.REP.NOM.TRUMP,Donald Trump to be Republican Presidential Nominee in 2012,1,2.5,Mar/25/2011 14:54:50
741970,2012.REP.NOM.TRUMP,Donald Trump to be Republican Presidential Nominee in 2012,10,2.6,Mar/25/2011 18:13:40
741970,2012.REP.NOM.TRUMP,Donald Trump to be Republican Presidential Nominee in 2012,1,2.6,Mar/25/2011 18:13:40
741970,2012.REP.NOM.TRUMP,Donald Trump to be Republican Presidential Nominee in 2012,10,2.6,Mar/25/2011 21:44:42
741970,2012.REP.NOM.TRUMP,Donald Trump to be Republican Presidential Nominee in 2012,10,2.6,Mar/26/2011 20:03:18
741970,2012.REP.NOM.TRUMP,Donald Trump to be Republican Presidential Nominee in 2012,20,2.6,Mar/26/2011 20:03:18
741970,2012.REP.NOM.TRUMP,Donald Trump to be Republican Presidential Nominee in 2012,20,2.6,Mar/26/2011 20:03:18
741970,2012.REP.NOM.TRUMP,Donald Trump to be Republican Presidential Nominee in 2012,20,2.6,Mar/26/2011 20:03:18
741970,2012.REP.NOM.TRUMP,Donald Trump to be Republican Presidential Nominee in 2012,20,2.6,Mar/26/2011 20:03:18
741970,2012.REP.NOM.TRUMP,Donald Trump to be Republican Presidential Nominee in 2012,10,2.6,Mar/26/2011 20:04:18
741970,2012.REP.NOM.TRUMP,Donald Trump to be Republican Presidential Nominee in 2012,43,2.5,Mar/27/2011 14:51:57
741970,2012.REP.NOM.TRUMP,Donald Trump to be Republican Presidential Nominee in 2012,1,2.5,Mar/27/2011 14:51:57
741970,2012.REP.NOM.TRUMP,Donald Trump to be Republican Presidential Nominee in 2012,30,2.6,Mar/27/2011 23:24:31
741970,2012.REP.NOM.TRUMP,Donald Trump to be Republican Presidential Nominee in 2012,70,2.6,Mar/28/2011 02:14:06
741970,2012.REP.NOM.TRUMP,Donald Trump to be Republican Presidential Nominee in 2012,1,2.6,Mar/28/2011 02:14:06
741970,2012.REP.NOM.TRUMP,Donald Trump to be Republican Presidential Nominee in 2012,20,2.6,Mar/28/2011 02:14:06
741970,2012.REP.NOM.TRUMP,Donald Trump to be Republican Presidential Nominee in 2012,5,2.8,Mar/28/2011 02:21:47
741970,2012.REP.NOM.TRUMP,Donald Trump to be Republican Presidential Nominee in 2012,2,2.7,Mar/28/2011 02:21:47
741970,2012.REP.NOM.TRUMP,Donald Trump to be Republican Presidential Nominee in 2012,15,2.7,Mar/28/2011 02:21:47
741970,2012.REP.NOM.TRUMP,Donald Trump to be Republican Presidential Nominee in 2012,2,2.8,Mar/28/2011 02:21:47
741970,2012.REP.NOM.TRUMP,Donald Trump to be Republican Presidential Nominee in 2012,20,2.6,Mar/28/2011 03:23:43
741970,2012.REP.NOM.TRUMP,Donald Trump to be Republican Presidential Nominee in 2012,50,2.7,Mar/28/2011 16:17:21
741970,2012.REP.NOM.TRUMP,Donald Trump to be Republican Presidential Nominee in 2012,1,2.8,Mar/28/2011 22:41:39
741970,2012.REP.NOM.TRUMP,Donald Trump to be Republican Presidential Nominee in 2012,20,2.7,Mar/29/2011 05:15:05
741970,2012.REP.NOM.TRUMP,Donald Trump to be Republican Presidential Nominee in 2012,2,2.7,Mar/29/2011 09:03:39
741970,2012.REP.NOM.TRUMP,Donald Trump to be Republican Presidential Nominee in 2012,10,2.8,Mar/29/2011 10:55:13
741970,2012.REP.NOM.TRUMP,Donald Trump to be Republican Presidential Nominee in 2012,18,3.0,Mar/30/2011 01:37:26
741970,2012.REP.NOM.TRUMP,Donald Trump to be Republican Presidential Nominee in 2012,7,2.8,Mar/30/2011 01:37:26
741970,2012.REP.NOM.TRUMP,Donald Trump to be Republican Presidential Nominee in 2012,25,2.9,Mar/30/2011 01:37:26
741970,2012.REP.NOM.TRUMP,Donald Trump to be Republican Presidential Nominee in 2012,28,3.0,Mar/30/2011 01:37:26
741970,2012.REP.NOM.TRUMP,Donald Trump to be Republican Presidential Nominee in 2012,20,2.8,Mar/30/2011 01:37:26
741970,2012.REP.NOM.TRUMP,Donald Trump to be Republican Presidential Nominee in 2012,1,2.8,Mar/30/2011 01:37:26
741970,2012.REP.NOM.TRUMP,Donald Trump to be Republican Presidential Nominee in 2012,1,2.8,Mar/30/2011 01:37:26
741970,2012.REP.NOM.TRUMP,Donald Trump to be Republican Presidential Nominee in 2012,11,2.8,Mar/30/2011 04:01:26
741970,2012.REP.NOM.TRUMP,Donald Trump to be Republican Presidential Nominee in 2012,19,2.8,Mar/30/2011 04:01:26
741970,2012.REP.NOM.TRUMP,Donald Trump to be Republican Presidential Nominee in 2012,5,2.7,Mar/30/2011 14:21:49
741970,2012.REP.NOM.TRUMP,Donald Trump to be Republican Presidential Nominee in 2012,20,2.9,Mar/30/2011 20:25:03
741970,2012.REP.NOM.TRUMP,Donald Trump to be Republican Presidential Nominee in 2012,5,3.1,Mar/30/2011 20:26:35
741970,2012.REP.NOM.TRUMP,Donald Trump to be Republican Presidential Nominee in 2012,1,3.3,Mar/30/2011 20:39:35
741970,2012.REP.NOM.TRUMP,Donald Trump to be Republican Presidential Nominee in 2012,1,3.3,Mar/30/2011 20:39:35
741970,2012.REP.NOM.TRUMP,Donald Trump to be Republican Presidential Nominee in 2012,25,3.3,Mar/30/2011 20:39:35
741970,2012.REP.NOM.TRUMP,Donald Trump to be Republican Presidential Nominee in 2012,14,3.2,Mar/30/2011 20:39:35
741970,2012.REP.NOM.TRUMP,Donald Trump to be Republican Presidential Nominee in 2012,5,3.2,Mar/30/2011 20:39:35
741970,2012.REP.NOM.TRUMP,Donald Trump to be Republican Presidential Nominee in 2012,5,3.3,Mar/30/2011 20:39:35
741970,2012.REP.NOM.TRUMP,Donald Trump to be Republican Presidential Nominee in 2012,1,3.8,Mar/31/2011 00:11:29
741970,2012.REP.NOM.TRUMP,Donald Trump to be Republican Presidential Nominee in 2012,3,3.5,Mar/31/2011 00:11:29
741970,2012.REP.NOM.TRUMP,Donald Trump to be Republican Presidential Nominee in 2012,16,3.4,Mar/31/2011 00:11:29
741970,2012.REP.NOM.TRUMP,Donald Trump to be Republican Presidential Nominee in 2012,25,3.7,Mar/31/2011 00:11:29
741970,2012.REP.NOM.TRUMP,Donald Trump to be Republican Presidential Nominee in 2012,25,3.8,Mar/31/2011 00:11:29
741970,2012.REP.NOM.TRUMP,Donald Trump to be Republican Presidential Nominee in 2012,2,3.8,Mar/31/2011 00:11:29
741970,2012.REP.NOM.TRUMP,Donald Trump to be Republican Presidential Nominee in 2012,4,3.5,Mar/31/2011 00:11:29
741970,2012.REP.NOM.TRUMP,Donald Trump to be Republican Presidential Nominee in 2012,4,3.6,Mar/31/2011 00:11:29
741970,2012.REP.NOM.TRUMP,Donald Trump to be Republican Presidential Nominee in 2012,5,3.7,Mar/31/2011 00:11:29
741970,2012.REP.NOM.TRUMP,Donald Trump to be Republican Presidential Nominee in 2012,7,3.9,Mar/31/2011 00:17:35
741970,2012.REP.NOM.TRUMP,Donald Trump to be Republican Presidential Nominee in 2012,6,3.8,Mar/31/2011 00:17:35
741970,2012.REP.NOM.TRUMP,Donald Trump to be Republican Presidential Nominee in 2012,6,3.8,Mar/31/2011 00:17:35
741970,2012.REP.NOM.TRUMP,Donald Trump to be Republican Presidential Nominee in 2012,3,3.3,Apr/01/2011 01:24:30
741970,2012.REP.NOM.TRUMP,Donald Trump to be Republican Presidential Nominee in 2012,18,3.3,Apr/01/2011 01:24:30
741970,2012.REP.NOM.TRUMP,Donald Trump to be Republican Presidential Nominee in 2012,10,3.4,Apr/01/2011 01:24:30
741970,2012.REP.NOM.TRUMP,Donald Trump to be Republican Presidential Nominee in 2012,9,3.4,Apr/01/2011 01:24:30
741970,2012.REP.NOM.TRUMP,Donald Trump to be Republican Presidential Nominee in 2012,1,3.1,Apr/01/2011 04:02:52
741970,2012.REP.NOM.TRUMP,Donald Trump to be Republican Presidential Nominee in 2012,1,3.2,Apr/01/2011 09:24:28
741970,2012.REP.NOM.TRUMP,Donald Trump to be Republican Presidential Nominee in 2012,19,3.2,Apr/01/2011 17:01:26
741970,2012.REP.NOM.TRUMP,Donald Trump to be Republican Presidential Nominee in 2012,9,3.2,Apr/02/2011 01:27:29
741970,2012.REP.NOM.TRUMP,Donald Trump to be Republican Presidential Nominee in 2012,1,3.2,Apr/02/2011 02:38:57
741970,2012.REP.NOM.TRUMP,Donald Trump to be Republican Presidential Nominee in 2012,7,3.3,Apr/02/2011 09:57:07
741970,2012.REP.NOM.TRUMP,Donald Trump to be Republican Presidential Nominee in 2012,11,3.4,Apr/02/2011 09:57:54
741970,2012.REP.NOM.TRUMP,Donald Trump to be Republican Presidential Nominee in 2012,6,3.5,Apr/02/2011 10:05:01
741970,2012.REP.NOM.TRUMP,Donald Trump to be Republican Presidential Nominee in 2012,1,3.5,Apr/02/2011 10:05:49
741970,2012.REP.NOM.TRUMP,Donald Trump to be Republican Presidential Nominee in 2012,9,3.7,Apr/02/2011 15:49:52
741970,2012.REP.NOM.TRUMP,Donald Trump to be Republican Presidential Nominee in 2012,13,3.5,Apr/02/2011 15:49:52
741970,2012.REP.NOM.TRUMP,Donald Trump to be Republican Presidential Nominee in 2012,27,3.7,Apr/02/2011 15:49:52
741970,2012.REP.NOM.TRUMP,Donald Trump to be Republican Presidential Nominee in 2012,1,3.6,Apr/02/2011 15:49:52
741970,2012.REP.NOM.TRUMP,Donald Trump to be Republican Presidential Nominee in 2012,1,3.3,Apr/03/2011 20:23:22
741970,2012.REP.NOM.TRUMP,Donald Trump to be Republican Presidential Nominee in 2012,499,3.3,Apr/03/2011 20:25:47
741970,2012.REP.NOM.TRUMP,Donald Trump to be Republican Presidential Nominee in 2012,20,3.4,Apr/03/2011 21:02:51
741970,2012.REP.NOM.TRUMP,Donald Trump to be Republican Presidential Nominee in 2012,5,3.4,Apr/04/2011 09:20:28
741970,2012.REP.NOM.TRUMP,Donald Trump to be Republican Presidential Nominee in 2012,25,3.4,Apr/04/2011 11:27:42
741970,2012.REP.NOM.TRUMP,Donald Trump to be Republican Presidential Nominee in 2012,61,3.4,Apr/04/2011 15:20:47
741970,2012.REP.NOM.TRUMP,Donald Trump to be Republican Presidential Nominee in 2012,300,3.3,Apr/04/2011 15:21:23
741970,2012.REP.NOM.TRUMP,Donald Trump to be Republican Presidential Nominee in 2012,54,3.3,Apr/04/2011 15:22:27
741970,2012.REP.NOM.TRUMP,Donald Trump to be Republican Presidential Nominee in 2012,50,3.4,Apr/05/2011 01:01:29
741970,2012.REP.NOM.TRUMP,Donald Trump to be Republican Presidential Nominee in 2012,20,3.4,Apr/05/2011 01:01:29
741970,2012.REP.NOM.TRUMP,Donald Trump to be Republican Presidential Nominee in 2012,23,3.7,Apr/05/2011 01:04:01
741970,2012.REP.NOM.TRUMP,Donald Trump to be Republican Presidential Nominee in 2012,20,3.6,Apr/05/2011 01:04:01
741970,2012.REP.NOM.TRUMP,Donald Trump to be Republican Presidential Nominee in 2012,7,3.5,Apr/05/2011 01:04:01
741970,2012.REP.NOM.TRUMP,Donald Trump to be Republican Presidential Nominee in 2012,20,3.5,Apr/05/2011 01:04:01
741970,2012.REP.NOM.TRUMP,Donald Trump to be Republican Presidential Nominee in 2012,300,3.7,Apr/05/2011 01:04:01
741970,2012.REP.NOM.TRUMP,Donald Trump to be Republican Presidential Nominee in 2012,10,3.5,Apr/05/2011 01:04:01
741970,2012.REP.NOM.TRUMP,Donald Trump to be Republican Presidential Nominee in 2012,20,3.6,Apr/05/2011 01:04:01
741970,2012.REP.NOM.TRUMP,Donald Trump to be Republican Presidential Nominee in 2012,30,3.7,Apr/05/2011 01:04:01
741970,2012.REP.NOM.TRUMP,Donald Trump to be Republican Presidential Nominee in 2012,18,3.9,Apr/05/2011 02:11:39
741970,2012.REP.NOM.TRUMP,Donald Trump to be Republican Presidential Nominee in 2012,25,4.0,Apr/05/2011 02:11:39
741970,2012.REP.NOM.TRUMP,Donald Trump to be Republican Presidential Nominee in 2012,100,3.8,Apr/05/2011 02:11:39
741970,2012.REP.NOM.TRUMP,Donald Trump to be Republican Presidential Nominee in 2012,400,4.0,Apr/05/2011 02:11:39
741970,2012.REP.NOM.TRUMP,Donald Trump to be Republican Presidential Nominee in 2012,40,3.8,Apr/05/2011 02:11:39
741970,2012.REP.NOM.TRUMP,Donald Trump to be Republican Presidential Nominee in 2012,50,3.9,Apr/05/2011 02:11:39
741970,2012.REP.NOM.TRUMP,Donald Trump to be Republican Presidential Nominee in 2012,22,4.0,Apr/05/2011 02:11:39
741970,2012.REP.NOM.TRUMP,Donald Trump to be Republican Presidential Nominee in 2012,200,4.9,Apr/05/2011 06:16:38
741970,2012.REP.NOM.TRUMP,Donald Trump to be Republican Presidential Nominee in 2012,20,5.0,Apr/05/2011 06:16:38
741970,2012.REP.NOM.TRUMP,Donald Trump to be Republican Presidential Nominee in 2012,1,5.0,Apr/05/2011 06:16:38
741970,2012.REP.NOM.TRUMP,Donald Trump to be Republican Presidential Nominee in 2012,17,4.7,Apr/05/2011 06:16:38
741970,2012.REP.NOM.TRUMP,Donald Trump to be Republican Presidential Nominee in 2012,25,4.1,Apr/05/2011 06:16:38
741970,2012.REP.NOM.TRUMP,Donald Trump to be Republican Presidential Nominee in 2012,25,4.2,Apr/05/2011 06:16:38
741970,2012.REP.NOM.TRUMP,Donald Trump to be Republican Presidential Nominee in 2012,1,4.4,Apr/05/2011 06:16:38
741970,2012.REP.NOM.TRUMP,Donald Trump to be Republican Presidential Nominee in 2012,428,4.9,Apr/05/2011 06:16:38
741970,2012.REP.NOM.TRUMP,Donald Trump to be Republican Presidential Nominee in 2012,38,4.0,Apr/05/2011 06:16:38
741970,2012.REP.NOM.TRUMP,Donald Trump to be Republican Presidential Nominee in 2012,70,4.1,Apr/05/2011 06:16:38
741970,2012.REP.NOM.TRUMP,Donald Trump to be Republican Presidential Nominee in 2012,80,4.2,Apr/05/2011 06:16:38
741970,2012.REP.NOM.TRUMP,Donald Trump to be Republican Presidential Nominee in 2012,90,4.3,Apr/05/2011 06:16:38
741970,2012.REP.NOM.TRUMP,Donald Trump to be Republican Presidential Nominee in 2012,100,4.4,Apr/05/2011 06:16:38
741970,2012.REP.NOM.TRUMP,Donald Trump to be Republican Presidential Nominee in 2012,110,4.5,Apr/05/2011 06:16:38
741970,2012.REP.NOM.TRUMP,Donald Trump to be Republican Presidential Nominee in 2012,100,4.2,Apr/05/2011 06:16:38
741970,2012.REP.NOM.TRUMP,Donald Trump to be Republican Presidential Nominee in 2012,100,4.4,Apr/05/2011 06:16:38
741970,2012.REP.NOM.TRUMP,Donald Trump to be Republican Presidential Nominee in 2012,200,4.6,Apr/05/2011 06:16:38
741970,2012.REP.NOM.TRUMP,Donald Trump to be Republican Presidential Nominee in 2012,300,4.8,Apr/05/2011 06:16:38
741970,2012.REP.NOM.TRUMP,Donald Trump to be Republican Presidential Nominee in 2012,400,5.0,Apr/05/2011 06:16:38
741970,2012.REP.NOM.TRUMP,Donald Trump to be Republican Presidential Nominee in 2012,1,5.8,Apr/05/2011 06:32:49
741970,2012.REP.NOM.TRUMP,Donald Trump to be Republican Presidential Nominee in 2012,3,5.9,Apr/05/2011 06:33:42
741970,2012.REP.NOM.TRUMP,Donald Trump to be Republican Presidential Nominee in 2012,4,5.0,Apr/05/2011 12:41:52
741970,2012.REP.NOM.TRUMP,Donald Trump to be Republican Presidential Nominee in 2012,1,5.1,Apr/05/2011 12:41:52
741970,2012.REP.NOM.TRUMP,Donald Trump to be Republican Presidential Nominee in 2012,5,6.0,Apr/05/2011 12:44:08
741970,2012.REP.NOM.TRUMP,Donald Trump to be Republican Presidential Nominee in 2012,100,5.0,Apr/05/2011 13:44:36
741970,2012.REP.NOM.TRUMP,Donald Trump to be Republican Presidential Nominee in 2012,20,5.0,Apr/05/2011 14:25:29
741970,2012.REP.NOM.TRUMP,Donald Trump to be Republican Presidential Nominee in 2012,1,5.0,Apr/05/2011 15:38:59
741970,2012.REP.NOM.TRUMP,Donald Trump to be Republican Presidential Nominee in 2012,20,5.0,Apr/05/2011 17:22:54
741970,2012.REP.NOM.TRUMP,Donald Trump to be Republican Presidential Nominee in 2012,2,5.1,Apr/05/2011 17:46:02
741970,2012.REP.NOM.TRUMP,Donald Trump to be Republican Presidential Nominee in 2012,1,5.1,Apr/05/2011 18:02:38
741970,2012.REP.NOM.TRUMP,Donald Trump to be Republican Presidential Nominee in 2012,20,5.1,Apr/05/2011 21:24:26
741970,2012.REP.NOM.TRUMP,Donald Trump to be Republican Presidential Nominee in 2012,177,5.1,Apr/06/2011 07:54:47
741970,2012.REP.NOM.TRUMP,Donald Trump to be Republican Presidential Nominee in 2012,100,5.1,Apr/06/2011 07:54:47
741970,2012.REP.NOM.TRUMP,Donald Trump to be Republican Presidential Nominee in 2012,5,5.2,Apr/06/2011 11:06:43
741970,2012.REP.NOM.TRUMP,Donald Trump to be Republican Presidential Nominee in 2012,20,5.2,Apr/06/2011 11:06:43
741970,2012.REP.NOM.TRUMP,Donald Trump to be Republican Presidential Nominee in 2012,5,5.3,Apr/06/2011 11:07:51
741970,2012.REP.NOM.TRUMP,Donald Trump to be Republican Presidential Nominee in 2012,50,5.0,Apr/06/2011 12:06:22
741970,2012.REP.NOM.TRUMP,Donald Trump to be Republican Presidential Nominee in 2012,12,5.1,Apr/06/2011 20:09:13
741970,2012.REP.NOM.TRUMP,Donald Trump to be Republican Presidential Nominee in 2012,8,5.1,Apr/06/2011 20:09:13
741970,2012.REP.NOM.TRUMP,Donald Trump to be Republican Presidential Nominee in 2012,2,5.1,Apr/06/2011 20:45:14
741970,2012.REP.NOM.TRUMP,Donald Trump to be Republican Presidential Nominee in 2012,1,5.1,Apr/06/2011 21:08:40
741970,2012.REP.NOM.TRUMP,Donald Trump to be Republican Presidential Nominee in 2012,10,5.1,Apr/06/2011 21:18:03
741970,2012.REP.NOM.TRUMP,Donald Trump to be Republican Presidential Nominee in 2012,20,6.0,Apr/06/2011 22:29:44
741970,2012.REP.NOM.TRUMP,Donald Trump to be Republican Presidential Nominee in 2012,300,6.0,Apr/06/2011 22:29:44
741970,2012.REP.NOM.TRUMP,Donald Trump to be Republican Presidential Nominee in 2012,11,5.5,Apr/06/2011 22:29:44
741970,2012.REP.NOM.TRUMP,Donald Trump to be Republican Presidential Nominee in 2012,100,5.6,Apr/06/2011 22:29:44
741970,2012.REP.NOM.TRUMP,Donald Trump to be Republican Presidential Nominee in 2012,10,5.2,Apr/06/2011 22:29:44
741970,2012.REP.NOM.TRUMP,Donald Trump to be Republican Presidential Nominee in 2012,15,5.3,Apr/06/2011 22:29:44
741970,2012.REP.NOM.TRUMP,Donald Trump to be Republican Presidential Nominee in 2012,20,5.4,Apr/06/2011 22:29:44
741970,2012.REP.NOM.TRUMP,Donald Trump to be Republican Presidential Nominee in 2012,25,5.5,Apr/06/2011 22:29:44
741970,2012.REP.NOM.TRUMP,Donald Trump to be Republican Presidential Nominee in 2012,30,5.6,Apr/06/2011 22:29:44
741970,2012.REP.NOM.TRUMP,Donald Trump to be Republican Presidential Nominee in 2012,5,5.2,Apr/06/2011 22:29:44
741970,2012.REP.NOM.TRUMP,Donald Trump to be Republican Presidential Nominee in 2012,11,5.9,Apr/06/2011 22:29:44
741970,2012.REP.NOM.TRUMP,Donald Trump to be Republican Presidential Nominee in 2012,20,6.0,Apr/06/2011 23:03:06
741970,2012.REP.NOM.TRUMP,Donald Trump to be Republican Presidential Nominee in 2012,1,5.5,Apr/06/2011 23:21:13
741970,2012.REP.NOM.TRUMP,Donald Trump to be Republican Presidential Nominee in 2012,2,5.5,Apr/06/2011 23:21:19
741970,2012.REP.NOM.TRUMP,Donald Trump to be Republican Presidential Nominee in 2012,2,5.5,Apr/06/2011 23:22:22
741970,2012.REP.NOM.TRUMP,Donald Trump to be Republican Presidential Nominee in 2012,10,5.5,Apr/06/2011 23:24:20
741970,2012.REP.NOM.TRUMP,Donald Trump to be Republican Presidential Nominee in 2012,40,6.0,Apr/07/2011 02:05:54
741970,2012.REP.NOM.TRUMP,Donald Trump to be Republican Presidential Nominee in 2012,2,5.9,Apr/07/2011 07:37:43
741970,2012.REP.NOM.TRUMP,Donald Trump to be Republican Presidential Nominee in 2012,10,5.6,Apr/07/2011 11:52:54
741970,2012.REP.NOM.TRUMP,Donald Trump to be Republican Presidential Nominee in 2012,10,5.6,Apr/07/2011 11:52:54
741970,2012.REP.NOM.TRUMP,Donald Trump to be Republican Presidential Nominee in 2012,5,5.5,Apr/07/2011 13:04:58
741970,2012.REP.NOM.TRUMP,Donald Trump to be Republican Presidential Nominee in 2012,15,5.5,Apr/07/2011 13:04:58
741970,2012.REP.NOM.TRUMP,Donald Trump to be Republican Presidential Nominee in 2012,3,5.9,Apr/07/2011 15:38:56
741970,2012.REP.NOM.TRUMP,Donald Trump to be Republican Presidential Nominee in 2012,7,5.9,Apr/07/2011 15:38:56
741970,2012.REP.NOM.TRUMP,Donald Trump to be Republican Presidential Nominee in 2012,10,6.0,Apr/07/2011 15:39:07
741970,2012.REP.NOM.TRUMP,Donald Trump to be Republican Presidential Nominee in 2012,20,6.0,Apr/07/2011 15:39:07
741970,2012.REP.NOM.TRUMP,Donald Trump to be Republican Presidential Nominee in 2012,15,6.1,Apr/07/2011 15:39:26
741970,2012.REP.NOM.TRUMP,Donald Trump to be Republican Presidential Nominee in 2012,20,6.2,Apr/07/2011 15:39:43
741970,2012.REP.NOM.TRUMP,Donald Trump to be Republican Presidential Nominee in 2012,9,6.3,Apr/07/2011 15:39:59
741970,2012.REP.NOM.TRUMP,Donald Trump to be Republican Presidential Nominee in 2012,100,6.3,Apr/07/2011 15:39:59
741970,2012.REP.NOM.TRUMP,Donald Trump to be Republican Presidential Nominee in 2012,25,6.3,Apr/07/2011 15:39:59
741970,2012.REP.NOM.TRUMP,Donald Trump to be Republican Presidential Nominee in 2012,3,6.3,Apr/07/2011 15:42:23
741970,2012.REP.NOM.TRUMP,Donald Trump to be Republican Presidential Nominee in 2012,1,6.4,Apr/07/2011 15:42:42
741970,2012.REP.NOM.TRUMP,Donald Trump to be Republican Presidential Nominee in 2012,20,6.4,Apr/07/2011 15:42:42
741970,2012.REP.NOM.TRUMP,Donald Trump to be Republican Presidential Nominee in 2012,5,6.4,Apr/07/2011 15:42:42
