market id,market symbol,market name,trade quantity,trade price,date/time [utc]
658926,2012.REP.NOM.JOHNSON,Gary Johnson to be Republican Presidential Nominee in 2012,10,2.0,Dec/18/2009 20:10:00
658926,2012.REP.NOM.JOHNSON,Gary Johnson to be Republican Presidential Nominee in 2012,20,2.0,Dec/18/2009 20:10:00
658926,2012.REP.NOM.JOHNSON,Gary Johnson to be Republican Presidential Nominee in 2012,10,2.1,Dec/19/2009 18:01:10
658926,2012.REP.NOM.JOHNSON,Gary Johnson to be Republican Presidential Nominee in 2012,3,2.1,Jan/10/2010 19:28:43
658926,2012.REP.NOM.JOHNSON,Gary Johnson to be Republican Presidential Nominee in 2012,10,2.7,Jan/18/2010 01:22:59
658926,2012.REP.NOM.JOHNSON,Gary Johnson to be Republican Presidential Nominee in 2012,10,2.7,Jan/18/2010 01:22:59
658926,2012.REP.NOM.JOHNSON,Gary Johnson to be Republican Presidential Nominee in 2012,15,2.7,Jan/18/2010 01:22:59
658926,2012.REP.NOM.JOHNSON,Gary Johnson to be Republican Presidential Nominee in 2012,2,2.7,Jan/18/2010 04:13:47
658926,2012.REP.NOM.JOHNSON,Gary Johnson to be Republican Presidential Nominee in 2012,4,2.8,Jan/21/2010 06:31:48
658926,2012.REP.NOM.JOHNSON,Gary Johnson to be Republican Presidential Nominee in 2012,1,2.9,Jan/21/2010 06:31:48
658926,2012.REP.NOM.JOHNSON,Gary Johnson to be Republican Presidential Nominee in 2012,1,2.8,Jan/21/2010 09:42:23
658926,2012.REP.NOM.JOHNSON,Gary Johnson to be Republican Presidential Nominee in 2012,1,2.8,Jan/21/2010 09:44:21
658926,2012.REP.NOM.JOHNSON,Gary Johnson to be Republican Presidential Nominee in 2012,1,2.8,Jan/21/2010 09:46:40
658926,2012.REP.NOM.JOHNSON,Gary Johnson to be Republican Presidential Nominee in 2012,37,2.7,Jan/21/2010 11:10:22
658926,2012.REP.NOM.JOHNSON,Gary Johnson to be Republican Presidential Nominee in 2012,3,2.8,Jan/21/2010 11:10:22
658926,2012.REP.NOM.JOHNSON,Gary Johnson to be Republican Presidential Nominee in 2012,10,2.8,Jan/21/2010 15:50:39
658926,2012.REP.NOM.JOHNSON,Gary Johnson to be Republican Presidential Nominee in 2012,2,2.8,Jan/21/2010 17:46:38
658926,2012.REP.NOM.JOHNSON,Gary Johnson to be Republican Presidential Nominee in 2012,3,2.8,Jan/21/2010 17:46:38
658926,2012.REP.NOM.JOHNSON,Gary Johnson to be Republican Presidential Nominee in 2012,5,2.8,Jan/21/2010 17:46:46
658926,2012.REP.NOM.JOHNSON,Gary Johnson to be Republican Presidential Nominee in 2012,1,2.8,Jan/21/2010 17:47:36
658926,2012.REP.NOM.JOHNSON,Gary Johnson to be Republican Presidential Nominee in 2012,11,2.8,Jan/22/2010 06:22:11
658926,2012.REP.NOM.JOHNSON,Gary Johnson to be Republican Presidential Nominee in 2012,3,2.8,Jan/22/2010 06:22:11
658926,2012.REP.NOM.JOHNSON,Gary Johnson to be Republican Presidential Nominee in 2012,14,2.8,Jan/22/2010 06:22:14
658926,2012.REP.NOM.JOHNSON,Gary Johnson to be Republican Presidential Nominee in 2012,1,2.8,Jan/22/2010 06:22:25
658926,2012.REP.NOM.JOHNSON,Gary Johnson to be Republican Presidential Nominee in 2012,1,2.7,Jan/22/2010 14:42:28
658926,2012.REP.NOM.JOHNSON,Gary Johnson to be Republican Presidential Nominee in 2012,2,2.8,Jan/22/2010 14:42:28
658926,2012.REP.NOM.JOHNSON,Gary Johnson to be Republican Presidential Nominee in 2012,6,2.7,Jan/22/2010 15:55:56
658926,2012.REP.NOM.JOHNSON,Gary Johnson to be Republican Presidential Nominee in 2012,1,2.8,Jan/22/2010 15:55:56
658926,2012.REP.NOM.JOHNSON,Gary Johnson to be Republican Presidential Nominee in 2012,5,2.8,Jan/25/2010 11:13:28
658926,2012.REP.NOM.JOHNSON,Gary Johnson to be Republican Presidential Nominee in 2012,9,2.8,Jan/25/2010 11:13:28
658926,2012.REP.NOM.JOHNSON,Gary Johnson to be Republican Presidential Nominee in 2012,6,2.8,Jan/25/2010 18:33:58
658926,2012.REP.NOM.JOHNSON,Gary Johnson to be Republican Presidential Nominee in 2012,8,2.8,Jan/25/2010 18:33:58
658926,2012.REP.NOM.JOHNSON,Gary Johnson to be Republican Presidential Nominee in 2012,2,2.8,Jan/26/2010 11:04:14
658926,2012.REP.NOM.JOHNSON,Gary Johnson to be Republican Presidential Nominee in 2012,2,2.8,Jan/26/2010 11:04:14
658926,2012.REP.NOM.JOHNSON,Gary Johnson to be Republican Presidential Nominee in 2012,7,2.7,Jan/27/2010 18:35:43
658926,2012.REP.NOM.JOHNSON,Gary Johnson to be Republican Presidential Nominee in 2012,13,2.8,Jan/27/2010 18:35:43
658926,2012.REP.NOM.JOHNSON,Gary Johnson to be Republican Presidential Nominee in 2012,14,2.7,Jan/28/2010 12:16:20
658926,2012.REP.NOM.JOHNSON,Gary Johnson to be Republican Presidential Nominee in 2012,15,2.7,Feb/01/2010 04:21:20
658926,2012.REP.NOM.JOHNSON,Gary Johnson to be Republican Presidential Nominee in 2012,5,2.8,Feb/01/2010 04:21:20
658926,2012.REP.NOM.JOHNSON,Gary Johnson to be Republican Presidential Nominee in 2012,10,2.7,Feb/01/2010 17:13:14
658926,2012.REP.NOM.JOHNSON,Gary Johnson to be Republican Presidential Nominee in 2012,5,2.8,Feb/01/2010 17:13:14
658926,2012.REP.NOM.JOHNSON,Gary Johnson to be Republican Presidential Nominee in 2012,5,2.7,Feb/03/2010 05:11:15
658926,2012.REP.NOM.JOHNSON,Gary Johnson to be Republican Presidential Nominee in 2012,5,2.8,Feb/03/2010 05:11:15
658926,2012.REP.NOM.JOHNSON,Gary Johnson to be Republican Presidential Nominee in 2012,10,2.7,Feb/03/2010 05:16:13
658926,2012.REP.NOM.JOHNSON,Gary Johnson to be Republican Presidential Nominee in 2012,10,2.7,Feb/03/2010 12:15:32
658926,2012.REP.NOM.JOHNSON,Gary Johnson to be Republican Presidential Nominee in 2012,2,2.8,Feb/05/2010 09:58:22
658926,2012.REP.NOM.JOHNSON,Gary Johnson to be Republican Presidential Nominee in 2012,1,2.8,Feb/08/2010 10:20:14
658926,2012.REP.NOM.JOHNSON,Gary Johnson to be Republican Presidential Nominee in 2012,1,2.8,Feb/08/2010 10:21:09
658926,2012.REP.NOM.JOHNSON,Gary Johnson to be Republican Presidential Nominee in 2012,1,2.8,Feb/08/2010 10:21:17
658926,2012.REP.NOM.JOHNSON,Gary Johnson to be Republican Presidential Nominee in 2012,1,2.7,Feb/08/2010 10:21:24
658926,2012.REP.NOM.JOHNSON,Gary Johnson to be Republican Presidential Nominee in 2012,1,2.7,Feb/08/2010 10:21:43
658926,2012.REP.NOM.JOHNSON,Gary Johnson to be Republican Presidential Nominee in 2012,1,2.7,Feb/08/2010 10:21:54
658926,2012.REP.NOM.JOHNSON,Gary Johnson to be Republican Presidential Nominee in 2012,1,2.7,Feb/08/2010 10:22:02
658926,2012.REP.NOM.JOHNSON,Gary Johnson to be Republican Presidential Nominee in 2012,1,2.7,Feb/08/2010 10:22:10
658926,2012.REP.NOM.JOHNSON,Gary Johnson to be Republican Presidential Nominee in 2012,1,2.7,Feb/08/2010 10:22:17
658926,2012.REP.NOM.JOHNSON,Gary Johnson to be Republican Presidential Nominee in 2012,1,2.7,Feb/08/2010 10:22:25
658926,2012.REP.NOM.JOHNSON,Gary Johnson to be Republican Presidential Nominee in 2012,1,2.7,Feb/08/2010 10:22:33
658926,2012.REP.NOM.JOHNSON,Gary Johnson to be Republican Presidential Nominee in 2012,2,2.7,Feb/08/2010 10:22:41
658926,2012.REP.NOM.JOHNSON,Gary Johnson to be Republican Presidential Nominee in 2012,2,2.7,Feb/08/2010 10:22:48
658926,2012.REP.NOM.JOHNSON,Gary Johnson to be Republican Presidential Nominee in 2012,1,2.7,Feb/08/2010 10:23:02
658926,2012.REP.NOM.JOHNSON,Gary Johnson to be Republican Presidential Nominee in 2012,3,2.7,Feb/10/2010 09:56:57
658926,2012.REP.NOM.JOHNSON,Gary Johnson to be Republican Presidential Nominee in 2012,1,2.7,Feb/10/2010 09:57:10
658926,2012.REP.NOM.JOHNSON,Gary Johnson to be Republican Presidential Nominee in 2012,1,2.7,Feb/10/2010 09:57:30
658926,2012.REP.NOM.JOHNSON,Gary Johnson to be Republican Presidential Nominee in 2012,2,2.7,Feb/10/2010 09:57:37
658926,2012.REP.NOM.JOHNSON,Gary Johnson to be Republican Presidential Nominee in 2012,1,2.7,Feb/10/2010 09:57:44
658926,2012.REP.NOM.JOHNSON,Gary Johnson to be Republican Presidential Nominee in 2012,1,2.7,Feb/10/2010 09:57:49
658926,2012.REP.NOM.JOHNSON,Gary Johnson to be Republican Presidential Nominee in 2012,1,2.7,Feb/10/2010 09:58:04
658926,2012.REP.NOM.JOHNSON,Gary Johnson to be Republican Presidential Nominee in 2012,1,2.7,Feb/10/2010 09:58:10
658926,2012.REP.NOM.JOHNSON,Gary Johnson to be Republican Presidential Nominee in 2012,1,2.7,Feb/10/2010 09:58:16
658926,2012.REP.NOM.JOHNSON,Gary Johnson to be Republican Presidential Nominee in 2012,1,2.7,Feb/10/2010 09:58:21
658926,2012.REP.NOM.JOHNSON,Gary Johnson to be Republican Presidential Nominee in 2012,1,2.7,Feb/10/2010 09:58:27
658926,2012.REP.NOM.JOHNSON,Gary Johnson to be Republican Presidential Nominee in 2012,1,2.7,Feb/10/2010 09:58:31
658926,2012.REP.NOM.JOHNSON,Gary Johnson to be Republican Presidential Nominee in 2012,1,2.7,Feb/10/2010 09:58:36
658926,2012.REP.NOM.JOHNSON,Gary Johnson to be Republican Presidential Nominee in 2012,1,2.7,Feb/10/2010 09:58:41
658926,2012.REP.NOM.JOHNSON,Gary Johnson to be Republican Presidential Nominee in 2012,1,2.7,Feb/10/2010 09:58:50
658926,2012.REP.NOM.JOHNSON,Gary Johnson to be Republican Presidential Nominee in 2012,1,2.7,Feb/10/2010 09:58:57
658926,2012.REP.NOM.JOHNSON,Gary Johnson to be Republican Presidential Nominee in 2012,1,2.7,Feb/10/2010 09:59:03
658926,2012.REP.NOM.JOHNSON,Gary Johnson to be Republican Presidential Nominee in 2012,1,2.7,Feb/10/2010 09:59:13
658926,2012.REP.NOM.JOHNSON,Gary Johnson to be Republican Presidential Nominee in 2012,2,2.7,Feb/10/2010 09:59:18
658926,2012.REP.NOM.JOHNSON,Gary Johnson to be Republican Presidential Nominee in 2012,1,2.7,Feb/10/2010 09:59:32
658926,2012.REP.NOM.JOHNSON,Gary Johnson to be Republican Presidential Nominee in 2012,2,2.7,Feb/10/2010 09:59:38
658926,2012.REP.NOM.JOHNSON,Gary Johnson to be Republican Presidential Nominee in 2012,1,2.7,Feb/10/2010 09:59:44
658926,2012.REP.NOM.JOHNSON,Gary Johnson to be Republican Presidential Nominee in 2012,1,2.7,Feb/14/2010 16:45:13
658926,2012.REP.NOM.JOHNSON,Gary Johnson to be Republican Presidential Nominee in 2012,1,2.7,Feb/14/2010 16:45:19
658926,2012.REP.NOM.JOHNSON,Gary Johnson to be Republican Presidential Nominee in 2012,1,2.7,Feb/14/2010 16:45:37
658926,2012.REP.NOM.JOHNSON,Gary Johnson to be Republican Presidential Nominee in 2012,1,2.7,Feb/14/2010 16:45:45
658926,2012.REP.NOM.JOHNSON,Gary Johnson to be Republican Presidential Nominee in 2012,3,2.7,Feb/15/2010 09:59:08
658926,2012.REP.NOM.JOHNSON,Gary Johnson to be Republican Presidential Nominee in 2012,1,2.7,Feb/15/2010 09:59:14
658926,2012.REP.NOM.JOHNSON,Gary Johnson to be Republican Presidential Nominee in 2012,1,2.7,Feb/15/2010 09:59:14
658926,2012.REP.NOM.JOHNSON,Gary Johnson to be Republican Presidential Nominee in 2012,3,2.7,Feb/15/2010 09:59:23
658926,2012.REP.NOM.JOHNSON,Gary Johnson to be Republican Presidential Nominee in 2012,5,2.2,Feb/15/2010 09:59:28
658926,2012.REP.NOM.JOHNSON,Gary Johnson to be Republican Presidential Nominee in 2012,2,2.2,Feb/15/2010 09:59:37
658926,2012.REP.NOM.JOHNSON,Gary Johnson to be Republican Presidential Nominee in 2012,8,2.2,Feb/15/2010 11:58:22
658926,2012.REP.NOM.JOHNSON,Gary Johnson to be Republican Presidential Nominee in 2012,8,2.2,Feb/15/2010 11:58:29
658926,2012.REP.NOM.JOHNSON,Gary Johnson to be Republican Presidential Nominee in 2012,11,2.2,Feb/15/2010 11:58:37
658926,2012.REP.NOM.JOHNSON,Gary Johnson to be Republican Presidential Nominee in 2012,11,2.2,Feb/15/2010 11:58:42
658926,2012.REP.NOM.JOHNSON,Gary Johnson to be Republican Presidential Nominee in 2012,4,2.2,Feb/15/2010 11:58:47
658926,2012.REP.NOM.JOHNSON,Gary Johnson to be Republican Presidential Nominee in 2012,3,2.2,Feb/15/2010 11:58:54
658926,2012.REP.NOM.JOHNSON,Gary Johnson to be Republican Presidential Nominee in 2012,2,2.2,Feb/15/2010 11:58:59
658926,2012.REP.NOM.JOHNSON,Gary Johnson to be Republican Presidential Nominee in 2012,1,2.2,Feb/15/2010 11:59:04
658926,2012.REP.NOM.JOHNSON,Gary Johnson to be Republican Presidential Nominee in 2012,1,2.2,Feb/15/2010 11:59:09
658926,2012.REP.NOM.JOHNSON,Gary Johnson to be Republican Presidential Nominee in 2012,1,2.2,Feb/15/2010 11:59:14
658926,2012.REP.NOM.JOHNSON,Gary Johnson to be Republican Presidential Nominee in 2012,1,2.2,Feb/15/2010 11:59:20
658926,2012.REP.NOM.JOHNSON,Gary Johnson to be Republican Presidential Nominee in 2012,2,2.2,Feb/15/2010 11:59:27
658926,2012.REP.NOM.JOHNSON,Gary Johnson to be Republican Presidential Nominee in 2012,5,2.1,Feb/15/2010 11:59:32
658926,2012.REP.NOM.JOHNSON,Gary Johnson to be Republican Presidential Nominee in 2012,1,2.1,Feb/15/2010 11:59:38
658926,2012.REP.NOM.JOHNSON,Gary Johnson to be Republican Presidential Nominee in 2012,1,2.1,Feb/15/2010 11:59:42
658926,2012.REP.NOM.JOHNSON,Gary Johnson to be Republican Presidential Nominee in 2012,1,2.1,Feb/15/2010 11:59:47
658926,2012.REP.NOM.JOHNSON,Gary Johnson to be Republican Presidential Nominee in 2012,1,2.1,Feb/15/2010 11:59:54
658926,2012.REP.NOM.JOHNSON,Gary Johnson to be Republican Presidential Nominee in 2012,1,2.1,Feb/15/2010 12:00:00
658926,2012.REP.NOM.JOHNSON,Gary Johnson to be Republican Presidential Nominee in 2012,2,2.0,Feb/15/2010 12:00:04
658926,2012.REP.NOM.JOHNSON,Gary Johnson to be Republican Presidential Nominee in 2012,1,2.0,Feb/15/2010 12:00:11
658926,2012.REP.NOM.JOHNSON,Gary Johnson to be Republican Presidential Nominee in 2012,1,2.1,Feb/17/2010 14:25:01
658926,2012.REP.NOM.JOHNSON,Gary Johnson to be Republican Presidential Nominee in 2012,1,2.1,Feb/17/2010 14:25:07
658926,2012.REP.NOM.JOHNSON,Gary Johnson to be Republican Presidential Nominee in 2012,1,2.1,Feb/17/2010 14:25:12
658926,2012.REP.NOM.JOHNSON,Gary Johnson to be Republican Presidential Nominee in 2012,2,2.1,Feb/17/2010 14:25:18
658926,2012.REP.NOM.JOHNSON,Gary Johnson to be Republican Presidential Nominee in 2012,1,2.1,Feb/19/2010 17:58:35
658926,2012.REP.NOM.JOHNSON,Gary Johnson to be Republican Presidential Nominee in 2012,1,2.1,Feb/19/2010 18:00:06
658926,2012.REP.NOM.JOHNSON,Gary Johnson to be Republican Presidential Nominee in 2012,1,2.1,Feb/19/2010 18:00:17
658926,2012.REP.NOM.JOHNSON,Gary Johnson to be Republican Presidential Nominee in 2012,1,2.1,Feb/19/2010 18:00:25
658926,2012.REP.NOM.JOHNSON,Gary Johnson to be Republican Presidential Nominee in 2012,1,2.1,Feb/19/2010 18:00:31
658926,2012.REP.NOM.JOHNSON,Gary Johnson to be Republican Presidential Nominee in 2012,1,2.1,Feb/19/2010 18:00:37
658926,2012.REP.NOM.JOHNSON,Gary Johnson to be Republican Presidential Nominee in 2012,1,2.1,Feb/19/2010 18:00:45
658926,2012.REP.NOM.JOHNSON,Gary Johnson to be Republican Presidential Nominee in 2012,1,2.1,Feb/19/2010 18:01:08
658926,2012.REP.NOM.JOHNSON,Gary Johnson to be Republican Presidential Nominee in 2012,3,2.1,Feb/19/2010 18:01:14
658926,2012.REP.NOM.JOHNSON,Gary Johnson to be Republican Presidential Nominee in 2012,1,2.1,Feb/19/2010 18:01:21
658926,2012.REP.NOM.JOHNSON,Gary Johnson to be Republican Presidential Nominee in 2012,1,2.1,Feb/19/2010 18:01:28
658926,2012.REP.NOM.JOHNSON,Gary Johnson to be Republican Presidential Nominee in 2012,2,2.1,Feb/19/2010 18:01:36
658926,2012.REP.NOM.JOHNSON,Gary Johnson to be Republican Presidential Nominee in 2012,2,2.1,Feb/21/2010 17:39:45
658926,2012.REP.NOM.JOHNSON,Gary Johnson to be Republican Presidential Nominee in 2012,30,3.5,Feb/22/2010 00:11:24
658926,2012.REP.NOM.JOHNSON,Gary Johnson to be Republican Presidential Nominee in 2012,1,2.1,Feb/24/2010 11:35:13
658926,2012.REP.NOM.JOHNSON,Gary Johnson to be Republican Presidential Nominee in 2012,1,2.1,Feb/24/2010 11:35:21
658926,2012.REP.NOM.JOHNSON,Gary Johnson to be Republican Presidential Nominee in 2012,1,2.1,Feb/24/2010 11:35:26
658926,2012.REP.NOM.JOHNSON,Gary Johnson to be Republican Presidential Nominee in 2012,1,2.1,Feb/24/2010 11:35:33
658926,2012.REP.NOM.JOHNSON,Gary Johnson to be Republican Presidential Nominee in 2012,1,2.1,Feb/24/2010 11:35:38
658926,2012.REP.NOM.JOHNSON,Gary Johnson to be Republican Presidential Nominee in 2012,2,2.1,Feb/24/2010 11:35:43
658926,2012.REP.NOM.JOHNSON,Gary Johnson to be Republican Presidential Nominee in 2012,1,2.1,Feb/24/2010 11:35:48
658926,2012.REP.NOM.JOHNSON,Gary Johnson to be Republican Presidential Nominee in 2012,1,2.1,Feb/24/2010 11:35:53
658926,2012.REP.NOM.JOHNSON,Gary Johnson to be Republican Presidential Nominee in 2012,1,2.1,Feb/24/2010 11:35:58
658926,2012.REP.NOM.JOHNSON,Gary Johnson to be Republican Presidential Nominee in 2012,1,2.1,Feb/24/2010 11:36:03
658926,2012.REP.NOM.JOHNSON,Gary Johnson to be Republican Presidential Nominee in 2012,1,2.1,Feb/24/2010 11:36:09
658926,2012.REP.NOM.JOHNSON,Gary Johnson to be Republican Presidential Nominee in 2012,1,2.1,Feb/24/2010 11:36:15
658926,2012.REP.NOM.JOHNSON,Gary Johnson to be Republican Presidential Nominee in 2012,6,2.1,Feb/24/2010 11:36:21
658926,2012.REP.NOM.JOHNSON,Gary Johnson to be Republican Presidential Nominee in 2012,1,2.1,Feb/24/2010 11:36:26
658926,2012.REP.NOM.JOHNSON,Gary Johnson to be Republican Presidential Nominee in 2012,1,2.1,Feb/24/2010 11:36:31
658926,2012.REP.NOM.JOHNSON,Gary Johnson to be Republican Presidential Nominee in 2012,3,2.1,Feb/24/2010 11:36:38
658926,2012.REP.NOM.JOHNSON,Gary Johnson to be Republican Presidential Nominee in 2012,3,2.0,Feb/24/2010 11:36:52
658926,2012.REP.NOM.JOHNSON,Gary Johnson to be Republican Presidential Nominee in 2012,2,2.0,Feb/24/2010 11:37:00
658926,2012.REP.NOM.JOHNSON,Gary Johnson to be Republican Presidential Nominee in 2012,1,2.0,Feb/24/2010 11:37:05
658926,2012.REP.NOM.JOHNSON,Gary Johnson to be Republican Presidential Nominee in 2012,1,2.0,Feb/24/2010 11:37:10
658926,2012.REP.NOM.JOHNSON,Gary Johnson to be Republican Presidential Nominee in 2012,2,2.0,Feb/24/2010 11:37:16
658926,2012.REP.NOM.JOHNSON,Gary Johnson to be Republican Presidential Nominee in 2012,3,2.0,Feb/24/2010 11:37:32
658926,2012.REP.NOM.JOHNSON,Gary Johnson to be Republican Presidential Nominee in 2012,4,2.0,Feb/24/2010 11:37:38
658926,2012.REP.NOM.JOHNSON,Gary Johnson to be Republican Presidential Nominee in 2012,1,2.0,Feb/24/2010 11:37:44
658926,2012.REP.NOM.JOHNSON,Gary Johnson to be Republican Presidential Nominee in 2012,1,2.0,Feb/24/2010 11:37:51
658926,2012.REP.NOM.JOHNSON,Gary Johnson to be Republican Presidential Nominee in 2012,3,2.0,Feb/24/2010 11:38:07
658926,2012.REP.NOM.JOHNSON,Gary Johnson to be Republican Presidential Nominee in 2012,4,2.0,Feb/24/2010 11:38:15
658926,2012.REP.NOM.JOHNSON,Gary Johnson to be Republican Presidential Nominee in 2012,1,2.0,Feb/24/2010 16:58:16
658926,2012.REP.NOM.JOHNSON,Gary Johnson to be Republican Presidential Nominee in 2012,2,2.0,Feb/24/2010 16:58:51
658926,2012.REP.NOM.JOHNSON,Gary Johnson to be Republican Presidential Nominee in 2012,2,2.0,Feb/24/2010 16:59:06
658926,2012.REP.NOM.JOHNSON,Gary Johnson to be Republican Presidential Nominee in 2012,1,2.1,Mar/01/2010 06:00:50
658926,2012.REP.NOM.JOHNSON,Gary Johnson to be Republican Presidential Nominee in 2012,1,2.1,Mar/01/2010 06:00:55
658926,2012.REP.NOM.JOHNSON,Gary Johnson to be Republican Presidential Nominee in 2012,1,2.1,Mar/01/2010 06:02:22
658926,2012.REP.NOM.JOHNSON,Gary Johnson to be Republican Presidential Nominee in 2012,1,2.1,Mar/01/2010 06:02:28
658926,2012.REP.NOM.JOHNSON,Gary Johnson to be Republican Presidential Nominee in 2012,1,2.1,Mar/01/2010 06:02:34
658926,2012.REP.NOM.JOHNSON,Gary Johnson to be Republican Presidential Nominee in 2012,1,2.1,Mar/01/2010 06:02:43
658926,2012.REP.NOM.JOHNSON,Gary Johnson to be Republican Presidential Nominee in 2012,1,2.1,Mar/01/2010 06:02:49
658926,2012.REP.NOM.JOHNSON,Gary Johnson to be Republican Presidential Nominee in 2012,1,2.1,Mar/04/2010 07:34:23
658926,2012.REP.NOM.JOHNSON,Gary Johnson to be Republican Presidential Nominee in 2012,1,2.1,Mar/04/2010 07:35:27
658926,2012.REP.NOM.JOHNSON,Gary Johnson to be Republican Presidential Nominee in 2012,1,2.1,Mar/04/2010 07:35:34
658926,2012.REP.NOM.JOHNSON,Gary Johnson to be Republican Presidential Nominee in 2012,1,2.1,Mar/04/2010 07:35:40
658926,2012.REP.NOM.JOHNSON,Gary Johnson to be Republican Presidential Nominee in 2012,1,2.1,Mar/04/2010 07:36:01
658926,2012.REP.NOM.JOHNSON,Gary Johnson to be Republican Presidential Nominee in 2012,1,2.1,Mar/04/2010 07:36:06
658926,2012.REP.NOM.JOHNSON,Gary Johnson to be Republican Presidential Nominee in 2012,1,2.1,Mar/04/2010 07:36:12
658926,2012.REP.NOM.JOHNSON,Gary Johnson to be Republican Presidential Nominee in 2012,1,2.1,Mar/04/2010 07:36:19
658926,2012.REP.NOM.JOHNSON,Gary Johnson to be Republican Presidential Nominee in 2012,2,2.1,Mar/04/2010 07:36:26
658926,2012.REP.NOM.JOHNSON,Gary Johnson to be Republican Presidential Nominee in 2012,2,2.1,Mar/04/2010 07:36:32
658926,2012.REP.NOM.JOHNSON,Gary Johnson to be Republican Presidential Nominee in 2012,1,2.1,Mar/04/2010 07:36:44
658926,2012.REP.NOM.JOHNSON,Gary Johnson to be Republican Presidential Nominee in 2012,1,2.1,Mar/04/2010 07:36:49
658926,2012.REP.NOM.JOHNSON,Gary Johnson to be Republican Presidential Nominee in 2012,2,2.1,Mar/04/2010 07:36:55
658926,2012.REP.NOM.JOHNSON,Gary Johnson to be Republican Presidential Nominee in 2012,1,2.1,Mar/04/2010 07:37:02
658926,2012.REP.NOM.JOHNSON,Gary Johnson to be Republican Presidential Nominee in 2012,3,2.1,Mar/04/2010 07:37:10
658926,2012.REP.NOM.JOHNSON,Gary Johnson to be Republican Presidential Nominee in 2012,2,2.1,Mar/04/2010 07:37:16
658926,2012.REP.NOM.JOHNSON,Gary Johnson to be Republican Presidential Nominee in 2012,2,2.1,Mar/04/2010 07:37:22
658926,2012.REP.NOM.JOHNSON,Gary Johnson to be Republican Presidential Nominee in 2012,1,2.1,Mar/04/2010 07:37:28
658926,2012.REP.NOM.JOHNSON,Gary Johnson to be Republican Presidential Nominee in 2012,1,2.1,Mar/04/2010 07:37:35
658926,2012.REP.NOM.JOHNSON,Gary Johnson to be Republican Presidential Nominee in 2012,1,2.1,Mar/04/2010 07:37:43
658926,2012.REP.NOM.JOHNSON,Gary Johnson to be Republican Presidential Nominee in 2012,1,2.1,Mar/04/2010 07:37:49
658926,2012.REP.NOM.JOHNSON,Gary Johnson to be Republican Presidential Nominee in 2012,2,2.1,Mar/04/2010 07:37:54
658926,2012.REP.NOM.JOHNSON,Gary Johnson to be Republican Presidential Nominee in 2012,2,2.1,Mar/04/2010 07:38:00
658926,2012.REP.NOM.JOHNSON,Gary Johnson to be Republican Presidential Nominee in 2012,3,2.1,Mar/04/2010 07:38:10
658926,2012.REP.NOM.JOHNSON,Gary Johnson to be Republican Presidential Nominee in 2012,2,2.1,Mar/04/2010 07:38:20
658926,2012.REP.NOM.JOHNSON,Gary Johnson to be Republican Presidential Nominee in 2012,2,2.1,Mar/04/2010 07:38:26
658926,2012.REP.NOM.JOHNSON,Gary Johnson to be Republican Presidential Nominee in 2012,2,2.1,Mar/04/2010 07:38:37
658926,2012.REP.NOM.JOHNSON,Gary Johnson to be Republican Presidential Nominee in 2012,2,2.1,Mar/04/2010 07:38:44
658926,2012.REP.NOM.JOHNSON,Gary Johnson to be Republican Presidential Nominee in 2012,1,2.0,Mar/04/2010 07:39:04
658926,2012.REP.NOM.JOHNSON,Gary Johnson to be Republican Presidential Nominee in 2012,1,2.0,Mar/05/2010 14:51:16
658926,2012.REP.NOM.JOHNSON,Gary Johnson to be Republican Presidential Nominee in 2012,1,2.0,Mar/05/2010 14:51:23
658926,2012.REP.NOM.JOHNSON,Gary Johnson to be Republican Presidential Nominee in 2012,2,2.0,Mar/05/2010 14:51:27
658926,2012.REP.NOM.JOHNSON,Gary Johnson to be Republican Presidential Nominee in 2012,3,2.0,Mar/05/2010 14:51:33
658926,2012.REP.NOM.JOHNSON,Gary Johnson to be Republican Presidential Nominee in 2012,1,2.0,Mar/05/2010 14:51:39
658926,2012.REP.NOM.JOHNSON,Gary Johnson to be Republican Presidential Nominee in 2012,1,2.0,Mar/05/2010 14:51:45
658926,2012.REP.NOM.JOHNSON,Gary Johnson to be Republican Presidential Nominee in 2012,1,2.0,Mar/05/2010 14:51:50
658926,2012.REP.NOM.JOHNSON,Gary Johnson to be Republican Presidential Nominee in 2012,1,2.0,Mar/05/2010 14:51:57
658926,2012.REP.NOM.JOHNSON,Gary Johnson to be Republican Presidential Nominee in 2012,1,2.0,Mar/05/2010 14:52:03
658926,2012.REP.NOM.JOHNSON,Gary Johnson to be Republican Presidential Nominee in 2012,1,2.0,Mar/05/2010 14:52:09
658926,2012.REP.NOM.JOHNSON,Gary Johnson to be Republican Presidential Nominee in 2012,1,2.0,Mar/05/2010 14:52:14
658926,2012.REP.NOM.JOHNSON,Gary Johnson to be Republican Presidential Nominee in 2012,1,2.0,Mar/05/2010 14:52:21
658926,2012.REP.NOM.JOHNSON,Gary Johnson to be Republican Presidential Nominee in 2012,2,2.0,Mar/05/2010 14:52:26
658926,2012.REP.NOM.JOHNSON,Gary Johnson to be Republican Presidential Nominee in 2012,1,2.0,Mar/05/2010 14:52:31
658926,2012.REP.NOM.JOHNSON,Gary Johnson to be Republican Presidential Nominee in 2012,1,2.0,Mar/05/2010 14:52:37
658926,2012.REP.NOM.JOHNSON,Gary Johnson to be Republican Presidential Nominee in 2012,2,2.0,Mar/05/2010 14:52:42
658926,2012.REP.NOM.JOHNSON,Gary Johnson to be Republican Presidential Nominee in 2012,1,2.0,Mar/08/2010 05:45:28
658926,2012.REP.NOM.JOHNSON,Gary Johnson to be Republican Presidential Nominee in 2012,1,2.0,Mar/08/2010 05:45:33
658926,2012.REP.NOM.JOHNSON,Gary Johnson to be Republican Presidential Nominee in 2012,1,2.0,Mar/08/2010 05:45:38
658926,2012.REP.NOM.JOHNSON,Gary Johnson to be Republican Presidential Nominee in 2012,1,2.0,Mar/08/2010 05:45:45
658926,2012.REP.NOM.JOHNSON,Gary Johnson to be Republican Presidential Nominee in 2012,1,2.0,Mar/08/2010 05:45:49
658926,2012.REP.NOM.JOHNSON,Gary Johnson to be Republican Presidential Nominee in 2012,1,2.0,Mar/08/2010 05:45:53
658926,2012.REP.NOM.JOHNSON,Gary Johnson to be Republican Presidential Nominee in 2012,1,2.0,Mar/08/2010 05:46:13
658926,2012.REP.NOM.JOHNSON,Gary Johnson to be Republican Presidential Nominee in 2012,2,2.0,Mar/08/2010 05:46:22
658926,2012.REP.NOM.JOHNSON,Gary Johnson to be Republican Presidential Nominee in 2012,1,2.0,Mar/08/2010 05:46:30
658926,2012.REP.NOM.JOHNSON,Gary Johnson to be Republican Presidential Nominee in 2012,1,2.0,Mar/08/2010 05:46:49
658926,2012.REP.NOM.JOHNSON,Gary Johnson to be Republican Presidential Nominee in 2012,1,2.0,Mar/08/2010 05:46:54
658926,2012.REP.NOM.JOHNSON,Gary Johnson to be Republican Presidential Nominee in 2012,1,2.0,Mar/08/2010 05:46:59
658926,2012.REP.NOM.JOHNSON,Gary Johnson to be Republican Presidential Nominee in 2012,1,2.0,Mar/08/2010 05:47:03
658926,2012.REP.NOM.JOHNSON,Gary Johnson to be Republican Presidential Nominee in 2012,1,2.0,Mar/08/2010 05:47:16
658926,2012.REP.NOM.JOHNSON,Gary Johnson to be Republican Presidential Nominee in 2012,1,2.0,Mar/08/2010 05:47:25
658926,2012.REP.NOM.JOHNSON,Gary Johnson to be Republican Presidential Nominee in 2012,1,2.0,Mar/08/2010 05:47:30
658926,2012.REP.NOM.JOHNSON,Gary Johnson to be Republican Presidential Nominee in 2012,1,2.0,Mar/08/2010 05:47:38
658926,2012.REP.NOM.JOHNSON,Gary Johnson to be Republican Presidential Nominee in 2012,1,2.0,Mar/08/2010 05:47:44
658926,2012.REP.NOM.JOHNSON,Gary Johnson to be Republican Presidential Nominee in 2012,4,2.0,Mar/08/2010 05:47:50
658926,2012.REP.NOM.JOHNSON,Gary Johnson to be Republican Presidential Nominee in 2012,1,2.0,Mar/08/2010 05:48:11
658926,2012.REP.NOM.JOHNSON,Gary Johnson to be Republican Presidential Nominee in 2012,1,2.0,Mar/08/2010 05:48:19
658926,2012.REP.NOM.JOHNSON,Gary Johnson to be Republican Presidential Nominee in 2012,5,2.0,Mar/08/2010 05:48:26
658926,2012.REP.NOM.JOHNSON,Gary Johnson to be Republican Presidential Nominee in 2012,4,2.0,Mar/08/2010 05:48:38
658926,2012.REP.NOM.JOHNSON,Gary Johnson to be Republican Presidential Nominee in 2012,1,2.0,Mar/08/2010 05:48:48
658926,2012.REP.NOM.JOHNSON,Gary Johnson to be Republican Presidential Nominee in 2012,1,2.0,Mar/08/2010 05:48:56
658926,2012.REP.NOM.JOHNSON,Gary Johnson to be Republican Presidential Nominee in 2012,1,2.0,Mar/08/2010 05:49:04
658926,2012.REP.NOM.JOHNSON,Gary Johnson to be Republican Presidential Nominee in 2012,1,2.0,Mar/08/2010 05:49:13
658926,2012.REP.NOM.JOHNSON,Gary Johnson to be Republican Presidential Nominee in 2012,1,2.0,Mar/08/2010 05:49:22
658926,2012.REP.NOM.JOHNSON,Gary Johnson to be Republican Presidential Nominee in 2012,1,2.0,Mar/10/2010 07:42:02
658926,2012.REP.NOM.JOHNSON,Gary Johnson to be Republican Presidential Nominee in 2012,1,2.0,Mar/10/2010 07:42:09
658926,2012.REP.NOM.JOHNSON,Gary Johnson to be Republican Presidential Nominee in 2012,3,2.0,Mar/10/2010 07:42:14
658926,2012.REP.NOM.JOHNSON,Gary Johnson to be Republican Presidential Nominee in 2012,1,2.0,Mar/10/2010 07:42:39
658926,2012.REP.NOM.JOHNSON,Gary Johnson to be Republican Presidential Nominee in 2012,2,2.0,Mar/10/2010 07:42:48
658926,2012.REP.NOM.JOHNSON,Gary Johnson to be Republican Presidential Nominee in 2012,1,2.0,Mar/10/2010 07:42:54
658926,2012.REP.NOM.JOHNSON,Gary Johnson to be Republican Presidential Nominee in 2012,1,2.0,Mar/11/2010 17:47:02
658926,2012.REP.NOM.JOHNSON,Gary Johnson to be Republican Presidential Nominee in 2012,1,3.6,Mar/11/2010 18:23:51
658926,2012.REP.NOM.JOHNSON,Gary Johnson to be Republican Presidential Nominee in 2012,1,2.1,Mar/23/2010 06:56:34
658926,2012.REP.NOM.JOHNSON,Gary Johnson to be Republican Presidential Nominee in 2012,1,2.0,Mar/23/2010 06:56:42
658926,2012.REP.NOM.JOHNSON,Gary Johnson to be Republican Presidential Nominee in 2012,1,2.0,Mar/23/2010 06:56:50
658926,2012.REP.NOM.JOHNSON,Gary Johnson to be Republican Presidential Nominee in 2012,1,2.0,Mar/23/2010 06:57:12
658926,2012.REP.NOM.JOHNSON,Gary Johnson to be Republican Presidential Nominee in 2012,1,2.0,Mar/23/2010 06:57:21
658926,2012.REP.NOM.JOHNSON,Gary Johnson to be Republican Presidential Nominee in 2012,3,2.0,Mar/23/2010 06:57:31
658926,2012.REP.NOM.JOHNSON,Gary Johnson to be Republican Presidential Nominee in 2012,1,2.0,Mar/23/2010 06:57:45
658926,2012.REP.NOM.JOHNSON,Gary Johnson to be Republican Presidential Nominee in 2012,1,2.0,Mar/23/2010 06:57:51
658926,2012.REP.NOM.JOHNSON,Gary Johnson to be Republican Presidential Nominee in 2012,1,2.0,Mar/23/2010 06:58:04
658926,2012.REP.NOM.JOHNSON,Gary Johnson to be Republican Presidential Nominee in 2012,1,2.0,Mar/23/2010 06:58:17
658926,2012.REP.NOM.JOHNSON,Gary Johnson to be Republican Presidential Nominee in 2012,1,2.0,Mar/23/2010 06:58:25
658926,2012.REP.NOM.JOHNSON,Gary Johnson to be Republican Presidential Nominee in 2012,1,2.0,Mar/23/2010 06:58:32
658926,2012.REP.NOM.JOHNSON,Gary Johnson to be Republican Presidential Nominee in 2012,1,2.0,Mar/23/2010 06:58:39
658926,2012.REP.NOM.JOHNSON,Gary Johnson to be Republican Presidential Nominee in 2012,1,2.0,Mar/23/2010 06:58:47
658926,2012.REP.NOM.JOHNSON,Gary Johnson to be Republican Presidential Nominee in 2012,4,2.0,Mar/23/2010 06:58:55
658926,2012.REP.NOM.JOHNSON,Gary Johnson to be Republican Presidential Nominee in 2012,2,2.0,Mar/23/2010 06:59:03
658926,2012.REP.NOM.JOHNSON,Gary Johnson to be Republican Presidential Nominee in 2012,1,2.0,Mar/23/2010 06:59:10
658926,2012.REP.NOM.JOHNSON,Gary Johnson to be Republican Presidential Nominee in 2012,1,2.0,Mar/25/2010 22:40:56
658926,2012.REP.NOM.JOHNSON,Gary Johnson to be Republican Presidential Nominee in 2012,1,2.0,Mar/25/2010 22:41:01
658926,2012.REP.NOM.JOHNSON,Gary Johnson to be Republican Presidential Nominee in 2012,2,2.0,Mar/25/2010 22:41:19
658926,2012.REP.NOM.JOHNSON,Gary Johnson to be Republican Presidential Nominee in 2012,1,2.0,Mar/25/2010 22:41:19
658926,2012.REP.NOM.JOHNSON,Gary Johnson to be Republican Presidential Nominee in 2012,2,2.0,Mar/25/2010 22:41:27
658926,2012.REP.NOM.JOHNSON,Gary Johnson to be Republican Presidential Nominee in 2012,1,2.0,Mar/25/2010 22:41:34
658926,2012.REP.NOM.JOHNSON,Gary Johnson to be Republican Presidential Nominee in 2012,1,1.2,Mar/25/2010 22:41:40
658926,2012.REP.NOM.JOHNSON,Gary Johnson to be Republican Presidential Nominee in 2012,1,1.2,Mar/25/2010 22:41:40
658926,2012.REP.NOM.JOHNSON,Gary Johnson to be Republican Presidential Nominee in 2012,1,1.2,Mar/25/2010 22:42:05
658926,2012.REP.NOM.JOHNSON,Gary Johnson to be Republican Presidential Nominee in 2012,2,1.2,Mar/25/2010 22:42:12
658926,2012.REP.NOM.JOHNSON,Gary Johnson to be Republican Presidential Nominee in 2012,2,1.2,Mar/25/2010 22:42:18
658926,2012.REP.NOM.JOHNSON,Gary Johnson to be Republican Presidential Nominee in 2012,1,1.2,Mar/25/2010 22:42:26
658926,2012.REP.NOM.JOHNSON,Gary Johnson to be Republican Presidential Nominee in 2012,1,1.2,Mar/25/2010 22:42:33
658926,2012.REP.NOM.JOHNSON,Gary Johnson to be Republican Presidential Nominee in 2012,1,1.2,Mar/25/2010 22:42:40
658926,2012.REP.NOM.JOHNSON,Gary Johnson to be Republican Presidential Nominee in 2012,1,1.2,Mar/25/2010 22:42:47
658926,2012.REP.NOM.JOHNSON,Gary Johnson to be Republican Presidential Nominee in 2012,1,1.1,Mar/25/2010 22:42:55
658926,2012.REP.NOM.JOHNSON,Gary Johnson to be Republican Presidential Nominee in 2012,1,1.1,Mar/25/2010 22:43:02
658926,2012.REP.NOM.JOHNSON,Gary Johnson to be Republican Presidential Nominee in 2012,1,1.1,Mar/25/2010 22:43:09
658926,2012.REP.NOM.JOHNSON,Gary Johnson to be Republican Presidential Nominee in 2012,1,1.1,Mar/25/2010 22:43:16
658926,2012.REP.NOM.JOHNSON,Gary Johnson to be Republican Presidential Nominee in 2012,1,1.1,Mar/25/2010 22:43:24
658926,2012.REP.NOM.JOHNSON,Gary Johnson to be Republican Presidential Nominee in 2012,1,1.1,Mar/25/2010 22:43:31
658926,2012.REP.NOM.JOHNSON,Gary Johnson to be Republican Presidential Nominee in 2012,1,1.1,Mar/25/2010 22:43:39
658926,2012.REP.NOM.JOHNSON,Gary Johnson to be Republican Presidential Nominee in 2012,1,1.1,Mar/25/2010 22:43:47
658926,2012.REP.NOM.JOHNSON,Gary Johnson to be Republican Presidential Nominee in 2012,5,3.7,Apr/03/2010 04:31:05
658926,2012.REP.NOM.JOHNSON,Gary Johnson to be Republican Presidential Nominee in 2012,3,3.7,Apr/03/2010 04:31:05
658926,2012.REP.NOM.JOHNSON,Gary Johnson to be Republican Presidential Nominee in 2012,1,3.5,Apr/03/2010 04:31:05
658926,2012.REP.NOM.JOHNSON,Gary Johnson to be Republican Presidential Nominee in 2012,1,3.4,Apr/03/2010 04:31:05
658926,2012.REP.NOM.JOHNSON,Gary Johnson to be Republican Presidential Nominee in 2012,1,1.2,Apr/14/2010 05:02:00
658926,2012.REP.NOM.JOHNSON,Gary Johnson to be Republican Presidential Nominee in 2012,1,1.3,May/17/2010 10:08:12
658926,2012.REP.NOM.JOHNSON,Gary Johnson to be Republican Presidential Nominee in 2012,1,1.3,May/17/2010 10:09:33
658926,2012.REP.NOM.JOHNSON,Gary Johnson to be Republican Presidential Nominee in 2012,1,1.3,May/17/2010 10:09:40
658926,2012.REP.NOM.JOHNSON,Gary Johnson to be Republican Presidential Nominee in 2012,1,1.3,May/17/2010 10:10:09
658926,2012.REP.NOM.JOHNSON,Gary Johnson to be Republican Presidential Nominee in 2012,1,1.3,May/17/2010 10:10:24
658926,2012.REP.NOM.JOHNSON,Gary Johnson to be Republican Presidential Nominee in 2012,1,1.3,May/17/2010 10:10:36
658926,2012.REP.NOM.JOHNSON,Gary Johnson to be Republican Presidential Nominee in 2012,1,1.3,May/17/2010 10:10:45
658926,2012.REP.NOM.JOHNSON,Gary Johnson to be Republican Presidential Nominee in 2012,1,1.3,May/17/2010 10:10:57
658926,2012.REP.NOM.JOHNSON,Gary Johnson to be Republican Presidential Nominee in 2012,1,1.2,May/17/2010 10:11:07
658926,2012.REP.NOM.JOHNSON,Gary Johnson to be Republican Presidential Nominee in 2012,2,1.2,May/17/2010 10:11:15
658926,2012.REP.NOM.JOHNSON,Gary Johnson to be Republican Presidential Nominee in 2012,1,1.1,May/17/2010 10:11:24
658926,2012.REP.NOM.JOHNSON,Gary Johnson to be Republican Presidential Nominee in 2012,1,1.1,May/17/2010 10:11:33
658926,2012.REP.NOM.JOHNSON,Gary Johnson to be Republican Presidential Nominee in 2012,1,1.0,May/17/2010 10:11:42
658926,2012.REP.NOM.JOHNSON,Gary Johnson to be Republican Presidential Nominee in 2012,3,1.0,May/17/2010 10:11:51
658926,2012.REP.NOM.JOHNSON,Gary Johnson to be Republican Presidential Nominee in 2012,1,1.0,May/17/2010 10:12:45
658926,2012.REP.NOM.JOHNSON,Gary Johnson to be Republican Presidential Nominee in 2012,1,1.0,May/17/2010 10:13:03
658926,2012.REP.NOM.JOHNSON,Gary Johnson to be Republican Presidential Nominee in 2012,1,1.0,May/17/2010 10:13:16
658926,2012.REP.NOM.JOHNSON,Gary Johnson to be Republican Presidential Nominee in 2012,1,1.0,May/17/2010 10:13:26
658926,2012.REP.NOM.JOHNSON,Gary Johnson to be Republican Presidential Nominee in 2012,1,1.0,May/17/2010 10:13:31
658926,2012.REP.NOM.JOHNSON,Gary Johnson to be Republican Presidential Nominee in 2012,1,1.0,May/17/2010 10:13:36
658926,2012.REP.NOM.JOHNSON,Gary Johnson to be Republican Presidential Nominee in 2012,1,1.0,May/17/2010 10:13:41
658926,2012.REP.NOM.JOHNSON,Gary Johnson to be Republican Presidential Nominee in 2012,1,1.0,May/17/2010 10:13:53
658926,2012.REP.NOM.JOHNSON,Gary Johnson to be Republican Presidential Nominee in 2012,1,1.0,May/17/2010 10:14:04
658926,2012.REP.NOM.JOHNSON,Gary Johnson to be Republican Presidential Nominee in 2012,1,1.0,May/17/2010 10:14:13
658926,2012.REP.NOM.JOHNSON,Gary Johnson to be Republican Presidential Nominee in 2012,2,1.0,May/17/2010 10:14:23
658926,2012.REP.NOM.JOHNSON,Gary Johnson to be Republican Presidential Nominee in 2012,1,1.0,May/17/2010 10:14:30
658926,2012.REP.NOM.JOHNSON,Gary Johnson to be Republican Presidential Nominee in 2012,1,1.0,May/17/2010 10:14:41
658926,2012.REP.NOM.JOHNSON,Gary Johnson to be Republican Presidential Nominee in 2012,1,1.0,May/17/2010 10:14:50
658926,2012.REP.NOM.JOHNSON,Gary Johnson to be Republican Presidential Nominee in 2012,1,1.0,May/17/2010 10:14:59
658926,2012.REP.NOM.JOHNSON,Gary Johnson to be Republican Presidential Nominee in 2012,1,1.0,May/17/2010 10:14:59
658926,2012.REP.NOM.JOHNSON,Gary Johnson to be Republican Presidential Nominee in 2012,1,1.0,May/17/2010 10:15:09
658926,2012.REP.NOM.JOHNSON,Gary Johnson to be Republican Presidential Nominee in 2012,1,1.0,May/17/2010 10:15:17
658926,2012.REP.NOM.JOHNSON,Gary Johnson to be Republican Presidential Nominee in 2012,1,1.0,May/17/2010 10:15:27
658926,2012.REP.NOM.JOHNSON,Gary Johnson to be Republican Presidential Nominee in 2012,1,1.0,May/17/2010 10:15:38
658926,2012.REP.NOM.JOHNSON,Gary Johnson to be Republican Presidential Nominee in 2012,1,1.0,May/17/2010 10:15:48
658926,2012.REP.NOM.JOHNSON,Gary Johnson to be Republican Presidential Nominee in 2012,4,1.0,May/27/2010 11:27:07
658926,2012.REP.NOM.JOHNSON,Gary Johnson to be Republican Presidential Nominee in 2012,46,0.6,May/27/2010 11:27:07
658926,2012.REP.NOM.JOHNSON,Gary Johnson to be Republican Presidential Nominee in 2012,4,0.6,May/28/2010 12:32:47
658926,2012.REP.NOM.JOHNSON,Gary Johnson to be Republican Presidential Nominee in 2012,20,0.6,May/28/2010 12:32:47
658926,2012.REP.NOM.JOHNSON,Gary Johnson to be Republican Presidential Nominee in 2012,20,0.6,Jun/01/2010 17:35:51
658926,2012.REP.NOM.JOHNSON,Gary Johnson to be Republican Presidential Nominee in 2012,4,0.6,Jun/01/2010 20:39:59
658926,2012.REP.NOM.JOHNSON,Gary Johnson to be Republican Presidential Nominee in 2012,1,1.0,Jun/02/2010 10:26:01
658926,2012.REP.NOM.JOHNSON,Gary Johnson to be Republican Presidential Nominee in 2012,4,0.7,Jun/03/2010 12:27:36
658926,2012.REP.NOM.JOHNSON,Gary Johnson to be Republican Presidential Nominee in 2012,1,1.0,Jun/03/2010 12:27:36
658926,2012.REP.NOM.JOHNSON,Gary Johnson to be Republican Presidential Nominee in 2012,1,0.6,Jun/03/2010 20:17:06
658926,2012.REP.NOM.JOHNSON,Gary Johnson to be Republican Presidential Nominee in 2012,1,0.7,Jun/03/2010 20:17:06
658926,2012.REP.NOM.JOHNSON,Gary Johnson to be Republican Presidential Nominee in 2012,11,0.6,Jun/04/2010 10:36:03
658926,2012.REP.NOM.JOHNSON,Gary Johnson to be Republican Presidential Nominee in 2012,20,0.6,Jun/04/2010 10:36:03
658926,2012.REP.NOM.JOHNSON,Gary Johnson to be Republican Presidential Nominee in 2012,20,0.6,Jun/04/2010 21:46:22
658926,2012.REP.NOM.JOHNSON,Gary Johnson to be Republican Presidential Nominee in 2012,20,0.6,Jun/04/2010 22:55:46
658926,2012.REP.NOM.JOHNSON,Gary Johnson to be Republican Presidential Nominee in 2012,8,0.6,Jun/09/2010 20:22:32
658926,2012.REP.NOM.JOHNSON,Gary Johnson to be Republican Presidential Nominee in 2012,1,0.6,Jun/11/2010 09:56:15
658926,2012.REP.NOM.JOHNSON,Gary Johnson to be Republican Presidential Nominee in 2012,22,0.6,Jun/29/2010 10:47:22
658926,2012.REP.NOM.JOHNSON,Gary Johnson to be Republican Presidential Nominee in 2012,8,0.6,Jun/29/2010 10:47:41
658926,2012.REP.NOM.JOHNSON,Gary Johnson to be Republican Presidential Nominee in 2012,17,0.6,Jul/12/2010 06:43:04
658926,2012.REP.NOM.JOHNSON,Gary Johnson to be Republican Presidential Nominee in 2012,50,1.3,Jul/12/2010 06:43:04
658926,2012.REP.NOM.JOHNSON,Gary Johnson to be Republican Presidential Nominee in 2012,4,0.5,Jul/12/2010 21:16:43
658926,2012.REP.NOM.JOHNSON,Gary Johnson to be Republican Presidential Nominee in 2012,14,0.6,Jul/12/2010 21:16:43
658926,2012.REP.NOM.JOHNSON,Gary Johnson to be Republican Presidential Nominee in 2012,3,0.5,Jul/12/2010 21:16:54
658926,2012.REP.NOM.JOHNSON,Gary Johnson to be Republican Presidential Nominee in 2012,2,0.5,Jul/13/2010 05:45:27
658926,2012.REP.NOM.JOHNSON,Gary Johnson to be Republican Presidential Nominee in 2012,39,0.5,Jul/13/2010 19:28:18
658926,2012.REP.NOM.JOHNSON,Gary Johnson to be Republican Presidential Nominee in 2012,2,0.5,Jul/17/2010 19:13:30
658926,2012.REP.NOM.JOHNSON,Gary Johnson to be Republican Presidential Nominee in 2012,5,0.4,Jul/17/2010 19:13:30
658926,2012.REP.NOM.JOHNSON,Gary Johnson to be Republican Presidential Nominee in 2012,73,0.4,Jul/17/2010 19:13:30
658926,2012.REP.NOM.JOHNSON,Gary Johnson to be Republican Presidential Nominee in 2012,20,0.5,Jul/17/2010 19:13:30
658926,2012.REP.NOM.JOHNSON,Gary Johnson to be Republican Presidential Nominee in 2012,5,1.6,Aug/23/2010 03:32:12
658926,2012.REP.NOM.JOHNSON,Gary Johnson to be Republican Presidential Nominee in 2012,1,1.7,Aug/23/2010 03:32:27
658926,2012.REP.NOM.JOHNSON,Gary Johnson to be Republican Presidential Nominee in 2012,2,1.8,Aug/23/2010 03:32:51
658926,2012.REP.NOM.JOHNSON,Gary Johnson to be Republican Presidential Nominee in 2012,1,2.0,Sep/28/2010 18:45:26
658926,2012.REP.NOM.JOHNSON,Gary Johnson to be Republican Presidential Nominee in 2012,18,1.8,Sep/28/2010 18:45:26
658926,2012.REP.NOM.JOHNSON,Gary Johnson to be Republican Presidential Nominee in 2012,1,1.8,Sep/28/2010 18:45:26
658926,2012.REP.NOM.JOHNSON,Gary Johnson to be Republican Presidential Nominee in 2012,1,3.0,Oct/21/2010 01:01:52
658926,2012.REP.NOM.JOHNSON,Gary Johnson to be Republican Presidential Nominee in 2012,9,3.0,Oct/21/2010 13:00:57
658926,2012.REP.NOM.JOHNSON,Gary Johnson to be Republican Presidential Nominee in 2012,1,2.9,Oct/26/2010 06:42:35
658926,2012.REP.NOM.JOHNSON,Gary Johnson to be Republican Presidential Nominee in 2012,1,3.5,Nov/02/2010 17:03:37
658926,2012.REP.NOM.JOHNSON,Gary Johnson to be Republican Presidential Nominee in 2012,2,3.6,Nov/02/2010 17:03:58
658926,2012.REP.NOM.JOHNSON,Gary Johnson to be Republican Presidential Nominee in 2012,1,2.6,Nov/05/2010 15:02:47
658926,2012.REP.NOM.JOHNSON,Gary Johnson to be Republican Presidential Nominee in 2012,1,2.5,Nov/05/2010 15:11:44
658926,2012.REP.NOM.JOHNSON,Gary Johnson to be Republican Presidential Nominee in 2012,1,2.1,Nov/05/2010 15:32:51
658926,2012.REP.NOM.JOHNSON,Gary Johnson to be Republican Presidential Nominee in 2012,4,2.5,Nov/05/2010 15:32:51
658926,2012.REP.NOM.JOHNSON,Gary Johnson to be Republican Presidential Nominee in 2012,5,2.0,Nov/05/2010 16:08:03
658926,2012.REP.NOM.JOHNSON,Gary Johnson to be Republican Presidential Nominee in 2012,8,2.0,Nov/05/2010 16:22:09
658926,2012.REP.NOM.JOHNSON,Gary Johnson to be Republican Presidential Nominee in 2012,5,1.0,Nov/05/2010 17:48:57
658926,2012.REP.NOM.JOHNSON,Gary Johnson to be Republican Presidential Nominee in 2012,1,1.1,Nov/05/2010 17:48:57
658926,2012.REP.NOM.JOHNSON,Gary Johnson to be Republican Presidential Nominee in 2012,27,2.0,Nov/05/2010 17:48:57
658926,2012.REP.NOM.JOHNSON,Gary Johnson to be Republican Presidential Nominee in 2012,37,1.0,Nov/05/2010 17:48:57
658926,2012.REP.NOM.JOHNSON,Gary Johnson to be Republican Presidential Nominee in 2012,1,2.0,Nov/05/2010 17:48:57
658926,2012.REP.NOM.JOHNSON,Gary Johnson to be Republican Presidential Nominee in 2012,10,0.8,Nov/05/2010 17:50:56
658926,2012.REP.NOM.JOHNSON,Gary Johnson to be Republican Presidential Nominee in 2012,63,1.0,Nov/05/2010 17:50:56
658926,2012.REP.NOM.JOHNSON,Gary Johnson to be Republican Presidential Nominee in 2012,5,0.9,Nov/05/2010 17:50:56
658926,2012.REP.NOM.JOHNSON,Gary Johnson to be Republican Presidential Nominee in 2012,9,0.9,Nov/05/2010 17:53:39
658926,2012.REP.NOM.JOHNSON,Gary Johnson to be Republican Presidential Nominee in 2012,2,0.9,Nov/05/2010 18:00:37
658926,2012.REP.NOM.JOHNSON,Gary Johnson to be Republican Presidential Nominee in 2012,1,0.8,Nov/05/2010 22:26:27
658926,2012.REP.NOM.JOHNSON,Gary Johnson to be Republican Presidential Nominee in 2012,39,0.9,Nov/05/2010 22:26:27
658926,2012.REP.NOM.JOHNSON,Gary Johnson to be Republican Presidential Nominee in 2012,10,0.9,Nov/06/2010 00:42:02
658926,2012.REP.NOM.JOHNSON,Gary Johnson to be Republican Presidential Nominee in 2012,10,1.0,Nov/06/2010 00:42:40
658926,2012.REP.NOM.JOHNSON,Gary Johnson to be Republican Presidential Nominee in 2012,10,1.1,Nov/06/2010 00:43:26
658926,2012.REP.NOM.JOHNSON,Gary Johnson to be Republican Presidential Nominee in 2012,10,1.2,Nov/06/2010 00:43:26
658926,2012.REP.NOM.JOHNSON,Gary Johnson to be Republican Presidential Nominee in 2012,6,1.9,Nov/06/2010 18:39:57
658926,2012.REP.NOM.JOHNSON,Gary Johnson to be Republican Presidential Nominee in 2012,5,2.0,Nov/06/2010 18:39:57
658926,2012.REP.NOM.JOHNSON,Gary Johnson to be Republican Presidential Nominee in 2012,5,1.5,Nov/06/2010 18:39:57
658926,2012.REP.NOM.JOHNSON,Gary Johnson to be Republican Presidential Nominee in 2012,1,1.4,Nov/06/2010 18:39:57
658926,2012.REP.NOM.JOHNSON,Gary Johnson to be Republican Presidential Nominee in 2012,5,1.3,Nov/06/2010 18:39:57
658926,2012.REP.NOM.JOHNSON,Gary Johnson to be Republican Presidential Nominee in 2012,10,2.0,Nov/06/2010 18:39:57
658926,2012.REP.NOM.JOHNSON,Gary Johnson to be Republican Presidential Nominee in 2012,5,1.2,Nov/06/2010 18:39:57
658926,2012.REP.NOM.JOHNSON,Gary Johnson to be Republican Presidential Nominee in 2012,5,1.4,Nov/06/2010 18:39:57
658926,2012.REP.NOM.JOHNSON,Gary Johnson to be Republican Presidential Nominee in 2012,5,1.7,Nov/06/2010 18:39:57
658926,2012.REP.NOM.JOHNSON,Gary Johnson to be Republican Presidential Nominee in 2012,10,1.1,Nov/06/2010 21:37:19
658926,2012.REP.NOM.JOHNSON,Gary Johnson to be Republican Presidential Nominee in 2012,40,1.1,Nov/06/2010 21:37:19
658926,2012.REP.NOM.JOHNSON,Gary Johnson to be Republican Presidential Nominee in 2012,3,1.9,Nov/06/2010 22:42:09
658926,2012.REP.NOM.JOHNSON,Gary Johnson to be Republican Presidential Nominee in 2012,5,2.0,Nov/06/2010 22:42:25
658926,2012.REP.NOM.JOHNSON,Gary Johnson to be Republican Presidential Nominee in 2012,3,2.1,Nov/06/2010 22:42:54
658926,2012.REP.NOM.JOHNSON,Gary Johnson to be Republican Presidential Nominee in 2012,5,1.7,Nov/07/2010 02:33:40
658926,2012.REP.NOM.JOHNSON,Gary Johnson to be Republican Presidential Nominee in 2012,19,1.1,Nov/07/2010 21:41:40
658926,2012.REP.NOM.JOHNSON,Gary Johnson to be Republican Presidential Nominee in 2012,1,1.2,Nov/07/2010 21:41:40
658926,2012.REP.NOM.JOHNSON,Gary Johnson to be Republican Presidential Nominee in 2012,20,1.3,Nov/08/2010 06:10:33
658926,2012.REP.NOM.JOHNSON,Gary Johnson to be Republican Presidential Nominee in 2012,5,1.3,Nov/08/2010 11:41:38
658926,2012.REP.NOM.JOHNSON,Gary Johnson to be Republican Presidential Nominee in 2012,5,1.1,Nov/09/2010 21:22:01
658926,2012.REP.NOM.JOHNSON,Gary Johnson to be Republican Presidential Nominee in 2012,20,1.2,Nov/09/2010 21:22:01
658926,2012.REP.NOM.JOHNSON,Gary Johnson to be Republican Presidential Nominee in 2012,15,1.3,Nov/09/2010 21:22:01
658926,2012.REP.NOM.JOHNSON,Gary Johnson to be Republican Presidential Nominee in 2012,29,1.1,Nov/10/2010 06:54:40
658926,2012.REP.NOM.JOHNSON,Gary Johnson to be Republican Presidential Nominee in 2012,6,1.1,Nov/10/2010 17:23:28
658926,2012.REP.NOM.JOHNSON,Gary Johnson to be Republican Presidential Nominee in 2012,8,1.1,Nov/11/2010 07:51:56
658926,2012.REP.NOM.JOHNSON,Gary Johnson to be Republican Presidential Nominee in 2012,5,1.4,Nov/11/2010 21:49:56
658926,2012.REP.NOM.JOHNSON,Gary Johnson to be Republican Presidential Nominee in 2012,5,1.5,Nov/11/2010 21:50:24
658926,2012.REP.NOM.JOHNSON,Gary Johnson to be Republican Presidential Nominee in 2012,1,1.6,Nov/11/2010 21:50:51
658926,2012.REP.NOM.JOHNSON,Gary Johnson to be Republican Presidential Nominee in 2012,5,1.6,Nov/11/2010 21:50:51
658926,2012.REP.NOM.JOHNSON,Gary Johnson to be Republican Presidential Nominee in 2012,3,1.6,Nov/12/2010 18:17:53
658926,2012.REP.NOM.JOHNSON,Gary Johnson to be Republican Presidential Nominee in 2012,5,1.6,Nov/12/2010 18:17:53
658926,2012.REP.NOM.JOHNSON,Gary Johnson to be Republican Presidential Nominee in 2012,10,1.4,Nov/15/2010 08:03:10
658926,2012.REP.NOM.JOHNSON,Gary Johnson to be Republican Presidential Nominee in 2012,3,1.4,Nov/15/2010 08:03:10
658926,2012.REP.NOM.JOHNSON,Gary Johnson to be Republican Presidential Nominee in 2012,40,1.6,Nov/15/2010 08:03:10
658926,2012.REP.NOM.JOHNSON,Gary Johnson to be Republican Presidential Nominee in 2012,3,1.5,Nov/15/2010 17:08:53
658926,2012.REP.NOM.JOHNSON,Gary Johnson to be Republican Presidential Nominee in 2012,10,1.6,Nov/15/2010 17:11:47
658926,2012.REP.NOM.JOHNSON,Gary Johnson to be Republican Presidential Nominee in 2012,3,1.6,Nov/15/2010 17:39:51
658926,2012.REP.NOM.JOHNSON,Gary Johnson to be Republican Presidential Nominee in 2012,2,1.6,Nov/15/2010 18:02:35
658926,2012.REP.NOM.JOHNSON,Gary Johnson to be Republican Presidential Nominee in 2012,3,1.6,Nov/15/2010 18:36:43
658926,2012.REP.NOM.JOHNSON,Gary Johnson to be Republican Presidential Nominee in 2012,17,1.6,Nov/16/2010 07:19:42
658926,2012.REP.NOM.JOHNSON,Gary Johnson to be Republican Presidential Nominee in 2012,1,1.6,Nov/16/2010 09:41:41
658926,2012.REP.NOM.JOHNSON,Gary Johnson to be Republican Presidential Nominee in 2012,1,1.6,Nov/16/2010 09:41:45
658926,2012.REP.NOM.JOHNSON,Gary Johnson to be Republican Presidential Nominee in 2012,1,1.6,Nov/16/2010 09:41:49
658926,2012.REP.NOM.JOHNSON,Gary Johnson to be Republican Presidential Nominee in 2012,1,1.6,Nov/16/2010 09:42:14
658926,2012.REP.NOM.JOHNSON,Gary Johnson to be Republican Presidential Nominee in 2012,1,1.6,Nov/16/2010 09:42:18
658926,2012.REP.NOM.JOHNSON,Gary Johnson to be Republican Presidential Nominee in 2012,1,1.6,Nov/16/2010 09:42:21
658926,2012.REP.NOM.JOHNSON,Gary Johnson to be Republican Presidential Nominee in 2012,1,1.6,Nov/16/2010 09:42:24
658926,2012.REP.NOM.JOHNSON,Gary Johnson to be Republican Presidential Nominee in 2012,1,1.6,Nov/16/2010 09:42:30
658926,2012.REP.NOM.JOHNSON,Gary Johnson to be Republican Presidential Nominee in 2012,1,1.6,Nov/16/2010 09:42:36
658926,2012.REP.NOM.JOHNSON,Gary Johnson to be Republican Presidential Nominee in 2012,1,1.6,Nov/16/2010 09:42:39
658926,2012.REP.NOM.JOHNSON,Gary Johnson to be Republican Presidential Nominee in 2012,1,1.6,Nov/16/2010 09:42:43
658926,2012.REP.NOM.JOHNSON,Gary Johnson to be Republican Presidential Nominee in 2012,1,1.6,Nov/16/2010 09:42:50
658926,2012.REP.NOM.JOHNSON,Gary Johnson to be Republican Presidential Nominee in 2012,1,1.6,Nov/16/2010 09:42:54
658926,2012.REP.NOM.JOHNSON,Gary Johnson to be Republican Presidential Nominee in 2012,7,1.5,Nov/17/2010 07:36:28
658926,2012.REP.NOM.JOHNSON,Gary Johnson to be Republican Presidential Nominee in 2012,7,1.6,Nov/17/2010 07:36:28
658926,2012.REP.NOM.JOHNSON,Gary Johnson to be Republican Presidential Nominee in 2012,30,1.6,Nov/17/2010 07:36:28
658926,2012.REP.NOM.JOHNSON,Gary Johnson to be Republican Presidential Nominee in 2012,10,1.5,Nov/19/2010 08:32:39
658926,2012.REP.NOM.JOHNSON,Gary Johnson to be Republican Presidential Nominee in 2012,7,1.4,Nov/19/2010 08:32:44
658926,2012.REP.NOM.JOHNSON,Gary Johnson to be Republican Presidential Nominee in 2012,3,1.4,Nov/19/2010 08:32:44
658926,2012.REP.NOM.JOHNSON,Gary Johnson to be Republican Presidential Nominee in 2012,1,1.4,Nov/19/2010 19:17:48
658926,2012.REP.NOM.JOHNSON,Gary Johnson to be Republican Presidential Nominee in 2012,6,1.4,Nov/19/2010 19:18:11
658926,2012.REP.NOM.JOHNSON,Gary Johnson to be Republican Presidential Nominee in 2012,6,1.4,Nov/19/2010 19:18:11
658926,2012.REP.NOM.JOHNSON,Gary Johnson to be Republican Presidential Nominee in 2012,6,1.3,Nov/20/2010 18:38:38
658926,2012.REP.NOM.JOHNSON,Gary Johnson to be Republican Presidential Nominee in 2012,4,1.4,Nov/20/2010 18:38:38
658926,2012.REP.NOM.JOHNSON,Gary Johnson to be Republican Presidential Nominee in 2012,10,1.3,Nov/21/2010 08:46:22
658926,2012.REP.NOM.JOHNSON,Gary Johnson to be Republican Presidential Nominee in 2012,11,1.3,Nov/21/2010 23:02:38
658926,2012.REP.NOM.JOHNSON,Gary Johnson to be Republican Presidential Nominee in 2012,5,1.4,Nov/23/2010 15:17:38
658926,2012.REP.NOM.JOHNSON,Gary Johnson to be Republican Presidential Nominee in 2012,1,1.2,Nov/23/2010 16:39:47
658926,2012.REP.NOM.JOHNSON,Gary Johnson to be Republican Presidential Nominee in 2012,3,1.3,Nov/23/2010 16:39:47
658926,2012.REP.NOM.JOHNSON,Gary Johnson to be Republican Presidential Nominee in 2012,10,1.3,Nov/23/2010 16:39:47
658926,2012.REP.NOM.JOHNSON,Gary Johnson to be Republican Presidential Nominee in 2012,1,1.2,Nov/23/2010 16:39:47
658926,2012.REP.NOM.JOHNSON,Gary Johnson to be Republican Presidential Nominee in 2012,11,1.4,Nov/23/2010 22:14:43
658926,2012.REP.NOM.JOHNSON,Gary Johnson to be Republican Presidential Nominee in 2012,1,1.3,Nov/23/2010 22:14:43
658926,2012.REP.NOM.JOHNSON,Gary Johnson to be Republican Presidential Nominee in 2012,12,1.5,Nov/24/2010 02:24:15
658926,2012.REP.NOM.JOHNSON,Gary Johnson to be Republican Presidential Nominee in 2012,5,1.5,Nov/24/2010 02:24:15
658926,2012.REP.NOM.JOHNSON,Gary Johnson to be Republican Presidential Nominee in 2012,38,1.4,Nov/24/2010 10:16:52
658926,2012.REP.NOM.JOHNSON,Gary Johnson to be Republican Presidential Nominee in 2012,2,1.3,Nov/24/2010 10:16:52
658926,2012.REP.NOM.JOHNSON,Gary Johnson to be Republican Presidential Nominee in 2012,1,1.2,Dec/29/2010 14:06:40
658926,2012.REP.NOM.JOHNSON,Gary Johnson to be Republican Presidential Nominee in 2012,9,1.3,Dec/29/2010 14:06:40
658926,2012.REP.NOM.JOHNSON,Gary Johnson to be Republican Presidential Nominee in 2012,12,1.3,Dec/29/2010 22:45:56
658926,2012.REP.NOM.JOHNSON,Gary Johnson to be Republican Presidential Nominee in 2012,2,1.4,Dec/30/2010 16:16:31
658926,2012.REP.NOM.JOHNSON,Gary Johnson to be Republican Presidential Nominee in 2012,5,1.4,Dec/30/2010 16:16:31
658926,2012.REP.NOM.JOHNSON,Gary Johnson to be Republican Presidential Nominee in 2012,5,1.4,Dec/30/2010 16:16:31
658926,2012.REP.NOM.JOHNSON,Gary Johnson to be Republican Presidential Nominee in 2012,5,1.4,Dec/30/2010 16:16:31
658926,2012.REP.NOM.JOHNSON,Gary Johnson to be Republican Presidential Nominee in 2012,5,1.4,Dec/30/2010 16:16:31
658926,2012.REP.NOM.JOHNSON,Gary Johnson to be Republican Presidential Nominee in 2012,5,1.4,Dec/30/2010 16:16:31
658926,2012.REP.NOM.JOHNSON,Gary Johnson to be Republican Presidential Nominee in 2012,5,1.4,Dec/30/2010 16:16:31
658926,2012.REP.NOM.JOHNSON,Gary Johnson to be Republican Presidential Nominee in 2012,5,1.4,Dec/30/2010 16:16:31
658926,2012.REP.NOM.JOHNSON,Gary Johnson to be Republican Presidential Nominee in 2012,5,1.4,Dec/30/2010 16:16:31
658926,2012.REP.NOM.JOHNSON,Gary Johnson to be Republican Presidential Nominee in 2012,5,1.4,Dec/30/2010 16:16:31
658926,2012.REP.NOM.JOHNSON,Gary Johnson to be Republican Presidential Nominee in 2012,3,1.4,Dec/30/2010 16:16:31
658926,2012.REP.NOM.JOHNSON,Gary Johnson to be Republican Presidential Nominee in 2012,2,1.4,Dec/31/2010 21:56:36
658926,2012.REP.NOM.JOHNSON,Gary Johnson to be Republican Presidential Nominee in 2012,5,1.4,Dec/31/2010 21:56:36
658926,2012.REP.NOM.JOHNSON,Gary Johnson to be Republican Presidential Nominee in 2012,1,1.3,Jan/01/2011 19:27:36
658926,2012.REP.NOM.JOHNSON,Gary Johnson to be Republican Presidential Nominee in 2012,5,1.4,Jan/02/2011 00:02:13
658926,2012.REP.NOM.JOHNSON,Gary Johnson to be Republican Presidential Nominee in 2012,10,1.4,Jan/02/2011 00:02:13
658926,2012.REP.NOM.JOHNSON,Gary Johnson to be Republican Presidential Nominee in 2012,10,1.4,Jan/02/2011 00:02:13
658926,2012.REP.NOM.JOHNSON,Gary Johnson to be Republican Presidential Nominee in 2012,10,1.4,Jan/02/2011 00:02:13
658926,2012.REP.NOM.JOHNSON,Gary Johnson to be Republican Presidential Nominee in 2012,10,1.4,Jan/02/2011 00:02:13
658926,2012.REP.NOM.JOHNSON,Gary Johnson to be Republican Presidential Nominee in 2012,5,1.4,Jan/02/2011 00:02:13
658926,2012.REP.NOM.JOHNSON,Gary Johnson to be Republican Presidential Nominee in 2012,10,1.4,Jan/02/2011 00:02:13
658926,2012.REP.NOM.JOHNSON,Gary Johnson to be Republican Presidential Nominee in 2012,1,1.3,Jan/02/2011 20:08:10
658926,2012.REP.NOM.JOHNSON,Gary Johnson to be Republican Presidential Nominee in 2012,10,1.4,Jan/02/2011 21:40:19
658926,2012.REP.NOM.JOHNSON,Gary Johnson to be Republican Presidential Nominee in 2012,5,1.3,Jan/03/2011 12:30:53
658926,2012.REP.NOM.JOHNSON,Gary Johnson to be Republican Presidential Nominee in 2012,5,1.3,Jan/03/2011 12:30:58
658926,2012.REP.NOM.JOHNSON,Gary Johnson to be Republican Presidential Nominee in 2012,10,1.4,Jan/03/2011 15:08:49
658926,2012.REP.NOM.JOHNSON,Gary Johnson to be Republican Presidential Nominee in 2012,10,1.4,Jan/03/2011 15:08:49
658926,2012.REP.NOM.JOHNSON,Gary Johnson to be Republican Presidential Nominee in 2012,10,1.4,Jan/03/2011 15:08:49
658926,2012.REP.NOM.JOHNSON,Gary Johnson to be Republican Presidential Nominee in 2012,10,1.4,Jan/03/2011 18:06:52
658926,2012.REP.NOM.JOHNSON,Gary Johnson to be Republican Presidential Nominee in 2012,1,1.3,Jan/03/2011 18:16:15
658926,2012.REP.NOM.JOHNSON,Gary Johnson to be Republican Presidential Nominee in 2012,10,1.4,Jan/04/2011 00:06:03
658926,2012.REP.NOM.JOHNSON,Gary Johnson to be Republican Presidential Nominee in 2012,2,1.4,Jan/04/2011 23:28:11
658926,2012.REP.NOM.JOHNSON,Gary Johnson to be Republican Presidential Nominee in 2012,10,1.4,Jan/04/2011 23:28:11
658926,2012.REP.NOM.JOHNSON,Gary Johnson to be Republican Presidential Nominee in 2012,20,1.4,Jan/05/2011 23:04:39
658926,2012.REP.NOM.JOHNSON,Gary Johnson to be Republican Presidential Nominee in 2012,5,1.5,Jan/05/2011 23:05:10
658926,2012.REP.NOM.JOHNSON,Gary Johnson to be Republican Presidential Nominee in 2012,5,1.5,Jan/05/2011 23:05:10
658926,2012.REP.NOM.JOHNSON,Gary Johnson to be Republican Presidential Nominee in 2012,5,1.5,Jan/05/2011 23:05:10
658926,2012.REP.NOM.JOHNSON,Gary Johnson to be Republican Presidential Nominee in 2012,10,1.4,Jan/08/2011 01:46:32
658926,2012.REP.NOM.JOHNSON,Gary Johnson to be Republican Presidential Nominee in 2012,5,1.4,Jan/08/2011 02:37:36
658926,2012.REP.NOM.JOHNSON,Gary Johnson to be Republican Presidential Nominee in 2012,5,1.4,Jan/08/2011 12:54:33
658926,2012.REP.NOM.JOHNSON,Gary Johnson to be Republican Presidential Nominee in 2012,1,1.3,Jan/08/2011 17:40:18
658926,2012.REP.NOM.JOHNSON,Gary Johnson to be Republican Presidential Nominee in 2012,6,1.3,Jan/08/2011 17:40:25
658926,2012.REP.NOM.JOHNSON,Gary Johnson to be Republican Presidential Nominee in 2012,1,1.3,Jan/08/2011 17:47:44
658926,2012.REP.NOM.JOHNSON,Gary Johnson to be Republican Presidential Nominee in 2012,2,1.3,Jan/08/2011 17:47:50
658926,2012.REP.NOM.JOHNSON,Gary Johnson to be Republican Presidential Nominee in 2012,5,1.3,Jan/08/2011 17:47:56
658926,2012.REP.NOM.JOHNSON,Gary Johnson to be Republican Presidential Nominee in 2012,5,1.3,Jan/08/2011 17:47:56
658926,2012.REP.NOM.JOHNSON,Gary Johnson to be Republican Presidential Nominee in 2012,2,1.3,Jan/08/2011 17:48:02
658926,2012.REP.NOM.JOHNSON,Gary Johnson to be Republican Presidential Nominee in 2012,4,1.3,Jan/08/2011 17:48:08
658926,2012.REP.NOM.JOHNSON,Gary Johnson to be Republican Presidential Nominee in 2012,3,1.3,Jan/08/2011 17:48:14
658926,2012.REP.NOM.JOHNSON,Gary Johnson to be Republican Presidential Nominee in 2012,1,1.3,Jan/08/2011 17:48:20
658926,2012.REP.NOM.JOHNSON,Gary Johnson to be Republican Presidential Nominee in 2012,2,1.3,Jan/08/2011 17:48:26
658926,2012.REP.NOM.JOHNSON,Gary Johnson to be Republican Presidential Nominee in 2012,1,1.3,Jan/08/2011 17:48:32
658926,2012.REP.NOM.JOHNSON,Gary Johnson to be Republican Presidential Nominee in 2012,2,1.3,Jan/08/2011 17:48:38
658926,2012.REP.NOM.JOHNSON,Gary Johnson to be Republican Presidential Nominee in 2012,4,1.3,Jan/08/2011 17:48:44
658926,2012.REP.NOM.JOHNSON,Gary Johnson to be Republican Presidential Nominee in 2012,2,1.3,Jan/08/2011 17:48:50
658926,2012.REP.NOM.JOHNSON,Gary Johnson to be Republican Presidential Nominee in 2012,1,1.3,Jan/08/2011 17:48:56
658926,2012.REP.NOM.JOHNSON,Gary Johnson to be Republican Presidential Nominee in 2012,10,1.3,Jan/08/2011 17:49:02
658926,2012.REP.NOM.JOHNSON,Gary Johnson to be Republican Presidential Nominee in 2012,20,1.4,Jan/08/2011 18:26:29
658926,2012.REP.NOM.JOHNSON,Gary Johnson to be Republican Presidential Nominee in 2012,10,1.4,Jan/08/2011 18:26:29
658926,2012.REP.NOM.JOHNSON,Gary Johnson to be Republican Presidential Nominee in 2012,30,1.4,Jan/09/2011 13:22:35
658926,2012.REP.NOM.JOHNSON,Gary Johnson to be Republican Presidential Nominee in 2012,10,1.4,Jan/09/2011 13:22:35
658926,2012.REP.NOM.JOHNSON,Gary Johnson to be Republican Presidential Nominee in 2012,10,1.4,Jan/10/2011 22:13:54
658926,2012.REP.NOM.JOHNSON,Gary Johnson to be Republican Presidential Nominee in 2012,10,1.4,Jan/11/2011 12:47:34
658926,2012.REP.NOM.JOHNSON,Gary Johnson to be Republican Presidential Nominee in 2012,10,1.4,Jan/11/2011 16:11:19
658926,2012.REP.NOM.JOHNSON,Gary Johnson to be Republican Presidential Nominee in 2012,10,1.4,Jan/12/2011 19:29:18
658926,2012.REP.NOM.JOHNSON,Gary Johnson to be Republican Presidential Nominee in 2012,31,1.4,Jan/12/2011 20:02:00
658926,2012.REP.NOM.JOHNSON,Gary Johnson to be Republican Presidential Nominee in 2012,30,1.4,Jan/12/2011 20:08:05
658926,2012.REP.NOM.JOHNSON,Gary Johnson to be Republican Presidential Nominee in 2012,10,1.4,Jan/12/2011 20:29:41
658926,2012.REP.NOM.JOHNSON,Gary Johnson to be Republican Presidential Nominee in 2012,10,1.4,Jan/12/2011 21:16:59
658926,2012.REP.NOM.JOHNSON,Gary Johnson to be Republican Presidential Nominee in 2012,20,1.4,Jan/13/2011 00:34:46
658926,2012.REP.NOM.JOHNSON,Gary Johnson to be Republican Presidential Nominee in 2012,31,1.4,Jan/13/2011 02:47:03
658926,2012.REP.NOM.JOHNSON,Gary Johnson to be Republican Presidential Nominee in 2012,5,1.2,Jan/13/2011 03:26:04
658926,2012.REP.NOM.JOHNSON,Gary Johnson to be Republican Presidential Nominee in 2012,27,1.4,Jan/13/2011 03:36:32
658926,2012.REP.NOM.JOHNSON,Gary Johnson to be Republican Presidential Nominee in 2012,10,1.4,Jan/13/2011 03:36:32
658926,2012.REP.NOM.JOHNSON,Gary Johnson to be Republican Presidential Nominee in 2012,7,1.4,Jan/13/2011 03:38:19
658926,2012.REP.NOM.JOHNSON,Gary Johnson to be Republican Presidential Nominee in 2012,11,1.4,Jan/13/2011 21:13:54
658926,2012.REP.NOM.JOHNSON,Gary Johnson to be Republican Presidential Nominee in 2012,10,1.4,Jan/13/2011 21:13:54
658926,2012.REP.NOM.JOHNSON,Gary Johnson to be Republican Presidential Nominee in 2012,2,1.5,Jan/15/2011 00:56:18
658926,2012.REP.NOM.JOHNSON,Gary Johnson to be Republican Presidential Nominee in 2012,6,1.8,Jan/15/2011 06:30:15
658926,2012.REP.NOM.JOHNSON,Gary Johnson to be Republican Presidential Nominee in 2012,10,1.5,Jan/16/2011 06:48:17
658926,2012.REP.NOM.JOHNSON,Gary Johnson to be Republican Presidential Nominee in 2012,10,1.5,Jan/16/2011 06:54:45
658926,2012.REP.NOM.JOHNSON,Gary Johnson to be Republican Presidential Nominee in 2012,10,1.4,Jan/17/2011 21:26:00
658926,2012.REP.NOM.JOHNSON,Gary Johnson to be Republican Presidential Nominee in 2012,9,1.4,Jan/18/2011 00:27:33
658926,2012.REP.NOM.JOHNSON,Gary Johnson to be Republican Presidential Nominee in 2012,1,1.3,Jan/19/2011 13:52:57
658926,2012.REP.NOM.JOHNSON,Gary Johnson to be Republican Presidential Nominee in 2012,1,1.3,Jan/19/2011 13:53:03
658926,2012.REP.NOM.JOHNSON,Gary Johnson to be Republican Presidential Nominee in 2012,2,1.3,Jan/19/2011 13:53:34
658926,2012.REP.NOM.JOHNSON,Gary Johnson to be Republican Presidential Nominee in 2012,5,1.4,Jan/20/2011 15:03:55
658926,2012.REP.NOM.JOHNSON,Gary Johnson to be Republican Presidential Nominee in 2012,4,1.4,Jan/20/2011 15:04:27
658926,2012.REP.NOM.JOHNSON,Gary Johnson to be Republican Presidential Nominee in 2012,1,1.5,Jan/20/2011 15:07:50
658926,2012.REP.NOM.JOHNSON,Gary Johnson to be Republican Presidential Nominee in 2012,1,1.5,Jan/20/2011 15:07:56
658926,2012.REP.NOM.JOHNSON,Gary Johnson to be Republican Presidential Nominee in 2012,1,1.5,Jan/20/2011 15:08:26
658926,2012.REP.NOM.JOHNSON,Gary Johnson to be Republican Presidential Nominee in 2012,1,1.5,Jan/20/2011 15:08:32
658926,2012.REP.NOM.JOHNSON,Gary Johnson to be Republican Presidential Nominee in 2012,3,1.5,Jan/20/2011 15:09:07
658926,2012.REP.NOM.JOHNSON,Gary Johnson to be Republican Presidential Nominee in 2012,2,1.5,Jan/20/2011 15:10:17
658926,2012.REP.NOM.JOHNSON,Gary Johnson to be Republican Presidential Nominee in 2012,3,1.5,Jan/20/2011 15:10:23
658926,2012.REP.NOM.JOHNSON,Gary Johnson to be Republican Presidential Nominee in 2012,3,1.5,Jan/20/2011 15:10:53
658926,2012.REP.NOM.JOHNSON,Gary Johnson to be Republican Presidential Nominee in 2012,5,1.5,Jan/21/2011 02:12:25
658926,2012.REP.NOM.JOHNSON,Gary Johnson to be Republican Presidential Nominee in 2012,5,1.5,Jan/21/2011 02:12:25
658926,2012.REP.NOM.JOHNSON,Gary Johnson to be Republican Presidential Nominee in 2012,10,1.4,Jan/21/2011 16:55:13
658926,2012.REP.NOM.JOHNSON,Gary Johnson to be Republican Presidential Nominee in 2012,10,1.4,Jan/21/2011 19:11:40
658926,2012.REP.NOM.JOHNSON,Gary Johnson to be Republican Presidential Nominee in 2012,1,1.3,Jan/21/2011 19:22:27
658926,2012.REP.NOM.JOHNSON,Gary Johnson to be Republican Presidential Nominee in 2012,4,1.4,Jan/21/2011 19:23:37
658926,2012.REP.NOM.JOHNSON,Gary Johnson to be Republican Presidential Nominee in 2012,4,1.4,Jan/21/2011 19:24:08
658926,2012.REP.NOM.JOHNSON,Gary Johnson to be Republican Presidential Nominee in 2012,1,1.4,Jan/21/2011 19:24:43
658926,2012.REP.NOM.JOHNSON,Gary Johnson to be Republican Presidential Nominee in 2012,1,1.4,Jan/21/2011 19:26:13
658926,2012.REP.NOM.JOHNSON,Gary Johnson to be Republican Presidential Nominee in 2012,2,1.4,Jan/21/2011 19:26:19
658926,2012.REP.NOM.JOHNSON,Gary Johnson to be Republican Presidential Nominee in 2012,2,1.4,Jan/21/2011 19:26:21
658926,2012.REP.NOM.JOHNSON,Gary Johnson to be Republican Presidential Nominee in 2012,6,1.4,Jan/21/2011 19:29:47
658926,2012.REP.NOM.JOHNSON,Gary Johnson to be Republican Presidential Nominee in 2012,4,1.4,Jan/21/2011 19:51:54
658926,2012.REP.NOM.JOHNSON,Gary Johnson to be Republican Presidential Nominee in 2012,10,1.4,Jan/21/2011 19:51:54
658926,2012.REP.NOM.JOHNSON,Gary Johnson to be Republican Presidential Nominee in 2012,2,1.3,Jan/21/2011 21:52:06
658926,2012.REP.NOM.JOHNSON,Gary Johnson to be Republican Presidential Nominee in 2012,2,1.3,Jan/22/2011 00:01:33
658926,2012.REP.NOM.JOHNSON,Gary Johnson to be Republican Presidential Nominee in 2012,8,1.3,Jan/22/2011 00:08:05
658926,2012.REP.NOM.JOHNSON,Gary Johnson to be Republican Presidential Nominee in 2012,3,1.3,Jan/22/2011 00:08:11
658926,2012.REP.NOM.JOHNSON,Gary Johnson to be Republican Presidential Nominee in 2012,10,1.4,Jan/22/2011 03:40:06
658926,2012.REP.NOM.JOHNSON,Gary Johnson to be Republican Presidential Nominee in 2012,10,1.4,Jan/22/2011 03:40:06
658926,2012.REP.NOM.JOHNSON,Gary Johnson to be Republican Presidential Nominee in 2012,10,1.3,Jan/22/2011 03:58:50
658926,2012.REP.NOM.JOHNSON,Gary Johnson to be Republican Presidential Nominee in 2012,10,1.4,Jan/22/2011 12:52:16
658926,2012.REP.NOM.JOHNSON,Gary Johnson to be Republican Presidential Nominee in 2012,59,1.5,Jan/22/2011 13:39:23
658926,2012.REP.NOM.JOHNSON,Gary Johnson to be Republican Presidential Nominee in 2012,10,1.5,Jan/22/2011 16:37:17
658926,2012.REP.NOM.JOHNSON,Gary Johnson to be Republican Presidential Nominee in 2012,10,1.5,Jan/22/2011 17:50:18
658926,2012.REP.NOM.JOHNSON,Gary Johnson to be Republican Presidential Nominee in 2012,10,1.5,Jan/22/2011 18:10:30
658926,2012.REP.NOM.JOHNSON,Gary Johnson to be Republican Presidential Nominee in 2012,10,1.5,Jan/22/2011 18:20:21
658926,2012.REP.NOM.JOHNSON,Gary Johnson to be Republican Presidential Nominee in 2012,10,1.5,Jan/22/2011 18:27:46
658926,2012.REP.NOM.JOHNSON,Gary Johnson to be Republican Presidential Nominee in 2012,10,1.5,Jan/22/2011 18:38:51
658926,2012.REP.NOM.JOHNSON,Gary Johnson to be Republican Presidential Nominee in 2012,10,1.5,Jan/22/2011 18:40:36
658926,2012.REP.NOM.JOHNSON,Gary Johnson to be Republican Presidential Nominee in 2012,10,1.5,Jan/22/2011 21:09:19
658926,2012.REP.NOM.JOHNSON,Gary Johnson to be Republican Presidential Nominee in 2012,10,1.5,Jan/22/2011 21:09:19
658926,2012.REP.NOM.JOHNSON,Gary Johnson to be Republican Presidential Nominee in 2012,1,1.3,Jan/23/2011 16:18:29
658926,2012.REP.NOM.JOHNSON,Gary Johnson to be Republican Presidential Nominee in 2012,1,1.3,Jan/23/2011 16:19:00
658926,2012.REP.NOM.JOHNSON,Gary Johnson to be Republican Presidential Nominee in 2012,1,1.3,Jan/23/2011 16:19:25
658926,2012.REP.NOM.JOHNSON,Gary Johnson to be Republican Presidential Nominee in 2012,1,1.3,Jan/23/2011 16:19:32
658926,2012.REP.NOM.JOHNSON,Gary Johnson to be Republican Presidential Nominee in 2012,1,1.3,Jan/23/2011 16:19:38
658926,2012.REP.NOM.JOHNSON,Gary Johnson to be Republican Presidential Nominee in 2012,1,1.3,Jan/23/2011 16:19:59
658926,2012.REP.NOM.JOHNSON,Gary Johnson to be Republican Presidential Nominee in 2012,1,1.3,Jan/23/2011 16:20:55
658926,2012.REP.NOM.JOHNSON,Gary Johnson to be Republican Presidential Nominee in 2012,1,1.3,Jan/23/2011 16:21:00
658926,2012.REP.NOM.JOHNSON,Gary Johnson to be Republican Presidential Nominee in 2012,1,1.3,Jan/23/2011 16:21:06
658926,2012.REP.NOM.JOHNSON,Gary Johnson to be Republican Presidential Nominee in 2012,1,1.3,Jan/23/2011 16:21:43
658926,2012.REP.NOM.JOHNSON,Gary Johnson to be Republican Presidential Nominee in 2012,10,1.5,Jan/23/2011 17:50:47
658926,2012.REP.NOM.JOHNSON,Gary Johnson to be Republican Presidential Nominee in 2012,10,1.5,Jan/23/2011 17:50:47
658926,2012.REP.NOM.JOHNSON,Gary Johnson to be Republican Presidential Nominee in 2012,10,1.5,Jan/23/2011 19:16:01
658926,2012.REP.NOM.JOHNSON,Gary Johnson to be Republican Presidential Nominee in 2012,10,1.5,Jan/23/2011 20:35:45
658926,2012.REP.NOM.JOHNSON,Gary Johnson to be Republican Presidential Nominee in 2012,10,1.5,Jan/24/2011 04:33:24
658926,2012.REP.NOM.JOHNSON,Gary Johnson to be Republican Presidential Nominee in 2012,10,1.5,Jan/24/2011 15:45:38
658926,2012.REP.NOM.JOHNSON,Gary Johnson to be Republican Presidential Nominee in 2012,10,1.4,Jan/24/2011 21:46:47
658926,2012.REP.NOM.JOHNSON,Gary Johnson to be Republican Presidential Nominee in 2012,10,1.5,Jan/24/2011 22:36:36
658926,2012.REP.NOM.JOHNSON,Gary Johnson to be Republican Presidential Nominee in 2012,10,1.5,Jan/24/2011 23:16:09
658926,2012.REP.NOM.JOHNSON,Gary Johnson to be Republican Presidential Nominee in 2012,1,1.3,Jan/25/2011 11:31:16
658926,2012.REP.NOM.JOHNSON,Gary Johnson to be Republican Presidential Nominee in 2012,2,1.3,Jan/25/2011 11:31:22
658926,2012.REP.NOM.JOHNSON,Gary Johnson to be Republican Presidential Nominee in 2012,2,1.3,Jan/25/2011 11:31:28
658926,2012.REP.NOM.JOHNSON,Gary Johnson to be Republican Presidential Nominee in 2012,2,1.3,Jan/25/2011 11:31:34
658926,2012.REP.NOM.JOHNSON,Gary Johnson to be Republican Presidential Nominee in 2012,10,1.5,Jan/25/2011 15:08:28
658926,2012.REP.NOM.JOHNSON,Gary Johnson to be Republican Presidential Nominee in 2012,10,1.5,Jan/26/2011 00:47:45
658926,2012.REP.NOM.JOHNSON,Gary Johnson to be Republican Presidential Nominee in 2012,10,1.5,Jan/26/2011 01:30:11
658926,2012.REP.NOM.JOHNSON,Gary Johnson to be Republican Presidential Nominee in 2012,10,1.5,Jan/26/2011 15:50:44
658926,2012.REP.NOM.JOHNSON,Gary Johnson to be Republican Presidential Nominee in 2012,5,1.5,Jan/26/2011 22:02:03
658926,2012.REP.NOM.JOHNSON,Gary Johnson to be Republican Presidential Nominee in 2012,10,1.3,Feb/01/2011 03:28:59
658926,2012.REP.NOM.JOHNSON,Gary Johnson to be Republican Presidential Nominee in 2012,10,1.3,Feb/01/2011 03:28:59
658926,2012.REP.NOM.JOHNSON,Gary Johnson to be Republican Presidential Nominee in 2012,10,1.3,Feb/01/2011 03:28:59
658926,2012.REP.NOM.JOHNSON,Gary Johnson to be Republican Presidential Nominee in 2012,10,1.3,Feb/01/2011 03:30:52
658926,2012.REP.NOM.JOHNSON,Gary Johnson to be Republican Presidential Nominee in 2012,117,1.2,Feb/01/2011 20:36:10
658926,2012.REP.NOM.JOHNSON,Gary Johnson to be Republican Presidential Nominee in 2012,10,1.3,Feb/01/2011 21:15:24
658926,2012.REP.NOM.JOHNSON,Gary Johnson to be Republican Presidential Nominee in 2012,10,1.3,Feb/02/2011 05:22:37
658926,2012.REP.NOM.JOHNSON,Gary Johnson to be Republican Presidential Nominee in 2012,20,1.3,Feb/02/2011 05:22:37
658926,2012.REP.NOM.JOHNSON,Gary Johnson to be Republican Presidential Nominee in 2012,1,1.2,Feb/03/2011 22:20:30
658926,2012.REP.NOM.JOHNSON,Gary Johnson to be Republican Presidential Nominee in 2012,450,1.2,Feb/03/2011 22:46:25
658926,2012.REP.NOM.JOHNSON,Gary Johnson to be Republican Presidential Nominee in 2012,29,1.2,Feb/03/2011 22:48:12
658926,2012.REP.NOM.JOHNSON,Gary Johnson to be Republican Presidential Nominee in 2012,1,1.0,Feb/04/2011 22:04:10
658926,2012.REP.NOM.JOHNSON,Gary Johnson to be Republican Presidential Nominee in 2012,20,1.0,Feb/04/2011 22:47:10
658926,2012.REP.NOM.JOHNSON,Gary Johnson to be Republican Presidential Nominee in 2012,51,1.1,Feb/04/2011 23:17:52
658926,2012.REP.NOM.JOHNSON,Gary Johnson to be Republican Presidential Nominee in 2012,50,1.1,Feb/04/2011 23:24:28
658926,2012.REP.NOM.JOHNSON,Gary Johnson to be Republican Presidential Nominee in 2012,50,1.1,Feb/04/2011 23:25:38
658926,2012.REP.NOM.JOHNSON,Gary Johnson to be Republican Presidential Nominee in 2012,50,1.1,Feb/04/2011 23:29:31
658926,2012.REP.NOM.JOHNSON,Gary Johnson to be Republican Presidential Nominee in 2012,54,1.1,Feb/04/2011 23:32:52
658926,2012.REP.NOM.JOHNSON,Gary Johnson to be Republican Presidential Nominee in 2012,50,1.1,Feb/04/2011 23:34:32
658926,2012.REP.NOM.JOHNSON,Gary Johnson to be Republican Presidential Nominee in 2012,1,1.1,Feb/04/2011 23:36:35
658926,2012.REP.NOM.JOHNSON,Gary Johnson to be Republican Presidential Nominee in 2012,59,1.1,Feb/05/2011 00:17:24
658926,2012.REP.NOM.JOHNSON,Gary Johnson to be Republican Presidential Nominee in 2012,3,1.1,Feb/05/2011 16:24:50
658926,2012.REP.NOM.JOHNSON,Gary Johnson to be Republican Presidential Nominee in 2012,1,1.3,Feb/06/2011 09:30:57
658926,2012.REP.NOM.JOHNSON,Gary Johnson to be Republican Presidential Nominee in 2012,100,1.2,Feb/06/2011 09:30:57
658926,2012.REP.NOM.JOHNSON,Gary Johnson to be Republican Presidential Nominee in 2012,17,1.1,Feb/06/2011 09:30:57
658926,2012.REP.NOM.JOHNSON,Gary Johnson to be Republican Presidential Nominee in 2012,20,1.1,Feb/06/2011 09:30:57
658926,2012.REP.NOM.JOHNSON,Gary Johnson to be Republican Presidential Nominee in 2012,20,1.1,Feb/06/2011 09:30:57
658926,2012.REP.NOM.JOHNSON,Gary Johnson to be Republican Presidential Nominee in 2012,2,1.1,Feb/07/2011 21:45:40
658926,2012.REP.NOM.JOHNSON,Gary Johnson to be Republican Presidential Nominee in 2012,1,1.1,Feb/07/2011 21:45:46
658926,2012.REP.NOM.JOHNSON,Gary Johnson to be Republican Presidential Nominee in 2012,1,1.1,Feb/07/2011 21:45:52
658926,2012.REP.NOM.JOHNSON,Gary Johnson to be Republican Presidential Nominee in 2012,1,1.1,Feb/07/2011 21:50:56
658926,2012.REP.NOM.JOHNSON,Gary Johnson to be Republican Presidential Nominee in 2012,1,1.1,Feb/07/2011 21:51:02
658926,2012.REP.NOM.JOHNSON,Gary Johnson to be Republican Presidential Nominee in 2012,20,1.1,Feb/09/2011 03:14:34
658926,2012.REP.NOM.JOHNSON,Gary Johnson to be Republican Presidential Nominee in 2012,100,1.2,Feb/09/2011 03:33:44
658926,2012.REP.NOM.JOHNSON,Gary Johnson to be Republican Presidential Nominee in 2012,8,1.4,Feb/09/2011 03:33:44
658926,2012.REP.NOM.JOHNSON,Gary Johnson to be Republican Presidential Nominee in 2012,19,1.3,Feb/09/2011 03:33:44
658926,2012.REP.NOM.JOHNSON,Gary Johnson to be Republican Presidential Nominee in 2012,20,1.3,Feb/09/2011 03:33:44
658926,2012.REP.NOM.JOHNSON,Gary Johnson to be Republican Presidential Nominee in 2012,11,1.3,Feb/09/2011 03:33:44
658926,2012.REP.NOM.JOHNSON,Gary Johnson to be Republican Presidential Nominee in 2012,2,1.4,Feb/09/2011 03:33:44
658926,2012.REP.NOM.JOHNSON,Gary Johnson to be Republican Presidential Nominee in 2012,100,1.3,Feb/09/2011 03:33:44
658926,2012.REP.NOM.JOHNSON,Gary Johnson to be Republican Presidential Nominee in 2012,20,1.2,Feb/09/2011 03:33:44
658926,2012.REP.NOM.JOHNSON,Gary Johnson to be Republican Presidential Nominee in 2012,20,1.2,Feb/09/2011 03:33:44
658926,2012.REP.NOM.JOHNSON,Gary Johnson to be Republican Presidential Nominee in 2012,1,1.1,Feb/09/2011 13:50:55
658926,2012.REP.NOM.JOHNSON,Gary Johnson to be Republican Presidential Nominee in 2012,7,1.2,Feb/10/2011 02:30:21
658926,2012.REP.NOM.JOHNSON,Gary Johnson to be Republican Presidential Nominee in 2012,20,1.1,Feb/12/2011 18:30:13
658926,2012.REP.NOM.JOHNSON,Gary Johnson to be Republican Presidential Nominee in 2012,20,1.1,Feb/12/2011 22:26:20
658926,2012.REP.NOM.JOHNSON,Gary Johnson to be Republican Presidential Nominee in 2012,10,1.1,Feb/12/2011 22:26:20
658926,2012.REP.NOM.JOHNSON,Gary Johnson to be Republican Presidential Nominee in 2012,20,1.1,Feb/13/2011 01:06:23
658926,2012.REP.NOM.JOHNSON,Gary Johnson to be Republican Presidential Nominee in 2012,1,1.2,Feb/13/2011 06:11:48
658926,2012.REP.NOM.JOHNSON,Gary Johnson to be Republican Presidential Nominee in 2012,3,1.2,Feb/14/2011 01:42:09
658926,2012.REP.NOM.JOHNSON,Gary Johnson to be Republican Presidential Nominee in 2012,20,1.1,Feb/14/2011 03:35:17
658926,2012.REP.NOM.JOHNSON,Gary Johnson to be Republican Presidential Nominee in 2012,60,1.0,Feb/14/2011 18:20:23
658926,2012.REP.NOM.JOHNSON,Gary Johnson to be Republican Presidential Nominee in 2012,4,1.1,Feb/14/2011 23:24:39
658926,2012.REP.NOM.JOHNSON,Gary Johnson to be Republican Presidential Nominee in 2012,20,1.1,Feb/15/2011 03:07:42
658926,2012.REP.NOM.JOHNSON,Gary Johnson to be Republican Presidential Nominee in 2012,5,1.0,Feb/15/2011 13:01:40
658926,2012.REP.NOM.JOHNSON,Gary Johnson to be Republican Presidential Nominee in 2012,14,1.0,Feb/16/2011 02:08:18
658926,2012.REP.NOM.JOHNSON,Gary Johnson to be Republican Presidential Nominee in 2012,1,1.0,Feb/16/2011 02:08:18
658926,2012.REP.NOM.JOHNSON,Gary Johnson to be Republican Presidential Nominee in 2012,20,1.0,Feb/16/2011 16:19:36
658926,2012.REP.NOM.JOHNSON,Gary Johnson to be Republican Presidential Nominee in 2012,26,1.0,Feb/16/2011 16:22:04
658926,2012.REP.NOM.JOHNSON,Gary Johnson to be Republican Presidential Nominee in 2012,20,1.0,Feb/16/2011 16:34:23
658926,2012.REP.NOM.JOHNSON,Gary Johnson to be Republican Presidential Nominee in 2012,20,1.0,Feb/16/2011 23:28:22
658926,2012.REP.NOM.JOHNSON,Gary Johnson to be Republican Presidential Nominee in 2012,1,0.9,Feb/17/2011 06:18:54
658926,2012.REP.NOM.JOHNSON,Gary Johnson to be Republican Presidential Nominee in 2012,10,1.0,Feb/17/2011 07:51:37
658926,2012.REP.NOM.JOHNSON,Gary Johnson to be Republican Presidential Nominee in 2012,1,0.9,Feb/17/2011 14:52:31
658926,2012.REP.NOM.JOHNSON,Gary Johnson to be Republican Presidential Nominee in 2012,1,0.9,Feb/17/2011 14:53:47
658926,2012.REP.NOM.JOHNSON,Gary Johnson to be Republican Presidential Nominee in 2012,2,0.9,Feb/17/2011 14:53:57
658926,2012.REP.NOM.JOHNSON,Gary Johnson to be Republican Presidential Nominee in 2012,1,0.9,Feb/17/2011 14:53:57
658926,2012.REP.NOM.JOHNSON,Gary Johnson to be Republican Presidential Nominee in 2012,4,0.9,Feb/17/2011 14:54:22
658926,2012.REP.NOM.JOHNSON,Gary Johnson to be Republican Presidential Nominee in 2012,20,1.0,Feb/17/2011 23:50:47
658926,2012.REP.NOM.JOHNSON,Gary Johnson to be Republican Presidential Nominee in 2012,20,1.0,Feb/17/2011 23:50:47
658926,2012.REP.NOM.JOHNSON,Gary Johnson to be Republican Presidential Nominee in 2012,18,0.9,Feb/19/2011 09:51:51
658926,2012.REP.NOM.JOHNSON,Gary Johnson to be Republican Presidential Nominee in 2012,33,0.8,Feb/20/2011 06:32:09
658926,2012.REP.NOM.JOHNSON,Gary Johnson to be Republican Presidential Nominee in 2012,1,0.8,Feb/20/2011 06:32:09
658926,2012.REP.NOM.JOHNSON,Gary Johnson to be Republican Presidential Nominee in 2012,20,0.9,Feb/20/2011 22:43:43
658926,2012.REP.NOM.JOHNSON,Gary Johnson to be Republican Presidential Nominee in 2012,20,0.9,Feb/20/2011 22:43:43
658926,2012.REP.NOM.JOHNSON,Gary Johnson to be Republican Presidential Nominee in 2012,20,0.9,Feb/20/2011 22:43:43
658926,2012.REP.NOM.JOHNSON,Gary Johnson to be Republican Presidential Nominee in 2012,20,0.9,Feb/20/2011 22:43:43
658926,2012.REP.NOM.JOHNSON,Gary Johnson to be Republican Presidential Nominee in 2012,217,0.9,Feb/20/2011 22:43:43
658926,2012.REP.NOM.JOHNSON,Gary Johnson to be Republican Presidential Nominee in 2012,20,0.8,Feb/21/2011 22:14:32
658926,2012.REP.NOM.JOHNSON,Gary Johnson to be Republican Presidential Nominee in 2012,5,0.9,Feb/21/2011 22:59:33
658926,2012.REP.NOM.JOHNSON,Gary Johnson to be Republican Presidential Nominee in 2012,20,0.9,Feb/21/2011 22:59:33
658926,2012.REP.NOM.JOHNSON,Gary Johnson to be Republican Presidential Nominee in 2012,1,0.8,Feb/22/2011 16:22:44
658926,2012.REP.NOM.JOHNSON,Gary Johnson to be Republican Presidential Nominee in 2012,1,0.8,Feb/22/2011 16:22:49
658926,2012.REP.NOM.JOHNSON,Gary Johnson to be Republican Presidential Nominee in 2012,3,0.9,Feb/23/2011 00:28:01
658926,2012.REP.NOM.JOHNSON,Gary Johnson to be Republican Presidential Nominee in 2012,20,0.8,Feb/23/2011 13:51:59
658926,2012.REP.NOM.JOHNSON,Gary Johnson to be Republican Presidential Nominee in 2012,20,0.8,Feb/23/2011 17:40:48
658926,2012.REP.NOM.JOHNSON,Gary Johnson to be Republican Presidential Nominee in 2012,5,0.8,Feb/24/2011 13:50:55
658926,2012.REP.NOM.JOHNSON,Gary Johnson to be Republican Presidential Nominee in 2012,25,0.8,Feb/25/2011 20:57:42
658926,2012.REP.NOM.JOHNSON,Gary Johnson to be Republican Presidential Nominee in 2012,17,0.9,Feb/26/2011 21:29:09
658926,2012.REP.NOM.JOHNSON,Gary Johnson to be Republican Presidential Nominee in 2012,5,0.9,Feb/26/2011 21:29:09
658926,2012.REP.NOM.JOHNSON,Gary Johnson to be Republican Presidential Nominee in 2012,20,0.9,Feb/26/2011 21:29:09
658926,2012.REP.NOM.JOHNSON,Gary Johnson to be Republican Presidential Nominee in 2012,20,0.9,Feb/26/2011 21:29:09
658926,2012.REP.NOM.JOHNSON,Gary Johnson to be Republican Presidential Nominee in 2012,11,1.0,Mar/02/2011 05:42:38
658926,2012.REP.NOM.JOHNSON,Gary Johnson to be Republican Presidential Nominee in 2012,20,1.0,Mar/02/2011 05:42:38
658926,2012.REP.NOM.JOHNSON,Gary Johnson to be Republican Presidential Nominee in 2012,14,1.0,Mar/02/2011 05:42:38
658926,2012.REP.NOM.JOHNSON,Gary Johnson to be Republican Presidential Nominee in 2012,6,1.0,Mar/02/2011 16:04:21
658926,2012.REP.NOM.JOHNSON,Gary Johnson to be Republican Presidential Nominee in 2012,20,1.0,Mar/02/2011 16:04:21
658926,2012.REP.NOM.JOHNSON,Gary Johnson to be Republican Presidential Nominee in 2012,11,1.0,Mar/02/2011 16:04:21
658926,2012.REP.NOM.JOHNSON,Gary Johnson to be Republican Presidential Nominee in 2012,3,0.9,Mar/03/2011 02:26:09
658926,2012.REP.NOM.JOHNSON,Gary Johnson to be Republican Presidential Nominee in 2012,2,0.9,Mar/04/2011 02:46:27
658926,2012.REP.NOM.JOHNSON,Gary Johnson to be Republican Presidential Nominee in 2012,20,0.9,Mar/04/2011 02:46:27
658926,2012.REP.NOM.JOHNSON,Gary Johnson to be Republican Presidential Nominee in 2012,9,1.0,Mar/04/2011 03:59:54
658926,2012.REP.NOM.JOHNSON,Gary Johnson to be Republican Presidential Nominee in 2012,5,1.0,Mar/04/2011 03:59:54
658926,2012.REP.NOM.JOHNSON,Gary Johnson to be Republican Presidential Nominee in 2012,16,1.0,Mar/04/2011 03:59:54
658926,2012.REP.NOM.JOHNSON,Gary Johnson to be Republican Presidential Nominee in 2012,4,1.0,Mar/05/2011 17:04:16
658926,2012.REP.NOM.JOHNSON,Gary Johnson to be Republican Presidential Nominee in 2012,47,1.0,Mar/05/2011 17:04:16
658926,2012.REP.NOM.JOHNSON,Gary Johnson to be Republican Presidential Nominee in 2012,20,1.0,Mar/05/2011 17:04:16
658926,2012.REP.NOM.JOHNSON,Gary Johnson to be Republican Presidential Nominee in 2012,20,1.0,Mar/05/2011 17:04:16
658926,2012.REP.NOM.JOHNSON,Gary Johnson to be Republican Presidential Nominee in 2012,9,1.0,Mar/05/2011 17:04:16
658926,2012.REP.NOM.JOHNSON,Gary Johnson to be Republican Presidential Nominee in 2012,11,1.0,Mar/06/2011 16:10:07
658926,2012.REP.NOM.JOHNSON,Gary Johnson to be Republican Presidential Nominee in 2012,20,1.0,Mar/06/2011 16:10:07
658926,2012.REP.NOM.JOHNSON,Gary Johnson to be Republican Presidential Nominee in 2012,20,1.0,Mar/07/2011 03:18:43
658926,2012.REP.NOM.JOHNSON,Gary Johnson to be Republican Presidential Nominee in 2012,20,1.0,Mar/07/2011 23:31:45
658926,2012.REP.NOM.JOHNSON,Gary Johnson to be Republican Presidential Nominee in 2012,1,1.0,Mar/08/2011 12:39:56
658926,2012.REP.NOM.JOHNSON,Gary Johnson to be Republican Presidential Nominee in 2012,1,1.0,Mar/08/2011 12:41:45
658926,2012.REP.NOM.JOHNSON,Gary Johnson to be Republican Presidential Nominee in 2012,1,1.0,Mar/08/2011 12:41:51
658926,2012.REP.NOM.JOHNSON,Gary Johnson to be Republican Presidential Nominee in 2012,1,1.0,Mar/08/2011 12:43:32
658926,2012.REP.NOM.JOHNSON,Gary Johnson to be Republican Presidential Nominee in 2012,3,1.0,Mar/08/2011 15:23:40
658926,2012.REP.NOM.JOHNSON,Gary Johnson to be Republican Presidential Nominee in 2012,1,0.7,Mar/14/2011 15:19:41
658926,2012.REP.NOM.JOHNSON,Gary Johnson to be Republican Presidential Nominee in 2012,1,0.7,Mar/14/2011 15:19:46
658926,2012.REP.NOM.JOHNSON,Gary Johnson to be Republican Presidential Nominee in 2012,2,0.5,Mar/14/2011 15:21:02
658926,2012.REP.NOM.JOHNSON,Gary Johnson to be Republican Presidential Nominee in 2012,40,0.8,Mar/21/2011 20:05:22
658926,2012.REP.NOM.JOHNSON,Gary Johnson to be Republican Presidential Nominee in 2012,20,0.8,Mar/21/2011 20:05:22
658926,2012.REP.NOM.JOHNSON,Gary Johnson to be Republican Presidential Nominee in 2012,20,0.8,Mar/21/2011 20:05:22
658926,2012.REP.NOM.JOHNSON,Gary Johnson to be Republican Presidential Nominee in 2012,19,0.8,Mar/21/2011 20:05:22
658926,2012.REP.NOM.JOHNSON,Gary Johnson to be Republican Presidential Nominee in 2012,1,0.8,Mar/21/2011 20:19:16
658926,2012.REP.NOM.JOHNSON,Gary Johnson to be Republican Presidential Nominee in 2012,20,0.8,Mar/21/2011 20:19:16
658926,2012.REP.NOM.JOHNSON,Gary Johnson to be Republican Presidential Nominee in 2012,20,0.8,Mar/21/2011 20:19:16
658926,2012.REP.NOM.JOHNSON,Gary Johnson to be Republican Presidential Nominee in 2012,59,0.8,Mar/21/2011 20:19:16
658926,2012.REP.NOM.JOHNSON,Gary Johnson to be Republican Presidential Nominee in 2012,1,0.8,Mar/21/2011 20:59:02
658926,2012.REP.NOM.JOHNSON,Gary Johnson to be Republican Presidential Nominee in 2012,14,0.8,Mar/21/2011 21:34:30
658926,2012.REP.NOM.JOHNSON,Gary Johnson to be Republican Presidential Nominee in 2012,50,0.8,Mar/21/2011 21:43:57
658926,2012.REP.NOM.JOHNSON,Gary Johnson to be Republican Presidential Nominee in 2012,36,0.8,Mar/21/2011 21:55:22
658926,2012.REP.NOM.JOHNSON,Gary Johnson to be Republican Presidential Nominee in 2012,14,0.8,Mar/21/2011 21:55:22
658926,2012.REP.NOM.JOHNSON,Gary Johnson to be Republican Presidential Nominee in 2012,17,1.0,Mar/22/2011 04:42:42
658926,2012.REP.NOM.JOHNSON,Gary Johnson to be Republican Presidential Nominee in 2012,20,1.0,Mar/22/2011 04:42:42
658926,2012.REP.NOM.JOHNSON,Gary Johnson to be Republican Presidential Nominee in 2012,20,1.0,Mar/22/2011 04:42:42
658926,2012.REP.NOM.JOHNSON,Gary Johnson to be Republican Presidential Nominee in 2012,6,1.0,Mar/22/2011 04:42:42
658926,2012.REP.NOM.JOHNSON,Gary Johnson to be Republican Presidential Nominee in 2012,1,0.9,Mar/22/2011 04:42:42
658926,2012.REP.NOM.JOHNSON,Gary Johnson to be Republican Presidential Nominee in 2012,20,0.9,Mar/22/2011 04:42:42
658926,2012.REP.NOM.JOHNSON,Gary Johnson to be Republican Presidential Nominee in 2012,16,0.8,Mar/22/2011 04:42:42
658926,2012.REP.NOM.JOHNSON,Gary Johnson to be Republican Presidential Nominee in 2012,29,0.9,Mar/22/2011 22:07:55
658926,2012.REP.NOM.JOHNSON,Gary Johnson to be Republican Presidential Nominee in 2012,1,1.0,Mar/22/2011 23:29:15
658926,2012.REP.NOM.JOHNSON,Gary Johnson to be Republican Presidential Nominee in 2012,1,1.0,Mar/22/2011 23:30:12
658926,2012.REP.NOM.JOHNSON,Gary Johnson to be Republican Presidential Nominee in 2012,1,0.7,Mar/23/2011 03:23:53
658926,2012.REP.NOM.JOHNSON,Gary Johnson to be Republican Presidential Nominee in 2012,1,0.7,Mar/23/2011 03:24:04
658926,2012.REP.NOM.JOHNSON,Gary Johnson to be Republican Presidential Nominee in 2012,1,0.7,Mar/23/2011 03:24:17
658926,2012.REP.NOM.JOHNSON,Gary Johnson to be Republican Presidential Nominee in 2012,1,0.7,Mar/23/2011 03:24:53
658926,2012.REP.NOM.JOHNSON,Gary Johnson to be Republican Presidential Nominee in 2012,100,0.7,Mar/24/2011 21:44:35
658926,2012.REP.NOM.JOHNSON,Gary Johnson to be Republican Presidential Nominee in 2012,44,0.8,Mar/26/2011 00:09:22
658926,2012.REP.NOM.JOHNSON,Gary Johnson to be Republican Presidential Nominee in 2012,20,0.8,Mar/26/2011 00:09:22
658926,2012.REP.NOM.JOHNSON,Gary Johnson to be Republican Presidential Nominee in 2012,20,0.8,Mar/26/2011 00:09:22
658926,2012.REP.NOM.JOHNSON,Gary Johnson to be Republican Presidential Nominee in 2012,10,0.8,Mar/26/2011 00:09:22
658926,2012.REP.NOM.JOHNSON,Gary Johnson to be Republican Presidential Nominee in 2012,50,0.8,Mar/26/2011 00:09:22
658926,2012.REP.NOM.JOHNSON,Gary Johnson to be Republican Presidential Nominee in 2012,20,0.8,Mar/26/2011 00:09:22
658926,2012.REP.NOM.JOHNSON,Gary Johnson to be Republican Presidential Nominee in 2012,10,0.9,Mar/26/2011 00:10:14
658926,2012.REP.NOM.JOHNSON,Gary Johnson to be Republican Presidential Nominee in 2012,1,1.0,Mar/26/2011 00:11:28
658926,2012.REP.NOM.JOHNSON,Gary Johnson to be Republican Presidential Nominee in 2012,25,0.8,Mar/26/2011 00:14:30
658926,2012.REP.NOM.JOHNSON,Gary Johnson to be Republican Presidential Nominee in 2012,30,0.8,Mar/26/2011 03:21:33
658926,2012.REP.NOM.JOHNSON,Gary Johnson to be Republican Presidential Nominee in 2012,57,0.8,Mar/26/2011 11:48:23
658926,2012.REP.NOM.JOHNSON,Gary Johnson to be Republican Presidential Nominee in 2012,43,0.8,Mar/26/2011 11:48:23
658926,2012.REP.NOM.JOHNSON,Gary Johnson to be Republican Presidential Nominee in 2012,7,0.8,Mar/26/2011 17:00:02
658926,2012.REP.NOM.JOHNSON,Gary Johnson to be Republican Presidential Nominee in 2012,20,0.8,Mar/26/2011 17:00:02
658926,2012.REP.NOM.JOHNSON,Gary Johnson to be Republican Presidential Nominee in 2012,13,0.8,Mar/26/2011 17:00:02
658926,2012.REP.NOM.JOHNSON,Gary Johnson to be Republican Presidential Nominee in 2012,7,0.8,Mar/26/2011 20:08:23
658926,2012.REP.NOM.JOHNSON,Gary Johnson to be Republican Presidential Nominee in 2012,20,0.8,Mar/26/2011 20:08:23
658926,2012.REP.NOM.JOHNSON,Gary Johnson to be Republican Presidential Nominee in 2012,13,0.8,Mar/26/2011 20:08:23
658926,2012.REP.NOM.JOHNSON,Gary Johnson to be Republican Presidential Nominee in 2012,7,0.8,Mar/27/2011 02:56:54
658926,2012.REP.NOM.JOHNSON,Gary Johnson to be Republican Presidential Nominee in 2012,3,0.9,Mar/27/2011 02:56:54
658926,2012.REP.NOM.JOHNSON,Gary Johnson to be Republican Presidential Nominee in 2012,50,0.8,Mar/27/2011 11:32:56
658926,2012.REP.NOM.JOHNSON,Gary Johnson to be Republican Presidential Nominee in 2012,20,0.8,Mar/27/2011 19:49:57
658926,2012.REP.NOM.JOHNSON,Gary Johnson to be Republican Presidential Nominee in 2012,14,0.8,Mar/27/2011 21:29:48
658926,2012.REP.NOM.JOHNSON,Gary Johnson to be Republican Presidential Nominee in 2012,86,0.8,Mar/27/2011 21:29:48
658926,2012.REP.NOM.JOHNSON,Gary Johnson to be Republican Presidential Nominee in 2012,14,0.8,Mar/28/2011 00:39:56
658926,2012.REP.NOM.JOHNSON,Gary Johnson to be Republican Presidential Nominee in 2012,26,0.8,Mar/28/2011 00:39:56
658926,2012.REP.NOM.JOHNSON,Gary Johnson to be Republican Presidential Nominee in 2012,197,0.9,Mar/28/2011 02:15:42
658926,2012.REP.NOM.JOHNSON,Gary Johnson to be Republican Presidential Nominee in 2012,3,0.8,Mar/28/2011 02:15:42
658926,2012.REP.NOM.JOHNSON,Gary Johnson to be Republican Presidential Nominee in 2012,10,1.0,Mar/28/2011 02:18:24
658926,2012.REP.NOM.JOHNSON,Gary Johnson to be Republican Presidential Nominee in 2012,21,1.0,Mar/28/2011 02:18:24
658926,2012.REP.NOM.JOHNSON,Gary Johnson to be Republican Presidential Nominee in 2012,21,0.9,Mar/28/2011 15:55:29
658926,2012.REP.NOM.JOHNSON,Gary Johnson to be Republican Presidential Nominee in 2012,20,1.0,Mar/28/2011 23:29:39
658926,2012.REP.NOM.JOHNSON,Gary Johnson to be Republican Presidential Nominee in 2012,21,1.0,Mar/28/2011 23:29:39
658926,2012.REP.NOM.JOHNSON,Gary Johnson to be Republican Presidential Nominee in 2012,19,1.0,Mar/28/2011 23:29:39
658926,2012.REP.NOM.JOHNSON,Gary Johnson to be Republican Presidential Nominee in 2012,5,1.1,Mar/29/2011 21:02:38
658926,2012.REP.NOM.JOHNSON,Gary Johnson to be Republican Presidential Nominee in 2012,10,1.1,Mar/29/2011 21:02:38
658926,2012.REP.NOM.JOHNSON,Gary Johnson to be Republican Presidential Nominee in 2012,1,1.0,Mar/29/2011 21:02:38
658926,2012.REP.NOM.JOHNSON,Gary Johnson to be Republican Presidential Nominee in 2012,20,1.0,Mar/29/2011 21:02:38
658926,2012.REP.NOM.JOHNSON,Gary Johnson to be Republican Presidential Nominee in 2012,37,1.2,Mar/29/2011 21:07:42
658926,2012.REP.NOM.JOHNSON,Gary Johnson to be Republican Presidential Nominee in 2012,10,1.2,Mar/29/2011 21:07:42
658926,2012.REP.NOM.JOHNSON,Gary Johnson to be Republican Presidential Nominee in 2012,10,1.3,Mar/29/2011 21:07:42
658926,2012.REP.NOM.JOHNSON,Gary Johnson to be Republican Presidential Nominee in 2012,100,1.4,Mar/29/2011 21:07:42
658926,2012.REP.NOM.JOHNSON,Gary Johnson to be Republican Presidential Nominee in 2012,1,1.6,Mar/29/2011 21:07:57
658926,2012.REP.NOM.JOHNSON,Gary Johnson to be Republican Presidential Nominee in 2012,10,1.5,Mar/29/2011 21:07:57
658926,2012.REP.NOM.JOHNSON,Gary Johnson to be Republican Presidential Nominee in 2012,3,1.7,Mar/29/2011 21:19:11
658926,2012.REP.NOM.JOHNSON,Gary Johnson to be Republican Presidential Nominee in 2012,1,1.2,Mar/30/2011 02:22:01
658926,2012.REP.NOM.JOHNSON,Gary Johnson to be Republican Presidential Nominee in 2012,10,1.2,Mar/30/2011 17:02:09
658926,2012.REP.NOM.JOHNSON,Gary Johnson to be Republican Presidential Nominee in 2012,20,1.0,Apr/03/2011 20:46:33
658926,2012.REP.NOM.JOHNSON,Gary Johnson to be Republican Presidential Nominee in 2012,20,1.0,Apr/03/2011 20:46:33
658926,2012.REP.NOM.JOHNSON,Gary Johnson to be Republican Presidential Nominee in 2012,20,1.0,Apr/03/2011 20:46:33
658926,2012.REP.NOM.JOHNSON,Gary Johnson to be Republican Presidential Nominee in 2012,50,1.0,Apr/03/2011 22:09:20
658926,2012.REP.NOM.JOHNSON,Gary Johnson to be Republican Presidential Nominee in 2012,19,1.0,Apr/04/2011 18:18:56
658926,2012.REP.NOM.JOHNSON,Gary Johnson to be Republican Presidential Nominee in 2012,1,1.1,Apr/04/2011 18:19:18
658926,2012.REP.NOM.JOHNSON,Gary Johnson to be Republican Presidential Nominee in 2012,20,1.0,Apr/04/2011 23:47:52
658926,2012.REP.NOM.JOHNSON,Gary Johnson to be Republican Presidential Nominee in 2012,20,1.0,Apr/05/2011 15:11:34
658926,2012.REP.NOM.JOHNSON,Gary Johnson to be Republican Presidential Nominee in 2012,20,1.0,Apr/05/2011 17:30:43
658926,2012.REP.NOM.JOHNSON,Gary Johnson to be Republican Presidential Nominee in 2012,30,1.0,Apr/05/2011 21:16:10
658926,2012.REP.NOM.JOHNSON,Gary Johnson to be Republican Presidential Nominee in 2012,7,1.0,Apr/05/2011 22:15:53
658926,2012.REP.NOM.JOHNSON,Gary Johnson to be Republican Presidential Nominee in 2012,13,1.0,Apr/05/2011 22:15:53
658926,2012.REP.NOM.JOHNSON,Gary Johnson to be Republican Presidential Nominee in 2012,7,1.0,Apr/06/2011 20:41:27
658926,2012.REP.NOM.JOHNSON,Gary Johnson to be Republican Presidential Nominee in 2012,13,1.0,Apr/06/2011 20:41:27
658926,2012.REP.NOM.JOHNSON,Gary Johnson to be Republican Presidential Nominee in 2012,1,0.9,Apr/06/2011 23:21:13
658926,2012.REP.NOM.JOHNSON,Gary Johnson to be Republican Presidential Nominee in 2012,2,0.9,Apr/06/2011 23:21:19
658926,2012.REP.NOM.JOHNSON,Gary Johnson to be Republican Presidential Nominee in 2012,2,0.9,Apr/06/2011 23:22:22
658926,2012.REP.NOM.JOHNSON,Gary Johnson to be Republican Presidential Nominee in 2012,7,1.0,Apr/06/2011 23:46:08
658926,2012.REP.NOM.JOHNSON,Gary Johnson to be Republican Presidential Nominee in 2012,20,1.0,Apr/06/2011 23:46:08
658926,2012.REP.NOM.JOHNSON,Gary Johnson to be Republican Presidential Nominee in 2012,33,1.0,Apr/06/2011 23:46:08
658926,2012.REP.NOM.JOHNSON,Gary Johnson to be Republican Presidential Nominee in 2012,7,1.0,Apr/07/2011 02:05:36
658926,2012.REP.NOM.JOHNSON,Gary Johnson to be Republican Presidential Nominee in 2012,13,1.0,Apr/07/2011 02:05:36
658926,2012.REP.NOM.JOHNSON,Gary Johnson to be Republican Presidential Nominee in 2012,100,2.0,Apr/07/2011 12:59:27
658926,2012.REP.NOM.JOHNSON,Gary Johnson to be Republican Presidential Nominee in 2012,6,1.8,Apr/07/2011 12:59:27
658926,2012.REP.NOM.JOHNSON,Gary Johnson to be Republican Presidential Nominee in 2012,2,1.7,Apr/07/2011 12:59:27
658926,2012.REP.NOM.JOHNSON,Gary Johnson to be Republican Presidential Nominee in 2012,5,1.8,Apr/07/2011 12:59:27
658926,2012.REP.NOM.JOHNSON,Gary Johnson to be Republican Presidential Nominee in 2012,5,1.9,Apr/07/2011 12:59:27
658926,2012.REP.NOM.JOHNSON,Gary Johnson to be Republican Presidential Nominee in 2012,5,2.0,Apr/07/2011 12:59:27
658926,2012.REP.NOM.JOHNSON,Gary Johnson to be Republican Presidential Nominee in 2012,23,1.6,Apr/07/2011 12:59:27
658926,2012.REP.NOM.JOHNSON,Gary Johnson to be Republican Presidential Nominee in 2012,1,1.5,Apr/07/2011 12:59:27
658926,2012.REP.NOM.JOHNSON,Gary Johnson to be Republican Presidential Nominee in 2012,20,1.1,Apr/07/2011 12:59:27
658926,2012.REP.NOM.JOHNSON,Gary Johnson to be Republican Presidential Nominee in 2012,14,1.1,Apr/07/2011 12:59:27
658926,2012.REP.NOM.JOHNSON,Gary Johnson to be Republican Presidential Nominee in 2012,7,1.0,Apr/07/2011 12:59:27
658926,2012.REP.NOM.JOHNSON,Gary Johnson to be Republican Presidential Nominee in 2012,115,2.0,Apr/07/2011 13:13:37
658926,2012.REP.NOM.JOHNSON,Gary Johnson to be Republican Presidential Nominee in 2012,1,2.2,Apr/07/2011 13:24:50
658926,2012.REP.NOM.JOHNSON,Gary Johnson to be Republican Presidential Nominee in 2012,79,2.4,Apr/07/2011 13:24:50
658926,2012.REP.NOM.JOHNSON,Gary Johnson to be Republican Presidential Nominee in 2012,10,2.1,Apr/07/2011 13:24:50
658926,2012.REP.NOM.JOHNSON,Gary Johnson to be Republican Presidential Nominee in 2012,10,2.2,Apr/07/2011 13:24:50
658926,2012.REP.NOM.JOHNSON,Gary Johnson to be Republican Presidential Nominee in 2012,15,2.0,Apr/07/2011 14:05:00
658926,2012.REP.NOM.JOHNSON,Gary Johnson to be Republican Presidential Nominee in 2012,20,2.0,Apr/07/2011 14:08:35
658926,2012.REP.NOM.JOHNSON,Gary Johnson to be Republican Presidential Nominee in 2012,100,2.0,Apr/07/2011 14:14:00
658926,2012.REP.NOM.JOHNSON,Gary Johnson to be Republican Presidential Nominee in 2012,62,2.0,Apr/07/2011 14:47:13
658926,2012.REP.NOM.JOHNSON,Gary Johnson to be Republican Presidential Nominee in 2012,20,1.5,Apr/07/2011 20:31:29
