market id,market symbol,market name,trade quantity,trade price,date/time [utc]
658925,2012.REP.NOM.CANTOR,Eric Cantor to be Republican Presidential Nominee in 2012,2,4.0,Dec/07/2008 07:02:35
658925,2012.REP.NOM.CANTOR,Eric Cantor to be Republican Presidential Nominee in 2012,3,5.0,Dec/11/2008 05:35:21
658925,2012.REP.NOM.CANTOR,Eric Cantor to be Republican Presidential Nominee in 2012,17,5.0,Jan/01/2009 02:09:09
658925,2012.REP.NOM.CANTOR,Eric Cantor to be Republican Presidential Nominee in 2012,10,4.9,Jan/01/2009 02:09:09
658925,2012.REP.NOM.CANTOR,Eric Cantor to be Republican Presidential Nominee in 2012,2,3.5,Jan/14/2009 15:53:33
658925,2012.REP.NOM.CANTOR,Eric Cantor to be Republican Presidential Nominee in 2012,8,3.5,Feb/03/2009 04:08:43
658925,2012.REP.NOM.CANTOR,Eric Cantor to be Republican Presidential Nominee in 2012,5,3.0,Feb/03/2009 04:08:43
658925,2012.REP.NOM.CANTOR,Eric Cantor to be Republican Presidential Nominee in 2012,12,2.5,Feb/11/2009 21:34:57
658925,2012.REP.NOM.CANTOR,Eric Cantor to be Republican Presidential Nominee in 2012,2,2.5,Feb/28/2009 05:49:52
658925,2012.REP.NOM.CANTOR,Eric Cantor to be Republican Presidential Nominee in 2012,1,6.8,Mar/13/2009 23:40:58
658925,2012.REP.NOM.CANTOR,Eric Cantor to be Republican Presidential Nominee in 2012,1,2.6,Apr/02/2009 00:29:32
658925,2012.REP.NOM.CANTOR,Eric Cantor to be Republican Presidential Nominee in 2012,1,6.8,Apr/05/2009 20:11:16
658925,2012.REP.NOM.CANTOR,Eric Cantor to be Republican Presidential Nominee in 2012,5,4.0,Aug/20/2009 21:47:39
658925,2012.REP.NOM.CANTOR,Eric Cantor to be Republican Presidential Nominee in 2012,2,3.0,Aug/20/2009 21:47:39
658925,2012.REP.NOM.CANTOR,Eric Cantor to be Republican Presidential Nominee in 2012,1,3.0,Sep/01/2009 21:27:13
658925,2012.REP.NOM.CANTOR,Eric Cantor to be Republican Presidential Nominee in 2012,20,5.0,Oct/22/2009 19:10:09
658925,2012.REP.NOM.CANTOR,Eric Cantor to be Republican Presidential Nominee in 2012,1,5.0,Oct/22/2009 19:10:09
658925,2012.REP.NOM.CANTOR,Eric Cantor to be Republican Presidential Nominee in 2012,1,3.0,Nov/15/2009 02:08:14
658925,2012.REP.NOM.CANTOR,Eric Cantor to be Republican Presidential Nominee in 2012,1,3.0,Nov/15/2009 02:15:15
658925,2012.REP.NOM.CANTOR,Eric Cantor to be Republican Presidential Nominee in 2012,1,3.0,Nov/15/2009 02:20:28
658925,2012.REP.NOM.CANTOR,Eric Cantor to be Republican Presidential Nominee in 2012,1,3.0,Nov/15/2009 02:20:28
658925,2012.REP.NOM.CANTOR,Eric Cantor to be Republican Presidential Nominee in 2012,1,3.0,Nov/15/2009 02:24:59
658925,2012.REP.NOM.CANTOR,Eric Cantor to be Republican Presidential Nominee in 2012,5,2.7,Nov/15/2009 08:37:13
658925,2012.REP.NOM.CANTOR,Eric Cantor to be Republican Presidential Nominee in 2012,10,2.7,Nov/22/2009 03:27:48
658925,2012.REP.NOM.CANTOR,Eric Cantor to be Republican Presidential Nominee in 2012,5,2.7,Nov/27/2009 08:15:10
658925,2012.REP.NOM.CANTOR,Eric Cantor to be Republican Presidential Nominee in 2012,5,2.7,Nov/27/2009 08:15:10
658925,2012.REP.NOM.CANTOR,Eric Cantor to be Republican Presidential Nominee in 2012,2,4.0,Dec/08/2009 19:24:47
658925,2012.REP.NOM.CANTOR,Eric Cantor to be Republican Presidential Nominee in 2012,39,1.6,Jan/21/2010 11:10:21
658925,2012.REP.NOM.CANTOR,Eric Cantor to be Republican Presidential Nominee in 2012,1,1.7,Jan/21/2010 11:10:21
658925,2012.REP.NOM.CANTOR,Eric Cantor to be Republican Presidential Nominee in 2012,10,1.6,Jan/21/2010 15:50:39
658925,2012.REP.NOM.CANTOR,Eric Cantor to be Republican Presidential Nominee in 2012,5,1.6,Jan/21/2010 17:46:38
658925,2012.REP.NOM.CANTOR,Eric Cantor to be Republican Presidential Nominee in 2012,5,1.6,Jan/21/2010 17:46:46
658925,2012.REP.NOM.CANTOR,Eric Cantor to be Republican Presidential Nominee in 2012,1,1.6,Jan/21/2010 17:47:36
658925,2012.REP.NOM.CANTOR,Eric Cantor to be Republican Presidential Nominee in 2012,9,1.1,Jan/22/2010 06:22:11
658925,2012.REP.NOM.CANTOR,Eric Cantor to be Republican Presidential Nominee in 2012,5,1.1,Jan/22/2010 06:22:11
658925,2012.REP.NOM.CANTOR,Eric Cantor to be Republican Presidential Nominee in 2012,14,1.1,Jan/22/2010 06:22:14
658925,2012.REP.NOM.CANTOR,Eric Cantor to be Republican Presidential Nominee in 2012,1,1.1,Jan/22/2010 06:22:25
658925,2012.REP.NOM.CANTOR,Eric Cantor to be Republican Presidential Nominee in 2012,3,1.1,Jan/22/2010 14:42:28
658925,2012.REP.NOM.CANTOR,Eric Cantor to be Republican Presidential Nominee in 2012,3,1.1,Jan/22/2010 15:55:56
658925,2012.REP.NOM.CANTOR,Eric Cantor to be Republican Presidential Nominee in 2012,4,1.0,Jan/22/2010 15:55:56
658925,2012.REP.NOM.CANTOR,Eric Cantor to be Republican Presidential Nominee in 2012,14,1.0,Jan/25/2010 11:13:28
658925,2012.REP.NOM.CANTOR,Eric Cantor to be Republican Presidential Nominee in 2012,6,1.0,Jan/25/2010 11:15:38
658925,2012.REP.NOM.CANTOR,Eric Cantor to be Republican Presidential Nominee in 2012,14,1.0,Jan/25/2010 18:33:58
658925,2012.REP.NOM.CANTOR,Eric Cantor to be Republican Presidential Nominee in 2012,4,1.0,Jan/26/2010 11:04:14
658925,2012.REP.NOM.CANTOR,Eric Cantor to be Republican Presidential Nominee in 2012,20,1.0,Jan/27/2010 18:35:43
658925,2012.REP.NOM.CANTOR,Eric Cantor to be Republican Presidential Nominee in 2012,14,1.0,Jan/28/2010 12:16:20
658925,2012.REP.NOM.CANTOR,Eric Cantor to be Republican Presidential Nominee in 2012,5,1.9,Jan/30/2010 07:41:50
658925,2012.REP.NOM.CANTOR,Eric Cantor to be Republican Presidential Nominee in 2012,15,1.0,Feb/01/2010 17:13:14
658925,2012.REP.NOM.CANTOR,Eric Cantor to be Republican Presidential Nominee in 2012,1,1.1,Feb/03/2010 05:11:15
658925,2012.REP.NOM.CANTOR,Eric Cantor to be Republican Presidential Nominee in 2012,29,1.0,Feb/03/2010 05:11:15
658925,2012.REP.NOM.CANTOR,Eric Cantor to be Republican Presidential Nominee in 2012,10,1.0,Feb/03/2010 05:16:13
658925,2012.REP.NOM.CANTOR,Eric Cantor to be Republican Presidential Nominee in 2012,10,1.0,Feb/03/2010 12:15:32
658925,2012.REP.NOM.CANTOR,Eric Cantor to be Republican Presidential Nominee in 2012,1,1.1,Feb/04/2010 08:41:04
658925,2012.REP.NOM.CANTOR,Eric Cantor to be Republican Presidential Nominee in 2012,2,1.0,Feb/05/2010 09:58:22
658925,2012.REP.NOM.CANTOR,Eric Cantor to be Republican Presidential Nominee in 2012,1,1.0,Feb/08/2010 10:20:14
658925,2012.REP.NOM.CANTOR,Eric Cantor to be Republican Presidential Nominee in 2012,1,1.0,Feb/08/2010 10:21:09
658925,2012.REP.NOM.CANTOR,Eric Cantor to be Republican Presidential Nominee in 2012,1,1.0,Feb/08/2010 10:21:17
658925,2012.REP.NOM.CANTOR,Eric Cantor to be Republican Presidential Nominee in 2012,1,1.0,Feb/08/2010 10:21:24
658925,2012.REP.NOM.CANTOR,Eric Cantor to be Republican Presidential Nominee in 2012,1,1.0,Feb/08/2010 10:21:43
658925,2012.REP.NOM.CANTOR,Eric Cantor to be Republican Presidential Nominee in 2012,1,1.0,Feb/08/2010 10:21:54
658925,2012.REP.NOM.CANTOR,Eric Cantor to be Republican Presidential Nominee in 2012,1,1.0,Feb/08/2010 10:22:02
658925,2012.REP.NOM.CANTOR,Eric Cantor to be Republican Presidential Nominee in 2012,1,1.0,Feb/08/2010 10:22:10
658925,2012.REP.NOM.CANTOR,Eric Cantor to be Republican Presidential Nominee in 2012,1,1.0,Feb/08/2010 10:22:17
658925,2012.REP.NOM.CANTOR,Eric Cantor to be Republican Presidential Nominee in 2012,1,1.0,Feb/08/2010 10:22:25
658925,2012.REP.NOM.CANTOR,Eric Cantor to be Republican Presidential Nominee in 2012,1,1.0,Feb/08/2010 10:22:33
658925,2012.REP.NOM.CANTOR,Eric Cantor to be Republican Presidential Nominee in 2012,2,1.0,Feb/08/2010 10:22:41
658925,2012.REP.NOM.CANTOR,Eric Cantor to be Republican Presidential Nominee in 2012,2,1.0,Feb/08/2010 10:22:48
658925,2012.REP.NOM.CANTOR,Eric Cantor to be Republican Presidential Nominee in 2012,1,1.0,Feb/08/2010 10:23:02
658925,2012.REP.NOM.CANTOR,Eric Cantor to be Republican Presidential Nominee in 2012,3,1.0,Feb/10/2010 09:56:57
658925,2012.REP.NOM.CANTOR,Eric Cantor to be Republican Presidential Nominee in 2012,1,1.0,Feb/10/2010 09:57:10
658925,2012.REP.NOM.CANTOR,Eric Cantor to be Republican Presidential Nominee in 2012,1,1.0,Feb/10/2010 09:57:30
658925,2012.REP.NOM.CANTOR,Eric Cantor to be Republican Presidential Nominee in 2012,2,1.0,Feb/10/2010 09:57:37
658925,2012.REP.NOM.CANTOR,Eric Cantor to be Republican Presidential Nominee in 2012,1,1.0,Feb/10/2010 09:57:44
658925,2012.REP.NOM.CANTOR,Eric Cantor to be Republican Presidential Nominee in 2012,1,1.0,Feb/10/2010 09:57:49
658925,2012.REP.NOM.CANTOR,Eric Cantor to be Republican Presidential Nominee in 2012,1,1.0,Feb/10/2010 09:58:04
658925,2012.REP.NOM.CANTOR,Eric Cantor to be Republican Presidential Nominee in 2012,1,1.0,Feb/10/2010 09:58:10
658925,2012.REP.NOM.CANTOR,Eric Cantor to be Republican Presidential Nominee in 2012,1,1.0,Feb/10/2010 09:58:16
658925,2012.REP.NOM.CANTOR,Eric Cantor to be Republican Presidential Nominee in 2012,1,1.0,Feb/10/2010 09:58:21
658925,2012.REP.NOM.CANTOR,Eric Cantor to be Republican Presidential Nominee in 2012,1,1.0,Feb/10/2010 09:58:27
658925,2012.REP.NOM.CANTOR,Eric Cantor to be Republican Presidential Nominee in 2012,1,1.0,Feb/10/2010 09:58:31
658925,2012.REP.NOM.CANTOR,Eric Cantor to be Republican Presidential Nominee in 2012,1,1.0,Feb/10/2010 09:58:36
658925,2012.REP.NOM.CANTOR,Eric Cantor to be Republican Presidential Nominee in 2012,1,1.0,Feb/10/2010 09:58:41
658925,2012.REP.NOM.CANTOR,Eric Cantor to be Republican Presidential Nominee in 2012,1,1.0,Feb/10/2010 09:58:50
658925,2012.REP.NOM.CANTOR,Eric Cantor to be Republican Presidential Nominee in 2012,1,1.0,Feb/10/2010 09:58:57
658925,2012.REP.NOM.CANTOR,Eric Cantor to be Republican Presidential Nominee in 2012,1,1.0,Feb/10/2010 09:59:03
658925,2012.REP.NOM.CANTOR,Eric Cantor to be Republican Presidential Nominee in 2012,1,1.0,Feb/10/2010 09:59:13
658925,2012.REP.NOM.CANTOR,Eric Cantor to be Republican Presidential Nominee in 2012,2,1.0,Feb/10/2010 09:59:18
658925,2012.REP.NOM.CANTOR,Eric Cantor to be Republican Presidential Nominee in 2012,1,1.0,Feb/10/2010 09:59:32
658925,2012.REP.NOM.CANTOR,Eric Cantor to be Republican Presidential Nominee in 2012,2,1.0,Feb/10/2010 09:59:38
658925,2012.REP.NOM.CANTOR,Eric Cantor to be Republican Presidential Nominee in 2012,1,1.0,Feb/10/2010 09:59:44
658925,2012.REP.NOM.CANTOR,Eric Cantor to be Republican Presidential Nominee in 2012,1,0.6,Feb/14/2010 16:45:13
658925,2012.REP.NOM.CANTOR,Eric Cantor to be Republican Presidential Nominee in 2012,1,0.6,Feb/14/2010 16:45:19
658925,2012.REP.NOM.CANTOR,Eric Cantor to be Republican Presidential Nominee in 2012,1,0.6,Feb/14/2010 16:45:37
658925,2012.REP.NOM.CANTOR,Eric Cantor to be Republican Presidential Nominee in 2012,1,0.6,Feb/14/2010 16:45:45
658925,2012.REP.NOM.CANTOR,Eric Cantor to be Republican Presidential Nominee in 2012,3,0.7,Feb/15/2010 09:59:08
658925,2012.REP.NOM.CANTOR,Eric Cantor to be Republican Presidential Nominee in 2012,2,0.7,Feb/15/2010 09:59:14
658925,2012.REP.NOM.CANTOR,Eric Cantor to be Republican Presidential Nominee in 2012,3,0.7,Feb/15/2010 09:59:23
658925,2012.REP.NOM.CANTOR,Eric Cantor to be Republican Presidential Nominee in 2012,5,0.7,Feb/15/2010 09:59:28
658925,2012.REP.NOM.CANTOR,Eric Cantor to be Republican Presidential Nominee in 2012,8,0.7,Feb/15/2010 11:58:22
658925,2012.REP.NOM.CANTOR,Eric Cantor to be Republican Presidential Nominee in 2012,8,0.7,Feb/15/2010 11:58:29
658925,2012.REP.NOM.CANTOR,Eric Cantor to be Republican Presidential Nominee in 2012,11,0.7,Feb/15/2010 11:58:37
658925,2012.REP.NOM.CANTOR,Eric Cantor to be Republican Presidential Nominee in 2012,11,0.7,Feb/15/2010 11:58:42
658925,2012.REP.NOM.CANTOR,Eric Cantor to be Republican Presidential Nominee in 2012,4,0.7,Feb/15/2010 11:58:47
658925,2012.REP.NOM.CANTOR,Eric Cantor to be Republican Presidential Nominee in 2012,3,0.7,Feb/15/2010 11:58:54
658925,2012.REP.NOM.CANTOR,Eric Cantor to be Republican Presidential Nominee in 2012,2,0.7,Feb/15/2010 11:58:59
658925,2012.REP.NOM.CANTOR,Eric Cantor to be Republican Presidential Nominee in 2012,1,0.6,Feb/15/2010 11:59:04
658925,2012.REP.NOM.CANTOR,Eric Cantor to be Republican Presidential Nominee in 2012,1,0.6,Feb/15/2010 11:59:09
658925,2012.REP.NOM.CANTOR,Eric Cantor to be Republican Presidential Nominee in 2012,1,0.6,Feb/15/2010 11:59:14
658925,2012.REP.NOM.CANTOR,Eric Cantor to be Republican Presidential Nominee in 2012,1,0.6,Feb/15/2010 11:59:20
658925,2012.REP.NOM.CANTOR,Eric Cantor to be Republican Presidential Nominee in 2012,2,0.6,Feb/15/2010 11:59:27
658925,2012.REP.NOM.CANTOR,Eric Cantor to be Republican Presidential Nominee in 2012,5,0.6,Feb/15/2010 11:59:32
658925,2012.REP.NOM.CANTOR,Eric Cantor to be Republican Presidential Nominee in 2012,1,0.6,Feb/15/2010 11:59:38
658925,2012.REP.NOM.CANTOR,Eric Cantor to be Republican Presidential Nominee in 2012,1,0.6,Feb/15/2010 11:59:42
658925,2012.REP.NOM.CANTOR,Eric Cantor to be Republican Presidential Nominee in 2012,1,0.6,Feb/15/2010 11:59:47
658925,2012.REP.NOM.CANTOR,Eric Cantor to be Republican Presidential Nominee in 2012,1,0.6,Feb/15/2010 11:59:54
658925,2012.REP.NOM.CANTOR,Eric Cantor to be Republican Presidential Nominee in 2012,1,0.6,Feb/15/2010 12:00:00
658925,2012.REP.NOM.CANTOR,Eric Cantor to be Republican Presidential Nominee in 2012,2,0.6,Feb/15/2010 12:00:04
658925,2012.REP.NOM.CANTOR,Eric Cantor to be Republican Presidential Nominee in 2012,1,0.6,Feb/15/2010 12:00:11
658925,2012.REP.NOM.CANTOR,Eric Cantor to be Republican Presidential Nominee in 2012,1,0.6,Feb/17/2010 14:25:01
658925,2012.REP.NOM.CANTOR,Eric Cantor to be Republican Presidential Nominee in 2012,1,0.6,Feb/17/2010 14:25:07
658925,2012.REP.NOM.CANTOR,Eric Cantor to be Republican Presidential Nominee in 2012,1,0.6,Feb/17/2010 14:25:12
658925,2012.REP.NOM.CANTOR,Eric Cantor to be Republican Presidential Nominee in 2012,2,0.6,Feb/17/2010 14:25:18
658925,2012.REP.NOM.CANTOR,Eric Cantor to be Republican Presidential Nominee in 2012,1,0.6,Feb/19/2010 17:58:35
658925,2012.REP.NOM.CANTOR,Eric Cantor to be Republican Presidential Nominee in 2012,1,0.6,Feb/19/2010 18:00:06
658925,2012.REP.NOM.CANTOR,Eric Cantor to be Republican Presidential Nominee in 2012,1,0.6,Feb/19/2010 18:00:17
658925,2012.REP.NOM.CANTOR,Eric Cantor to be Republican Presidential Nominee in 2012,1,0.6,Feb/19/2010 18:00:25
658925,2012.REP.NOM.CANTOR,Eric Cantor to be Republican Presidential Nominee in 2012,1,0.6,Feb/19/2010 18:00:31
658925,2012.REP.NOM.CANTOR,Eric Cantor to be Republican Presidential Nominee in 2012,1,0.6,Feb/19/2010 18:00:37
658925,2012.REP.NOM.CANTOR,Eric Cantor to be Republican Presidential Nominee in 2012,1,0.6,Feb/19/2010 18:00:45
658925,2012.REP.NOM.CANTOR,Eric Cantor to be Republican Presidential Nominee in 2012,1,0.6,Feb/19/2010 18:01:08
658925,2012.REP.NOM.CANTOR,Eric Cantor to be Republican Presidential Nominee in 2012,3,0.6,Feb/19/2010 18:01:14
658925,2012.REP.NOM.CANTOR,Eric Cantor to be Republican Presidential Nominee in 2012,1,0.6,Feb/19/2010 18:01:21
658925,2012.REP.NOM.CANTOR,Eric Cantor to be Republican Presidential Nominee in 2012,1,0.6,Feb/19/2010 18:01:28
658925,2012.REP.NOM.CANTOR,Eric Cantor to be Republican Presidential Nominee in 2012,1,0.6,Feb/24/2010 11:35:13
658925,2012.REP.NOM.CANTOR,Eric Cantor to be Republican Presidential Nominee in 2012,1,0.6,Feb/24/2010 11:35:21
658925,2012.REP.NOM.CANTOR,Eric Cantor to be Republican Presidential Nominee in 2012,1,0.6,Feb/24/2010 11:35:26
658925,2012.REP.NOM.CANTOR,Eric Cantor to be Republican Presidential Nominee in 2012,1,0.6,Feb/24/2010 11:35:33
658925,2012.REP.NOM.CANTOR,Eric Cantor to be Republican Presidential Nominee in 2012,1,0.6,Feb/24/2010 11:35:38
658925,2012.REP.NOM.CANTOR,Eric Cantor to be Republican Presidential Nominee in 2012,2,0.6,Feb/24/2010 11:35:43
658925,2012.REP.NOM.CANTOR,Eric Cantor to be Republican Presidential Nominee in 2012,1,0.6,Feb/24/2010 11:35:48
658925,2012.REP.NOM.CANTOR,Eric Cantor to be Republican Presidential Nominee in 2012,1,0.6,Feb/24/2010 11:35:53
658925,2012.REP.NOM.CANTOR,Eric Cantor to be Republican Presidential Nominee in 2012,1,0.6,Feb/24/2010 11:35:58
658925,2012.REP.NOM.CANTOR,Eric Cantor to be Republican Presidential Nominee in 2012,1,0.6,Feb/24/2010 11:36:03
658925,2012.REP.NOM.CANTOR,Eric Cantor to be Republican Presidential Nominee in 2012,1,0.6,Feb/24/2010 11:36:09
658925,2012.REP.NOM.CANTOR,Eric Cantor to be Republican Presidential Nominee in 2012,1,0.6,Feb/24/2010 11:36:15
658925,2012.REP.NOM.CANTOR,Eric Cantor to be Republican Presidential Nominee in 2012,6,0.6,Feb/24/2010 11:36:21
658925,2012.REP.NOM.CANTOR,Eric Cantor to be Republican Presidential Nominee in 2012,1,0.6,Feb/24/2010 11:36:26
658925,2012.REP.NOM.CANTOR,Eric Cantor to be Republican Presidential Nominee in 2012,1,0.6,Feb/24/2010 11:36:31
658925,2012.REP.NOM.CANTOR,Eric Cantor to be Republican Presidential Nominee in 2012,3,0.6,Feb/24/2010 11:36:38
658925,2012.REP.NOM.CANTOR,Eric Cantor to be Republican Presidential Nominee in 2012,3,0.6,Feb/24/2010 11:36:52
658925,2012.REP.NOM.CANTOR,Eric Cantor to be Republican Presidential Nominee in 2012,2,0.6,Feb/24/2010 11:37:00
658925,2012.REP.NOM.CANTOR,Eric Cantor to be Republican Presidential Nominee in 2012,1,0.6,Feb/24/2010 11:37:05
658925,2012.REP.NOM.CANTOR,Eric Cantor to be Republican Presidential Nominee in 2012,1,0.6,Feb/24/2010 11:37:10
658925,2012.REP.NOM.CANTOR,Eric Cantor to be Republican Presidential Nominee in 2012,2,0.6,Feb/24/2010 11:37:16
658925,2012.REP.NOM.CANTOR,Eric Cantor to be Republican Presidential Nominee in 2012,3,0.6,Feb/24/2010 11:37:32
658925,2012.REP.NOM.CANTOR,Eric Cantor to be Republican Presidential Nominee in 2012,4,0.6,Feb/24/2010 11:37:38
658925,2012.REP.NOM.CANTOR,Eric Cantor to be Republican Presidential Nominee in 2012,1,0.6,Feb/24/2010 11:37:44
658925,2012.REP.NOM.CANTOR,Eric Cantor to be Republican Presidential Nominee in 2012,1,0.6,Feb/24/2010 11:37:51
658925,2012.REP.NOM.CANTOR,Eric Cantor to be Republican Presidential Nominee in 2012,3,0.6,Feb/24/2010 11:38:07
658925,2012.REP.NOM.CANTOR,Eric Cantor to be Republican Presidential Nominee in 2012,4,0.6,Feb/24/2010 11:38:15
658925,2012.REP.NOM.CANTOR,Eric Cantor to be Republican Presidential Nominee in 2012,1,0.6,Feb/24/2010 16:58:16
658925,2012.REP.NOM.CANTOR,Eric Cantor to be Republican Presidential Nominee in 2012,2,0.6,Feb/24/2010 16:58:51
658925,2012.REP.NOM.CANTOR,Eric Cantor to be Republican Presidential Nominee in 2012,2,0.6,Feb/24/2010 16:59:06
658925,2012.REP.NOM.CANTOR,Eric Cantor to be Republican Presidential Nominee in 2012,1,1.0,Mar/01/2010 06:00:50
658925,2012.REP.NOM.CANTOR,Eric Cantor to be Republican Presidential Nominee in 2012,1,1.0,Mar/01/2010 06:00:55
658925,2012.REP.NOM.CANTOR,Eric Cantor to be Republican Presidential Nominee in 2012,1,1.0,Mar/01/2010 06:02:22
658925,2012.REP.NOM.CANTOR,Eric Cantor to be Republican Presidential Nominee in 2012,1,1.0,Mar/01/2010 06:02:28
658925,2012.REP.NOM.CANTOR,Eric Cantor to be Republican Presidential Nominee in 2012,1,1.0,Mar/01/2010 06:02:34
658925,2012.REP.NOM.CANTOR,Eric Cantor to be Republican Presidential Nominee in 2012,1,0.6,Mar/01/2010 06:02:43
658925,2012.REP.NOM.CANTOR,Eric Cantor to be Republican Presidential Nominee in 2012,1,0.6,Mar/01/2010 06:02:49
658925,2012.REP.NOM.CANTOR,Eric Cantor to be Republican Presidential Nominee in 2012,1,0.6,Mar/04/2010 07:34:23
658925,2012.REP.NOM.CANTOR,Eric Cantor to be Republican Presidential Nominee in 2012,1,0.6,Mar/04/2010 07:35:27
658925,2012.REP.NOM.CANTOR,Eric Cantor to be Republican Presidential Nominee in 2012,1,0.6,Mar/04/2010 07:35:34
658925,2012.REP.NOM.CANTOR,Eric Cantor to be Republican Presidential Nominee in 2012,1,0.6,Mar/04/2010 07:35:40
658925,2012.REP.NOM.CANTOR,Eric Cantor to be Republican Presidential Nominee in 2012,1,0.6,Mar/04/2010 07:36:01
658925,2012.REP.NOM.CANTOR,Eric Cantor to be Republican Presidential Nominee in 2012,1,0.5,Mar/04/2010 07:36:12
658925,2012.REP.NOM.CANTOR,Eric Cantor to be Republican Presidential Nominee in 2012,1,0.5,Mar/04/2010 07:36:19
658925,2012.REP.NOM.CANTOR,Eric Cantor to be Republican Presidential Nominee in 2012,2,0.5,Mar/04/2010 07:36:26
658925,2012.REP.NOM.CANTOR,Eric Cantor to be Republican Presidential Nominee in 2012,2,0.5,Mar/04/2010 07:36:32
658925,2012.REP.NOM.CANTOR,Eric Cantor to be Republican Presidential Nominee in 2012,1,0.5,Mar/04/2010 07:36:44
658925,2012.REP.NOM.CANTOR,Eric Cantor to be Republican Presidential Nominee in 2012,1,0.5,Mar/04/2010 07:36:49
658925,2012.REP.NOM.CANTOR,Eric Cantor to be Republican Presidential Nominee in 2012,2,0.5,Mar/04/2010 07:36:55
658925,2012.REP.NOM.CANTOR,Eric Cantor to be Republican Presidential Nominee in 2012,1,0.5,Mar/04/2010 07:37:02
658925,2012.REP.NOM.CANTOR,Eric Cantor to be Republican Presidential Nominee in 2012,3,0.5,Mar/04/2010 07:37:10
658925,2012.REP.NOM.CANTOR,Eric Cantor to be Republican Presidential Nominee in 2012,2,0.5,Mar/04/2010 07:37:16
658925,2012.REP.NOM.CANTOR,Eric Cantor to be Republican Presidential Nominee in 2012,2,0.5,Mar/04/2010 07:37:22
658925,2012.REP.NOM.CANTOR,Eric Cantor to be Republican Presidential Nominee in 2012,1,0.5,Mar/04/2010 07:37:28
658925,2012.REP.NOM.CANTOR,Eric Cantor to be Republican Presidential Nominee in 2012,1,0.5,Mar/04/2010 07:37:35
658925,2012.REP.NOM.CANTOR,Eric Cantor to be Republican Presidential Nominee in 2012,1,0.5,Mar/04/2010 07:37:43
658925,2012.REP.NOM.CANTOR,Eric Cantor to be Republican Presidential Nominee in 2012,1,0.5,Mar/04/2010 07:37:49
658925,2012.REP.NOM.CANTOR,Eric Cantor to be Republican Presidential Nominee in 2012,2,0.5,Mar/04/2010 07:37:54
658925,2012.REP.NOM.CANTOR,Eric Cantor to be Republican Presidential Nominee in 2012,2,0.5,Mar/04/2010 07:38:00
658925,2012.REP.NOM.CANTOR,Eric Cantor to be Republican Presidential Nominee in 2012,3,0.5,Mar/04/2010 07:38:10
658925,2012.REP.NOM.CANTOR,Eric Cantor to be Republican Presidential Nominee in 2012,2,0.5,Mar/04/2010 07:38:20
658925,2012.REP.NOM.CANTOR,Eric Cantor to be Republican Presidential Nominee in 2012,2,0.5,Mar/04/2010 07:38:26
658925,2012.REP.NOM.CANTOR,Eric Cantor to be Republican Presidential Nominee in 2012,2,0.5,Mar/04/2010 07:38:37
658925,2012.REP.NOM.CANTOR,Eric Cantor to be Republican Presidential Nominee in 2012,2,0.5,Mar/04/2010 07:38:44
658925,2012.REP.NOM.CANTOR,Eric Cantor to be Republican Presidential Nominee in 2012,2,0.5,Mar/04/2010 07:38:49
658925,2012.REP.NOM.CANTOR,Eric Cantor to be Republican Presidential Nominee in 2012,2,0.5,Mar/04/2010 07:38:56
658925,2012.REP.NOM.CANTOR,Eric Cantor to be Republican Presidential Nominee in 2012,1,0.5,Mar/04/2010 07:39:04
658925,2012.REP.NOM.CANTOR,Eric Cantor to be Republican Presidential Nominee in 2012,1,0.5,Mar/05/2010 14:51:16
658925,2012.REP.NOM.CANTOR,Eric Cantor to be Republican Presidential Nominee in 2012,1,0.5,Mar/05/2010 14:51:23
658925,2012.REP.NOM.CANTOR,Eric Cantor to be Republican Presidential Nominee in 2012,2,0.5,Mar/05/2010 14:51:27
658925,2012.REP.NOM.CANTOR,Eric Cantor to be Republican Presidential Nominee in 2012,3,0.5,Mar/05/2010 14:51:33
658925,2012.REP.NOM.CANTOR,Eric Cantor to be Republican Presidential Nominee in 2012,1,0.5,Mar/05/2010 14:51:39
658925,2012.REP.NOM.CANTOR,Eric Cantor to be Republican Presidential Nominee in 2012,1,0.4,Mar/05/2010 14:51:45
658925,2012.REP.NOM.CANTOR,Eric Cantor to be Republican Presidential Nominee in 2012,1,0.4,Mar/05/2010 14:51:50
658925,2012.REP.NOM.CANTOR,Eric Cantor to be Republican Presidential Nominee in 2012,1,0.4,Mar/05/2010 14:51:57
658925,2012.REP.NOM.CANTOR,Eric Cantor to be Republican Presidential Nominee in 2012,1,0.4,Mar/05/2010 14:52:03
658925,2012.REP.NOM.CANTOR,Eric Cantor to be Republican Presidential Nominee in 2012,1,0.4,Mar/05/2010 14:52:09
658925,2012.REP.NOM.CANTOR,Eric Cantor to be Republican Presidential Nominee in 2012,1,0.4,Mar/05/2010 14:52:14
658925,2012.REP.NOM.CANTOR,Eric Cantor to be Republican Presidential Nominee in 2012,1,0.4,Mar/05/2010 14:52:21
658925,2012.REP.NOM.CANTOR,Eric Cantor to be Republican Presidential Nominee in 2012,2,0.4,Mar/05/2010 14:52:26
658925,2012.REP.NOM.CANTOR,Eric Cantor to be Republican Presidential Nominee in 2012,1,0.4,Mar/05/2010 14:52:31
658925,2012.REP.NOM.CANTOR,Eric Cantor to be Republican Presidential Nominee in 2012,1,0.3,Mar/05/2010 14:52:37
658925,2012.REP.NOM.CANTOR,Eric Cantor to be Republican Presidential Nominee in 2012,2,0.3,Mar/05/2010 14:52:42
658925,2012.REP.NOM.CANTOR,Eric Cantor to be Republican Presidential Nominee in 2012,1,0.3,Mar/08/2010 05:45:28
658925,2012.REP.NOM.CANTOR,Eric Cantor to be Republican Presidential Nominee in 2012,1,0.3,Mar/08/2010 05:45:33
658925,2012.REP.NOM.CANTOR,Eric Cantor to be Republican Presidential Nominee in 2012,1,0.3,Mar/08/2010 05:45:38
658925,2012.REP.NOM.CANTOR,Eric Cantor to be Republican Presidential Nominee in 2012,1,0.3,Mar/08/2010 05:45:45
658925,2012.REP.NOM.CANTOR,Eric Cantor to be Republican Presidential Nominee in 2012,1,0.3,Mar/08/2010 05:45:49
658925,2012.REP.NOM.CANTOR,Eric Cantor to be Republican Presidential Nominee in 2012,1,0.3,Mar/08/2010 05:45:53
658925,2012.REP.NOM.CANTOR,Eric Cantor to be Republican Presidential Nominee in 2012,1,0.3,Mar/08/2010 05:46:13
658925,2012.REP.NOM.CANTOR,Eric Cantor to be Republican Presidential Nominee in 2012,2,0.3,Mar/08/2010 05:46:22
658925,2012.REP.NOM.CANTOR,Eric Cantor to be Republican Presidential Nominee in 2012,1,0.3,Mar/08/2010 05:46:30
658925,2012.REP.NOM.CANTOR,Eric Cantor to be Republican Presidential Nominee in 2012,1,0.3,Mar/08/2010 05:46:49
658925,2012.REP.NOM.CANTOR,Eric Cantor to be Republican Presidential Nominee in 2012,1,0.3,Mar/08/2010 05:46:54
658925,2012.REP.NOM.CANTOR,Eric Cantor to be Republican Presidential Nominee in 2012,1,0.3,Mar/08/2010 05:46:59
658925,2012.REP.NOM.CANTOR,Eric Cantor to be Republican Presidential Nominee in 2012,1,0.3,Mar/08/2010 05:47:03
658925,2012.REP.NOM.CANTOR,Eric Cantor to be Republican Presidential Nominee in 2012,1,0.3,Mar/08/2010 05:47:16
658925,2012.REP.NOM.CANTOR,Eric Cantor to be Republican Presidential Nominee in 2012,1,0.3,Mar/08/2010 05:47:25
658925,2012.REP.NOM.CANTOR,Eric Cantor to be Republican Presidential Nominee in 2012,1,0.3,Mar/08/2010 05:47:30
658925,2012.REP.NOM.CANTOR,Eric Cantor to be Republican Presidential Nominee in 2012,1,0.3,Mar/08/2010 05:47:38
658925,2012.REP.NOM.CANTOR,Eric Cantor to be Republican Presidential Nominee in 2012,1,0.3,Mar/08/2010 05:47:44
658925,2012.REP.NOM.CANTOR,Eric Cantor to be Republican Presidential Nominee in 2012,4,0.3,Mar/08/2010 05:47:50
658925,2012.REP.NOM.CANTOR,Eric Cantor to be Republican Presidential Nominee in 2012,1,0.3,Mar/08/2010 05:48:11
658925,2012.REP.NOM.CANTOR,Eric Cantor to be Republican Presidential Nominee in 2012,1,0.3,Mar/08/2010 05:48:19
658925,2012.REP.NOM.CANTOR,Eric Cantor to be Republican Presidential Nominee in 2012,5,0.3,Mar/08/2010 05:48:26
658925,2012.REP.NOM.CANTOR,Eric Cantor to be Republican Presidential Nominee in 2012,4,0.3,Mar/08/2010 05:48:38
658925,2012.REP.NOM.CANTOR,Eric Cantor to be Republican Presidential Nominee in 2012,1,0.3,Mar/08/2010 05:48:48
658925,2012.REP.NOM.CANTOR,Eric Cantor to be Republican Presidential Nominee in 2012,1,0.3,Mar/08/2010 05:48:56
658925,2012.REP.NOM.CANTOR,Eric Cantor to be Republican Presidential Nominee in 2012,1,0.3,Mar/08/2010 05:49:04
658925,2012.REP.NOM.CANTOR,Eric Cantor to be Republican Presidential Nominee in 2012,1,0.3,Mar/08/2010 05:49:13
658925,2012.REP.NOM.CANTOR,Eric Cantor to be Republican Presidential Nominee in 2012,1,0.3,Mar/08/2010 05:49:22
658925,2012.REP.NOM.CANTOR,Eric Cantor to be Republican Presidential Nominee in 2012,1,0.3,Mar/10/2010 07:42:02
658925,2012.REP.NOM.CANTOR,Eric Cantor to be Republican Presidential Nominee in 2012,1,0.3,Mar/10/2010 07:42:09
658925,2012.REP.NOM.CANTOR,Eric Cantor to be Republican Presidential Nominee in 2012,3,0.3,Mar/10/2010 07:42:14
658925,2012.REP.NOM.CANTOR,Eric Cantor to be Republican Presidential Nominee in 2012,1,0.3,Mar/10/2010 07:42:39
658925,2012.REP.NOM.CANTOR,Eric Cantor to be Republican Presidential Nominee in 2012,2,0.3,Mar/10/2010 07:42:48
658925,2012.REP.NOM.CANTOR,Eric Cantor to be Republican Presidential Nominee in 2012,1,0.2,Mar/10/2010 07:42:54
658925,2012.REP.NOM.CANTOR,Eric Cantor to be Republican Presidential Nominee in 2012,1,0.3,Mar/23/2010 06:56:34
658925,2012.REP.NOM.CANTOR,Eric Cantor to be Republican Presidential Nominee in 2012,1,0.3,Mar/23/2010 06:56:42
658925,2012.REP.NOM.CANTOR,Eric Cantor to be Republican Presidential Nominee in 2012,1,0.3,Mar/23/2010 06:56:50
658925,2012.REP.NOM.CANTOR,Eric Cantor to be Republican Presidential Nominee in 2012,1,0.3,Mar/23/2010 06:57:12
658925,2012.REP.NOM.CANTOR,Eric Cantor to be Republican Presidential Nominee in 2012,1,0.3,Mar/23/2010 06:57:21
658925,2012.REP.NOM.CANTOR,Eric Cantor to be Republican Presidential Nominee in 2012,3,0.3,Mar/23/2010 06:57:31
658925,2012.REP.NOM.CANTOR,Eric Cantor to be Republican Presidential Nominee in 2012,1,0.3,Mar/23/2010 06:57:45
658925,2012.REP.NOM.CANTOR,Eric Cantor to be Republican Presidential Nominee in 2012,1,0.3,Mar/23/2010 06:57:51
658925,2012.REP.NOM.CANTOR,Eric Cantor to be Republican Presidential Nominee in 2012,1,0.3,Mar/23/2010 06:58:04
658925,2012.REP.NOM.CANTOR,Eric Cantor to be Republican Presidential Nominee in 2012,1,0.3,Mar/23/2010 06:58:17
658925,2012.REP.NOM.CANTOR,Eric Cantor to be Republican Presidential Nominee in 2012,1,0.3,Mar/23/2010 06:58:25
658925,2012.REP.NOM.CANTOR,Eric Cantor to be Republican Presidential Nominee in 2012,1,0.3,Mar/23/2010 06:58:32
658925,2012.REP.NOM.CANTOR,Eric Cantor to be Republican Presidential Nominee in 2012,1,0.3,Mar/23/2010 06:58:39
658925,2012.REP.NOM.CANTOR,Eric Cantor to be Republican Presidential Nominee in 2012,1,0.3,Mar/23/2010 06:58:47
658925,2012.REP.NOM.CANTOR,Eric Cantor to be Republican Presidential Nominee in 2012,4,0.3,Mar/23/2010 06:58:55
658925,2012.REP.NOM.CANTOR,Eric Cantor to be Republican Presidential Nominee in 2012,2,0.3,Mar/23/2010 06:59:03
658925,2012.REP.NOM.CANTOR,Eric Cantor to be Republican Presidential Nominee in 2012,1,0.3,Mar/25/2010 22:40:56
658925,2012.REP.NOM.CANTOR,Eric Cantor to be Republican Presidential Nominee in 2012,1,0.3,Mar/25/2010 22:41:01
658925,2012.REP.NOM.CANTOR,Eric Cantor to be Republican Presidential Nominee in 2012,3,0.3,Mar/25/2010 22:41:19
658925,2012.REP.NOM.CANTOR,Eric Cantor to be Republican Presidential Nominee in 2012,2,0.3,Mar/25/2010 22:41:27
658925,2012.REP.NOM.CANTOR,Eric Cantor to be Republican Presidential Nominee in 2012,1,0.3,Mar/25/2010 22:41:34
658925,2012.REP.NOM.CANTOR,Eric Cantor to be Republican Presidential Nominee in 2012,2,0.3,Mar/25/2010 22:41:40
658925,2012.REP.NOM.CANTOR,Eric Cantor to be Republican Presidential Nominee in 2012,1,0.3,Mar/25/2010 22:42:05
658925,2012.REP.NOM.CANTOR,Eric Cantor to be Republican Presidential Nominee in 2012,2,0.3,Mar/25/2010 22:42:12
658925,2012.REP.NOM.CANTOR,Eric Cantor to be Republican Presidential Nominee in 2012,2,0.3,Mar/25/2010 22:42:18
658925,2012.REP.NOM.CANTOR,Eric Cantor to be Republican Presidential Nominee in 2012,1,0.3,Mar/25/2010 22:42:26
658925,2012.REP.NOM.CANTOR,Eric Cantor to be Republican Presidential Nominee in 2012,1,0.3,Mar/25/2010 22:42:33
658925,2012.REP.NOM.CANTOR,Eric Cantor to be Republican Presidential Nominee in 2012,1,0.3,Mar/25/2010 22:42:40
658925,2012.REP.NOM.CANTOR,Eric Cantor to be Republican Presidential Nominee in 2012,1,0.3,Mar/25/2010 22:42:47
658925,2012.REP.NOM.CANTOR,Eric Cantor to be Republican Presidential Nominee in 2012,1,0.3,Mar/25/2010 22:42:55
658925,2012.REP.NOM.CANTOR,Eric Cantor to be Republican Presidential Nominee in 2012,1,0.3,Mar/25/2010 22:43:02
658925,2012.REP.NOM.CANTOR,Eric Cantor to be Republican Presidential Nominee in 2012,1,0.3,Mar/25/2010 22:43:09
658925,2012.REP.NOM.CANTOR,Eric Cantor to be Republican Presidential Nominee in 2012,1,0.3,Mar/25/2010 22:43:16
658925,2012.REP.NOM.CANTOR,Eric Cantor to be Republican Presidential Nominee in 2012,1,0.3,Mar/25/2010 22:43:24
658925,2012.REP.NOM.CANTOR,Eric Cantor to be Republican Presidential Nominee in 2012,1,0.3,Mar/25/2010 22:43:31
658925,2012.REP.NOM.CANTOR,Eric Cantor to be Republican Presidential Nominee in 2012,1,0.3,Mar/25/2010 22:43:39
658925,2012.REP.NOM.CANTOR,Eric Cantor to be Republican Presidential Nominee in 2012,1,0.3,Mar/25/2010 22:43:47
658925,2012.REP.NOM.CANTOR,Eric Cantor to be Republican Presidential Nominee in 2012,1,0.3,May/17/2010 10:08:12
658925,2012.REP.NOM.CANTOR,Eric Cantor to be Republican Presidential Nominee in 2012,1,0.3,May/17/2010 10:09:33
658925,2012.REP.NOM.CANTOR,Eric Cantor to be Republican Presidential Nominee in 2012,1,0.3,May/17/2010 10:09:40
658925,2012.REP.NOM.CANTOR,Eric Cantor to be Republican Presidential Nominee in 2012,1,0.3,May/17/2010 10:10:09
658925,2012.REP.NOM.CANTOR,Eric Cantor to be Republican Presidential Nominee in 2012,1,0.3,May/17/2010 10:10:24
658925,2012.REP.NOM.CANTOR,Eric Cantor to be Republican Presidential Nominee in 2012,1,0.3,May/17/2010 10:10:36
658925,2012.REP.NOM.CANTOR,Eric Cantor to be Republican Presidential Nominee in 2012,1,0.3,May/17/2010 10:10:45
658925,2012.REP.NOM.CANTOR,Eric Cantor to be Republican Presidential Nominee in 2012,1,0.3,May/17/2010 10:10:57
658925,2012.REP.NOM.CANTOR,Eric Cantor to be Republican Presidential Nominee in 2012,1,0.3,May/17/2010 10:11:07
658925,2012.REP.NOM.CANTOR,Eric Cantor to be Republican Presidential Nominee in 2012,2,0.3,May/17/2010 10:11:15
658925,2012.REP.NOM.CANTOR,Eric Cantor to be Republican Presidential Nominee in 2012,1,0.3,May/17/2010 10:11:24
658925,2012.REP.NOM.CANTOR,Eric Cantor to be Republican Presidential Nominee in 2012,1,0.3,May/17/2010 10:11:33
658925,2012.REP.NOM.CANTOR,Eric Cantor to be Republican Presidential Nominee in 2012,1,0.3,May/17/2010 10:11:42
658925,2012.REP.NOM.CANTOR,Eric Cantor to be Republican Presidential Nominee in 2012,3,0.3,May/17/2010 10:11:51
658925,2012.REP.NOM.CANTOR,Eric Cantor to be Republican Presidential Nominee in 2012,1,0.3,May/17/2010 10:12:45
658925,2012.REP.NOM.CANTOR,Eric Cantor to be Republican Presidential Nominee in 2012,1,0.3,May/17/2010 10:13:03
658925,2012.REP.NOM.CANTOR,Eric Cantor to be Republican Presidential Nominee in 2012,1,0.3,May/17/2010 10:13:16
658925,2012.REP.NOM.CANTOR,Eric Cantor to be Republican Presidential Nominee in 2012,1,0.3,May/17/2010 10:13:26
658925,2012.REP.NOM.CANTOR,Eric Cantor to be Republican Presidential Nominee in 2012,1,0.3,May/17/2010 10:13:31
658925,2012.REP.NOM.CANTOR,Eric Cantor to be Republican Presidential Nominee in 2012,1,0.3,May/17/2010 10:13:36
658925,2012.REP.NOM.CANTOR,Eric Cantor to be Republican Presidential Nominee in 2012,1,0.3,May/17/2010 10:13:41
658925,2012.REP.NOM.CANTOR,Eric Cantor to be Republican Presidential Nominee in 2012,1,0.3,May/17/2010 10:13:53
658925,2012.REP.NOM.CANTOR,Eric Cantor to be Republican Presidential Nominee in 2012,1,0.3,May/17/2010 10:14:04
658925,2012.REP.NOM.CANTOR,Eric Cantor to be Republican Presidential Nominee in 2012,1,0.3,May/17/2010 10:14:13
658925,2012.REP.NOM.CANTOR,Eric Cantor to be Republican Presidential Nominee in 2012,2,0.3,May/17/2010 10:14:23
658925,2012.REP.NOM.CANTOR,Eric Cantor to be Republican Presidential Nominee in 2012,1,0.3,May/17/2010 10:14:30
658925,2012.REP.NOM.CANTOR,Eric Cantor to be Republican Presidential Nominee in 2012,1,0.3,May/17/2010 10:14:41
658925,2012.REP.NOM.CANTOR,Eric Cantor to be Republican Presidential Nominee in 2012,1,0.3,May/17/2010 10:14:50
658925,2012.REP.NOM.CANTOR,Eric Cantor to be Republican Presidential Nominee in 2012,2,0.3,May/17/2010 10:14:59
658925,2012.REP.NOM.CANTOR,Eric Cantor to be Republican Presidential Nominee in 2012,1,0.3,May/17/2010 10:15:09
658925,2012.REP.NOM.CANTOR,Eric Cantor to be Republican Presidential Nominee in 2012,1,0.3,May/17/2010 10:15:17
658925,2012.REP.NOM.CANTOR,Eric Cantor to be Republican Presidential Nominee in 2012,1,0.3,May/17/2010 10:15:27
658925,2012.REP.NOM.CANTOR,Eric Cantor to be Republican Presidential Nominee in 2012,1,0.3,May/17/2010 10:15:38
658925,2012.REP.NOM.CANTOR,Eric Cantor to be Republican Presidential Nominee in 2012,1,0.3,May/17/2010 10:15:48
658925,2012.REP.NOM.CANTOR,Eric Cantor to be Republican Presidential Nominee in 2012,12,0.3,May/27/2010 11:27:07
658925,2012.REP.NOM.CANTOR,Eric Cantor to be Republican Presidential Nominee in 2012,35,0.3,May/27/2010 11:27:07
658925,2012.REP.NOM.CANTOR,Eric Cantor to be Republican Presidential Nominee in 2012,3,0.2,May/27/2010 11:27:07
658925,2012.REP.NOM.CANTOR,Eric Cantor to be Republican Presidential Nominee in 2012,6,0.2,May/28/2010 12:32:47
658925,2012.REP.NOM.CANTOR,Eric Cantor to be Republican Presidential Nominee in 2012,5,0.3,May/28/2010 12:32:47
658925,2012.REP.NOM.CANTOR,Eric Cantor to be Republican Presidential Nominee in 2012,10,0.3,May/28/2010 12:32:47
658925,2012.REP.NOM.CANTOR,Eric Cantor to be Republican Presidential Nominee in 2012,3,0.2,May/28/2010 12:32:47
658925,2012.REP.NOM.CANTOR,Eric Cantor to be Republican Presidential Nominee in 2012,3,0.6,May/30/2010 22:47:09
658925,2012.REP.NOM.CANTOR,Eric Cantor to be Republican Presidential Nominee in 2012,10,0.7,May/30/2010 22:47:09
658925,2012.REP.NOM.CANTOR,Eric Cantor to be Republican Presidential Nominee in 2012,17,0.3,Jun/01/2010 17:35:51
658925,2012.REP.NOM.CANTOR,Eric Cantor to be Republican Presidential Nominee in 2012,3,0.2,Jun/01/2010 17:35:51
658925,2012.REP.NOM.CANTOR,Eric Cantor to be Republican Presidential Nominee in 2012,4,0.2,Jun/01/2010 20:39:59
658925,2012.REP.NOM.CANTOR,Eric Cantor to be Republican Presidential Nominee in 2012,1,0.2,Jun/02/2010 10:26:01
658925,2012.REP.NOM.CANTOR,Eric Cantor to be Republican Presidential Nominee in 2012,5,0.2,Jun/03/2010 12:27:36
658925,2012.REP.NOM.CANTOR,Eric Cantor to be Republican Presidential Nominee in 2012,2,0.2,Jun/03/2010 20:17:06
658925,2012.REP.NOM.CANTOR,Eric Cantor to be Republican Presidential Nominee in 2012,31,0.2,Jun/04/2010 10:36:03
658925,2012.REP.NOM.CANTOR,Eric Cantor to be Republican Presidential Nominee in 2012,20,0.3,Jun/04/2010 21:46:22
658925,2012.REP.NOM.CANTOR,Eric Cantor to be Republican Presidential Nominee in 2012,10,0.3,Jun/04/2010 22:55:46
658925,2012.REP.NOM.CANTOR,Eric Cantor to be Republican Presidential Nominee in 2012,1,0.2,Jun/09/2010 20:22:32
658925,2012.REP.NOM.CANTOR,Eric Cantor to be Republican Presidential Nominee in 2012,7,0.2,Jun/09/2010 20:22:32
658925,2012.REP.NOM.CANTOR,Eric Cantor to be Republican Presidential Nominee in 2012,1,0.2,Jun/11/2010 09:56:15
658925,2012.REP.NOM.CANTOR,Eric Cantor to be Republican Presidential Nominee in 2012,22,0.2,Jun/29/2010 10:47:22
658925,2012.REP.NOM.CANTOR,Eric Cantor to be Republican Presidential Nominee in 2012,8,0.2,Jun/29/2010 10:47:41
658925,2012.REP.NOM.CANTOR,Eric Cantor to be Republican Presidential Nominee in 2012,3,0.2,Jul/12/2010 06:43:04
658925,2012.REP.NOM.CANTOR,Eric Cantor to be Republican Presidential Nominee in 2012,2,0.4,Jul/12/2010 06:43:04
658925,2012.REP.NOM.CANTOR,Eric Cantor to be Republican Presidential Nominee in 2012,62,0.2,Jul/12/2010 06:43:04
658925,2012.REP.NOM.CANTOR,Eric Cantor to be Republican Presidential Nominee in 2012,16,0.2,Jul/12/2010 21:16:43
658925,2012.REP.NOM.CANTOR,Eric Cantor to be Republican Presidential Nominee in 2012,2,0.4,Jul/12/2010 21:16:43
658925,2012.REP.NOM.CANTOR,Eric Cantor to be Republican Presidential Nominee in 2012,3,0.2,Jul/12/2010 21:16:54
658925,2012.REP.NOM.CANTOR,Eric Cantor to be Republican Presidential Nominee in 2012,2,0.2,Jul/13/2010 05:45:27
658925,2012.REP.NOM.CANTOR,Eric Cantor to be Republican Presidential Nominee in 2012,39,0.2,Jul/13/2010 19:28:18
658925,2012.REP.NOM.CANTOR,Eric Cantor to be Republican Presidential Nominee in 2012,1,0.5,Jul/13/2010 20:40:02
658925,2012.REP.NOM.CANTOR,Eric Cantor to be Republican Presidential Nominee in 2012,1,0.5,Jul/13/2010 20:40:02
658925,2012.REP.NOM.CANTOR,Eric Cantor to be Republican Presidential Nominee in 2012,1,0.4,Sep/05/2010 15:21:46
658925,2012.REP.NOM.CANTOR,Eric Cantor to be Republican Presidential Nominee in 2012,10,0.4,Sep/05/2010 15:21:46
658925,2012.REP.NOM.CANTOR,Eric Cantor to be Republican Presidential Nominee in 2012,1,0.6,Oct/14/2010 13:32:20
658925,2012.REP.NOM.CANTOR,Eric Cantor to be Republican Presidential Nominee in 2012,1,0.5,Oct/14/2010 13:32:20
658925,2012.REP.NOM.CANTOR,Eric Cantor to be Republican Presidential Nominee in 2012,10,0.7,Oct/14/2010 13:33:08
658925,2012.REP.NOM.CANTOR,Eric Cantor to be Republican Presidential Nominee in 2012,10,0.7,Nov/01/2010 17:58:47
658925,2012.REP.NOM.CANTOR,Eric Cantor to be Republican Presidential Nominee in 2012,10,0.8,Nov/01/2010 18:22:24
658925,2012.REP.NOM.CANTOR,Eric Cantor to be Republican Presidential Nominee in 2012,1,1.0,Nov/05/2010 12:31:13
658925,2012.REP.NOM.CANTOR,Eric Cantor to be Republican Presidential Nominee in 2012,71,1.0,Nov/05/2010 17:48:57
658925,2012.REP.NOM.CANTOR,Eric Cantor to be Republican Presidential Nominee in 2012,39,0.8,Nov/05/2010 17:50:56
658925,2012.REP.NOM.CANTOR,Eric Cantor to be Republican Presidential Nominee in 2012,39,1.0,Nov/05/2010 17:50:56
658925,2012.REP.NOM.CANTOR,Eric Cantor to be Republican Presidential Nominee in 2012,9,0.8,Nov/05/2010 17:53:39
658925,2012.REP.NOM.CANTOR,Eric Cantor to be Republican Presidential Nominee in 2012,2,0.8,Nov/05/2010 18:00:37
658925,2012.REP.NOM.CANTOR,Eric Cantor to be Republican Presidential Nominee in 2012,40,0.8,Nov/05/2010 22:26:27
658925,2012.REP.NOM.CANTOR,Eric Cantor to be Republican Presidential Nominee in 2012,1,0.4,Nov/06/2010 21:37:19
658925,2012.REP.NOM.CANTOR,Eric Cantor to be Republican Presidential Nominee in 2012,2,0.3,Nov/06/2010 21:37:19
658925,2012.REP.NOM.CANTOR,Eric Cantor to be Republican Presidential Nominee in 2012,47,0.3,Nov/06/2010 21:37:19
658925,2012.REP.NOM.CANTOR,Eric Cantor to be Republican Presidential Nominee in 2012,20,0.3,Nov/07/2010 21:41:40
658925,2012.REP.NOM.CANTOR,Eric Cantor to be Republican Presidential Nominee in 2012,15,0.4,Nov/08/2010 05:41:27
658925,2012.REP.NOM.CANTOR,Eric Cantor to be Republican Presidential Nominee in 2012,20,0.4,Nov/08/2010 06:10:33
658925,2012.REP.NOM.CANTOR,Eric Cantor to be Republican Presidential Nominee in 2012,5,0.4,Nov/08/2010 11:41:38
658925,2012.REP.NOM.CANTOR,Eric Cantor to be Republican Presidential Nominee in 2012,15,0.5,Nov/08/2010 13:54:17
658925,2012.REP.NOM.CANTOR,Eric Cantor to be Republican Presidential Nominee in 2012,30,0.4,Nov/09/2010 21:22:01
658925,2012.REP.NOM.CANTOR,Eric Cantor to be Republican Presidential Nominee in 2012,10,0.5,Nov/09/2010 21:22:01
658925,2012.REP.NOM.CANTOR,Eric Cantor to be Republican Presidential Nominee in 2012,29,0.4,Nov/10/2010 06:54:40
658925,2012.REP.NOM.CANTOR,Eric Cantor to be Republican Presidential Nominee in 2012,6,0.4,Nov/10/2010 17:23:28
658925,2012.REP.NOM.CANTOR,Eric Cantor to be Republican Presidential Nominee in 2012,8,0.4,Nov/11/2010 07:51:56
658925,2012.REP.NOM.CANTOR,Eric Cantor to be Republican Presidential Nominee in 2012,53,0.4,Nov/15/2010 08:03:10
658925,2012.REP.NOM.CANTOR,Eric Cantor to be Republican Presidential Nominee in 2012,7,0.5,Nov/15/2010 17:55:32
658925,2012.REP.NOM.CANTOR,Eric Cantor to be Republican Presidential Nominee in 2012,17,0.4,Nov/16/2010 07:19:42
658925,2012.REP.NOM.CANTOR,Eric Cantor to be Republican Presidential Nominee in 2012,1,0.4,Nov/16/2010 09:41:41
658925,2012.REP.NOM.CANTOR,Eric Cantor to be Republican Presidential Nominee in 2012,1,0.4,Nov/16/2010 09:41:45
658925,2012.REP.NOM.CANTOR,Eric Cantor to be Republican Presidential Nominee in 2012,1,0.4,Nov/16/2010 09:41:49
658925,2012.REP.NOM.CANTOR,Eric Cantor to be Republican Presidential Nominee in 2012,1,0.4,Nov/16/2010 09:42:14
658925,2012.REP.NOM.CANTOR,Eric Cantor to be Republican Presidential Nominee in 2012,1,0.4,Nov/16/2010 09:42:18
658925,2012.REP.NOM.CANTOR,Eric Cantor to be Republican Presidential Nominee in 2012,1,0.4,Nov/16/2010 09:42:21
658925,2012.REP.NOM.CANTOR,Eric Cantor to be Republican Presidential Nominee in 2012,1,0.4,Nov/16/2010 09:42:24
658925,2012.REP.NOM.CANTOR,Eric Cantor to be Republican Presidential Nominee in 2012,1,0.4,Nov/16/2010 09:42:30
658925,2012.REP.NOM.CANTOR,Eric Cantor to be Republican Presidential Nominee in 2012,1,0.4,Nov/16/2010 09:42:36
658925,2012.REP.NOM.CANTOR,Eric Cantor to be Republican Presidential Nominee in 2012,1,0.4,Nov/16/2010 09:42:39
658925,2012.REP.NOM.CANTOR,Eric Cantor to be Republican Presidential Nominee in 2012,1,0.4,Nov/16/2010 09:42:43
658925,2012.REP.NOM.CANTOR,Eric Cantor to be Republican Presidential Nominee in 2012,1,0.4,Nov/16/2010 09:42:50
658925,2012.REP.NOM.CANTOR,Eric Cantor to be Republican Presidential Nominee in 2012,1,0.4,Nov/16/2010 09:42:54
658925,2012.REP.NOM.CANTOR,Eric Cantor to be Republican Presidential Nominee in 2012,44,0.4,Nov/17/2010 07:36:28
658925,2012.REP.NOM.CANTOR,Eric Cantor to be Republican Presidential Nominee in 2012,10,0.4,Nov/19/2010 08:32:39
658925,2012.REP.NOM.CANTOR,Eric Cantor to be Republican Presidential Nominee in 2012,10,0.4,Nov/19/2010 08:32:44
658925,2012.REP.NOM.CANTOR,Eric Cantor to be Republican Presidential Nominee in 2012,1,0.4,Nov/19/2010 19:17:48
658925,2012.REP.NOM.CANTOR,Eric Cantor to be Republican Presidential Nominee in 2012,12,0.4,Nov/19/2010 19:18:11
658925,2012.REP.NOM.CANTOR,Eric Cantor to be Republican Presidential Nominee in 2012,10,0.4,Nov/20/2010 18:38:38
658925,2012.REP.NOM.CANTOR,Eric Cantor to be Republican Presidential Nominee in 2012,10,0.4,Nov/21/2010 08:46:22
658925,2012.REP.NOM.CANTOR,Eric Cantor to be Republican Presidential Nominee in 2012,63,0.4,Nov/21/2010 18:06:57
658925,2012.REP.NOM.CANTOR,Eric Cantor to be Republican Presidential Nominee in 2012,11,0.4,Nov/21/2010 23:02:38
658925,2012.REP.NOM.CANTOR,Eric Cantor to be Republican Presidential Nominee in 2012,15,0.4,Nov/23/2010 16:39:47
658925,2012.REP.NOM.CANTOR,Eric Cantor to be Republican Presidential Nominee in 2012,40,0.4,Nov/24/2010 10:16:52
658925,2012.REP.NOM.CANTOR,Eric Cantor to be Republican Presidential Nominee in 2012,10,0.3,Dec/29/2010 14:06:40
658925,2012.REP.NOM.CANTOR,Eric Cantor to be Republican Presidential Nominee in 2012,12,0.3,Dec/29/2010 22:45:56
658925,2012.REP.NOM.CANTOR,Eric Cantor to be Republican Presidential Nominee in 2012,10,0.3,Jan/01/2011 14:18:01
658925,2012.REP.NOM.CANTOR,Eric Cantor to be Republican Presidential Nominee in 2012,100,0.3,Jan/01/2011 15:46:17
658925,2012.REP.NOM.CANTOR,Eric Cantor to be Republican Presidential Nominee in 2012,10,0.3,Jan/01/2011 22:14:57
658925,2012.REP.NOM.CANTOR,Eric Cantor to be Republican Presidential Nominee in 2012,10,0.3,Jan/02/2011 16:30:29
658925,2012.REP.NOM.CANTOR,Eric Cantor to be Republican Presidential Nominee in 2012,20,0.3,Jan/03/2011 04:49:02
658925,2012.REP.NOM.CANTOR,Eric Cantor to be Republican Presidential Nominee in 2012,20,0.3,Jan/03/2011 15:08:48
658925,2012.REP.NOM.CANTOR,Eric Cantor to be Republican Presidential Nominee in 2012,10,0.3,Jan/03/2011 15:23:29
658925,2012.REP.NOM.CANTOR,Eric Cantor to be Republican Presidential Nominee in 2012,1,0.3,Jan/03/2011 18:16:15
658925,2012.REP.NOM.CANTOR,Eric Cantor to be Republican Presidential Nominee in 2012,10,0.3,Jan/03/2011 18:20:53
658925,2012.REP.NOM.CANTOR,Eric Cantor to be Republican Presidential Nominee in 2012,10,0.3,Jan/04/2011 03:28:40
658925,2012.REP.NOM.CANTOR,Eric Cantor to be Republican Presidential Nominee in 2012,52,0.3,Jan/04/2011 17:57:17
658925,2012.REP.NOM.CANTOR,Eric Cantor to be Republican Presidential Nominee in 2012,10,0.3,Jan/04/2011 22:32:56
658925,2012.REP.NOM.CANTOR,Eric Cantor to be Republican Presidential Nominee in 2012,10,0.3,Jan/05/2011 04:06:54
658925,2012.REP.NOM.CANTOR,Eric Cantor to be Republican Presidential Nominee in 2012,20,0.3,Jan/05/2011 06:02:38
658925,2012.REP.NOM.CANTOR,Eric Cantor to be Republican Presidential Nominee in 2012,10,0.3,Jan/05/2011 22:27:33
658925,2012.REP.NOM.CANTOR,Eric Cantor to be Republican Presidential Nominee in 2012,1,0.3,Jan/06/2011 19:31:39
658925,2012.REP.NOM.CANTOR,Eric Cantor to be Republican Presidential Nominee in 2012,7,0.3,Jan/06/2011 19:31:39
658925,2012.REP.NOM.CANTOR,Eric Cantor to be Republican Presidential Nominee in 2012,2,0.2,Jan/08/2011 01:47:19
658925,2012.REP.NOM.CANTOR,Eric Cantor to be Republican Presidential Nominee in 2012,8,0.2,Jan/08/2011 01:47:19
658925,2012.REP.NOM.CANTOR,Eric Cantor to be Republican Presidential Nominee in 2012,10,0.2,Jan/08/2011 02:38:23
658925,2012.REP.NOM.CANTOR,Eric Cantor to be Republican Presidential Nominee in 2012,7,0.2,Jan/08/2011 14:38:31
658925,2012.REP.NOM.CANTOR,Eric Cantor to be Republican Presidential Nominee in 2012,1,0.1,Jan/08/2011 17:40:18
658925,2012.REP.NOM.CANTOR,Eric Cantor to be Republican Presidential Nominee in 2012,6,0.1,Jan/08/2011 17:40:25
658925,2012.REP.NOM.CANTOR,Eric Cantor to be Republican Presidential Nominee in 2012,13,0.2,Jan/08/2011 17:40:38
658925,2012.REP.NOM.CANTOR,Eric Cantor to be Republican Presidential Nominee in 2012,15,0.3,Jan/08/2011 17:40:38
658925,2012.REP.NOM.CANTOR,Eric Cantor to be Republican Presidential Nominee in 2012,10,0.3,Jan/08/2011 17:40:38
658925,2012.REP.NOM.CANTOR,Eric Cantor to be Republican Presidential Nominee in 2012,10,0.3,Jan/08/2011 17:40:38
658925,2012.REP.NOM.CANTOR,Eric Cantor to be Republican Presidential Nominee in 2012,2,0.3,Jan/08/2011 17:40:38
658925,2012.REP.NOM.CANTOR,Eric Cantor to be Republican Presidential Nominee in 2012,1,0.1,Jan/08/2011 17:47:44
658925,2012.REP.NOM.CANTOR,Eric Cantor to be Republican Presidential Nominee in 2012,2,0.1,Jan/08/2011 17:47:50
658925,2012.REP.NOM.CANTOR,Eric Cantor to be Republican Presidential Nominee in 2012,30,0.1,Jan/08/2011 18:09:54
658925,2012.REP.NOM.CANTOR,Eric Cantor to be Republican Presidential Nominee in 2012,24,0.1,Jan/11/2011 00:03:38
658925,2012.REP.NOM.CANTOR,Eric Cantor to be Republican Presidential Nominee in 2012,76,0.1,Jan/11/2011 00:03:38
658925,2012.REP.NOM.CANTOR,Eric Cantor to be Republican Presidential Nominee in 2012,23,0.1,Jan/12/2011 20:50:35
658925,2012.REP.NOM.CANTOR,Eric Cantor to be Republican Presidential Nominee in 2012,27,0.1,Jan/12/2011 20:50:35
658925,2012.REP.NOM.CANTOR,Eric Cantor to be Republican Presidential Nominee in 2012,7,0.1,Jan/19/2011 05:33:15
658925,2012.REP.NOM.CANTOR,Eric Cantor to be Republican Presidential Nominee in 2012,170,0.1,Jan/19/2011 05:33:15
658925,2012.REP.NOM.CANTOR,Eric Cantor to be Republican Presidential Nominee in 2012,5,0.1,Jan/19/2011 05:33:15
658925,2012.REP.NOM.CANTOR,Eric Cantor to be Republican Presidential Nominee in 2012,1,0.1,Jan/19/2011 13:52:57
658925,2012.REP.NOM.CANTOR,Eric Cantor to be Republican Presidential Nominee in 2012,1,0.1,Jan/19/2011 13:53:03
658925,2012.REP.NOM.CANTOR,Eric Cantor to be Republican Presidential Nominee in 2012,2,0.1,Jan/19/2011 13:53:34
658925,2012.REP.NOM.CANTOR,Eric Cantor to be Republican Presidential Nominee in 2012,14,0.1,Jan/19/2011 15:25:39
658925,2012.REP.NOM.CANTOR,Eric Cantor to be Republican Presidential Nominee in 2012,30,0.1,Jan/20/2011 21:15:26
658925,2012.REP.NOM.CANTOR,Eric Cantor to be Republican Presidential Nominee in 2012,6,0.1,Jan/22/2011 15:50:40
658925,2012.REP.NOM.CANTOR,Eric Cantor to be Republican Presidential Nominee in 2012,197,0.1,Jan/22/2011 15:50:40
658925,2012.REP.NOM.CANTOR,Eric Cantor to be Republican Presidential Nominee in 2012,3,0.1,Jan/24/2011 06:19:58
658925,2012.REP.NOM.CANTOR,Eric Cantor to be Republican Presidential Nominee in 2012,1,0.1,Jan/25/2011 11:31:16
658925,2012.REP.NOM.CANTOR,Eric Cantor to be Republican Presidential Nominee in 2012,2,0.1,Jan/25/2011 11:31:22
658925,2012.REP.NOM.CANTOR,Eric Cantor to be Republican Presidential Nominee in 2012,2,0.1,Jan/25/2011 11:31:28
658925,2012.REP.NOM.CANTOR,Eric Cantor to be Republican Presidential Nominee in 2012,2,0.1,Jan/25/2011 11:31:34
658925,2012.REP.NOM.CANTOR,Eric Cantor to be Republican Presidential Nominee in 2012,90,0.1,Jan/25/2011 11:40:48
658925,2012.REP.NOM.CANTOR,Eric Cantor to be Republican Presidential Nominee in 2012,1110,0.1,Jan/25/2011 11:40:48
658925,2012.REP.NOM.CANTOR,Eric Cantor to be Republican Presidential Nominee in 2012,5,0.1,Jan/26/2011 22:02:03
658925,2012.REP.NOM.CANTOR,Eric Cantor to be Republican Presidential Nominee in 2012,2,0.1,Jan/31/2011 21:33:20
658925,2012.REP.NOM.CANTOR,Eric Cantor to be Republican Presidential Nominee in 2012,10,0.2,Feb/01/2011 14:02:56
658925,2012.REP.NOM.CANTOR,Eric Cantor to be Republican Presidential Nominee in 2012,10,0.2,Feb/01/2011 14:02:56
658925,2012.REP.NOM.CANTOR,Eric Cantor to be Republican Presidential Nominee in 2012,10,0.2,Feb/01/2011 14:02:56
658925,2012.REP.NOM.CANTOR,Eric Cantor to be Republican Presidential Nominee in 2012,10,0.2,Feb/01/2011 14:02:56
658925,2012.REP.NOM.CANTOR,Eric Cantor to be Republican Presidential Nominee in 2012,10,0.2,Feb/01/2011 14:02:56
658925,2012.REP.NOM.CANTOR,Eric Cantor to be Republican Presidential Nominee in 2012,10,0.2,Feb/01/2011 14:02:56
658925,2012.REP.NOM.CANTOR,Eric Cantor to be Republican Presidential Nominee in 2012,10,0.2,Feb/01/2011 14:02:56
658925,2012.REP.NOM.CANTOR,Eric Cantor to be Republican Presidential Nominee in 2012,20,0.2,Feb/01/2011 14:02:56
658925,2012.REP.NOM.CANTOR,Eric Cantor to be Republican Presidential Nominee in 2012,25,0.2,Feb/01/2011 14:02:56
658925,2012.REP.NOM.CANTOR,Eric Cantor to be Republican Presidential Nominee in 2012,10,0.2,Feb/01/2011 14:02:56
658925,2012.REP.NOM.CANTOR,Eric Cantor to be Republican Presidential Nominee in 2012,70,0.2,Feb/01/2011 14:02:56
658925,2012.REP.NOM.CANTOR,Eric Cantor to be Republican Presidential Nominee in 2012,10,0.2,Feb/01/2011 14:02:56
658925,2012.REP.NOM.CANTOR,Eric Cantor to be Republican Presidential Nominee in 2012,10,0.2,Feb/01/2011 14:02:56
658925,2012.REP.NOM.CANTOR,Eric Cantor to be Republican Presidential Nominee in 2012,10,0.2,Feb/01/2011 14:02:56
658925,2012.REP.NOM.CANTOR,Eric Cantor to be Republican Presidential Nominee in 2012,10,0.2,Feb/01/2011 14:02:56
658925,2012.REP.NOM.CANTOR,Eric Cantor to be Republican Presidential Nominee in 2012,10,0.2,Feb/01/2011 14:02:56
658925,2012.REP.NOM.CANTOR,Eric Cantor to be Republican Presidential Nominee in 2012,10,0.2,Feb/01/2011 14:02:56
658925,2012.REP.NOM.CANTOR,Eric Cantor to be Republican Presidential Nominee in 2012,10,0.2,Feb/01/2011 14:02:56
658925,2012.REP.NOM.CANTOR,Eric Cantor to be Republican Presidential Nominee in 2012,10,0.2,Feb/01/2011 14:02:56
658925,2012.REP.NOM.CANTOR,Eric Cantor to be Republican Presidential Nominee in 2012,8,0.2,Feb/01/2011 14:02:56
658925,2012.REP.NOM.CANTOR,Eric Cantor to be Republican Presidential Nominee in 2012,10,0.2,Feb/01/2011 14:02:56
658925,2012.REP.NOM.CANTOR,Eric Cantor to be Republican Presidential Nominee in 2012,20,0.2,Feb/03/2011 08:07:27
658925,2012.REP.NOM.CANTOR,Eric Cantor to be Republican Presidential Nominee in 2012,10,0.2,Feb/03/2011 08:07:27
658925,2012.REP.NOM.CANTOR,Eric Cantor to be Republican Presidential Nominee in 2012,20,0.2,Feb/03/2011 08:07:27
658925,2012.REP.NOM.CANTOR,Eric Cantor to be Republican Presidential Nominee in 2012,20,0.2,Feb/03/2011 08:07:27
658925,2012.REP.NOM.CANTOR,Eric Cantor to be Republican Presidential Nominee in 2012,20,0.2,Feb/03/2011 08:07:27
658925,2012.REP.NOM.CANTOR,Eric Cantor to be Republican Presidential Nominee in 2012,20,0.2,Feb/03/2011 08:07:27
658925,2012.REP.NOM.CANTOR,Eric Cantor to be Republican Presidential Nominee in 2012,20,0.2,Feb/03/2011 08:07:27
658925,2012.REP.NOM.CANTOR,Eric Cantor to be Republican Presidential Nominee in 2012,20,0.2,Feb/03/2011 08:07:27
658925,2012.REP.NOM.CANTOR,Eric Cantor to be Republican Presidential Nominee in 2012,20,0.2,Feb/03/2011 08:07:27
658925,2012.REP.NOM.CANTOR,Eric Cantor to be Republican Presidential Nominee in 2012,1,0.1,Feb/03/2011 22:20:30
658925,2012.REP.NOM.CANTOR,Eric Cantor to be Republican Presidential Nominee in 2012,1,0.1,Feb/04/2011 22:04:10
658925,2012.REP.NOM.CANTOR,Eric Cantor to be Republican Presidential Nominee in 2012,2,0.1,Feb/07/2011 21:45:40
658925,2012.REP.NOM.CANTOR,Eric Cantor to be Republican Presidential Nominee in 2012,1,0.1,Feb/07/2011 21:45:46
658925,2012.REP.NOM.CANTOR,Eric Cantor to be Republican Presidential Nominee in 2012,1,0.1,Feb/07/2011 21:45:52
658925,2012.REP.NOM.CANTOR,Eric Cantor to be Republican Presidential Nominee in 2012,1,0.1,Feb/07/2011 21:50:56
658925,2012.REP.NOM.CANTOR,Eric Cantor to be Republican Presidential Nominee in 2012,1,0.1,Feb/07/2011 21:51:02
658925,2012.REP.NOM.CANTOR,Eric Cantor to be Republican Presidential Nominee in 2012,1,0.1,Feb/09/2011 13:50:55
658925,2012.REP.NOM.CANTOR,Eric Cantor to be Republican Presidential Nominee in 2012,20,0.1,Feb/15/2011 00:08:26
658925,2012.REP.NOM.CANTOR,Eric Cantor to be Republican Presidential Nominee in 2012,50,0.2,Feb/15/2011 02:34:26
658925,2012.REP.NOM.CANTOR,Eric Cantor to be Republican Presidential Nominee in 2012,5,0.1,Feb/15/2011 13:01:40
658925,2012.REP.NOM.CANTOR,Eric Cantor to be Republican Presidential Nominee in 2012,1,0.1,Feb/17/2011 06:18:54
658925,2012.REP.NOM.CANTOR,Eric Cantor to be Republican Presidential Nominee in 2012,1,0.1,Feb/17/2011 14:52:31
658925,2012.REP.NOM.CANTOR,Eric Cantor to be Republican Presidential Nominee in 2012,1,0.1,Feb/17/2011 14:53:47
658925,2012.REP.NOM.CANTOR,Eric Cantor to be Republican Presidential Nominee in 2012,3,0.1,Feb/17/2011 14:53:57
658925,2012.REP.NOM.CANTOR,Eric Cantor to be Republican Presidential Nominee in 2012,4,0.1,Feb/17/2011 14:54:22
658925,2012.REP.NOM.CANTOR,Eric Cantor to be Republican Presidential Nominee in 2012,5,0.1,Feb/20/2011 07:32:09
658925,2012.REP.NOM.CANTOR,Eric Cantor to be Republican Presidential Nominee in 2012,5,0.2,Feb/20/2011 19:19:42
658925,2012.REP.NOM.CANTOR,Eric Cantor to be Republican Presidential Nominee in 2012,20,0.2,Feb/20/2011 19:19:42
658925,2012.REP.NOM.CANTOR,Eric Cantor to be Republican Presidential Nominee in 2012,55,0.2,Feb/20/2011 19:19:42
658925,2012.REP.NOM.CANTOR,Eric Cantor to be Republican Presidential Nominee in 2012,20,0.2,Feb/20/2011 19:19:42
658925,2012.REP.NOM.CANTOR,Eric Cantor to be Republican Presidential Nominee in 2012,5,0.2,Feb/22/2011 04:37:03
658925,2012.REP.NOM.CANTOR,Eric Cantor to be Republican Presidential Nominee in 2012,8,0.2,Feb/22/2011 04:41:39
658925,2012.REP.NOM.CANTOR,Eric Cantor to be Republican Presidential Nominee in 2012,20,0.2,Feb/22/2011 04:44:12
658925,2012.REP.NOM.CANTOR,Eric Cantor to be Republican Presidential Nominee in 2012,16,0.2,Feb/22/2011 04:44:12
658925,2012.REP.NOM.CANTOR,Eric Cantor to be Republican Presidential Nominee in 2012,20,0.2,Feb/22/2011 04:44:12
658925,2012.REP.NOM.CANTOR,Eric Cantor to be Republican Presidential Nominee in 2012,20,0.2,Feb/22/2011 04:44:12
658925,2012.REP.NOM.CANTOR,Eric Cantor to be Republican Presidential Nominee in 2012,2,0.2,Feb/22/2011 04:44:12
658925,2012.REP.NOM.CANTOR,Eric Cantor to be Republican Presidential Nominee in 2012,1,0.1,Feb/22/2011 16:22:44
658925,2012.REP.NOM.CANTOR,Eric Cantor to be Republican Presidential Nominee in 2012,1,0.1,Feb/22/2011 16:22:49
658925,2012.REP.NOM.CANTOR,Eric Cantor to be Republican Presidential Nominee in 2012,1,0.1,Feb/26/2011 21:32:47
658925,2012.REP.NOM.CANTOR,Eric Cantor to be Republican Presidential Nominee in 2012,300,0.1,Feb/28/2011 17:18:35
658925,2012.REP.NOM.CANTOR,Eric Cantor to be Republican Presidential Nominee in 2012,20,0.2,Feb/28/2011 18:42:07
658925,2012.REP.NOM.CANTOR,Eric Cantor to be Republican Presidential Nominee in 2012,16,0.2,Feb/28/2011 18:42:07
658925,2012.REP.NOM.CANTOR,Eric Cantor to be Republican Presidential Nominee in 2012,40,0.2,Feb/28/2011 18:42:07
658925,2012.REP.NOM.CANTOR,Eric Cantor to be Republican Presidential Nominee in 2012,20,0.2,Feb/28/2011 18:42:07
658925,2012.REP.NOM.CANTOR,Eric Cantor to be Republican Presidential Nominee in 2012,4,0.2,Feb/28/2011 18:42:07
658925,2012.REP.NOM.CANTOR,Eric Cantor to be Republican Presidential Nominee in 2012,4,0.2,Mar/03/2011 02:27:07
658925,2012.REP.NOM.CANTOR,Eric Cantor to be Republican Presidential Nominee in 2012,10,0.2,Mar/03/2011 02:27:07
658925,2012.REP.NOM.CANTOR,Eric Cantor to be Republican Presidential Nominee in 2012,6,0.2,Mar/03/2011 02:27:07
658925,2012.REP.NOM.CANTOR,Eric Cantor to be Republican Presidential Nominee in 2012,3,0.2,Mar/05/2011 17:51:43
658925,2012.REP.NOM.CANTOR,Eric Cantor to be Republican Presidential Nominee in 2012,1,0.1,Mar/08/2011 12:39:56
658925,2012.REP.NOM.CANTOR,Eric Cantor to be Republican Presidential Nominee in 2012,1,0.1,Mar/08/2011 12:41:45
658925,2012.REP.NOM.CANTOR,Eric Cantor to be Republican Presidential Nominee in 2012,1,0.1,Mar/08/2011 12:41:51
658925,2012.REP.NOM.CANTOR,Eric Cantor to be Republican Presidential Nominee in 2012,1,0.1,Mar/08/2011 12:43:32
658925,2012.REP.NOM.CANTOR,Eric Cantor to be Republican Presidential Nominee in 2012,1,0.1,Mar/14/2011 15:19:41
658925,2012.REP.NOM.CANTOR,Eric Cantor to be Republican Presidential Nominee in 2012,1,0.1,Mar/14/2011 15:19:46
658925,2012.REP.NOM.CANTOR,Eric Cantor to be Republican Presidential Nominee in 2012,2,0.1,Mar/14/2011 15:21:02
658925,2012.REP.NOM.CANTOR,Eric Cantor to be Republican Presidential Nominee in 2012,20,0.1,Mar/28/2011 03:26:16
658925,2012.REP.NOM.CANTOR,Eric Cantor to be Republican Presidential Nominee in 2012,35,0.1,Mar/28/2011 14:37:42
658925,2012.REP.NOM.CANTOR,Eric Cantor to be Republican Presidential Nominee in 2012,20,0.1,Mar/28/2011 16:25:42
658925,2012.REP.NOM.CANTOR,Eric Cantor to be Republican Presidential Nominee in 2012,30,0.1,Mar/29/2011 00:04:37
658925,2012.REP.NOM.CANTOR,Eric Cantor to be Republican Presidential Nominee in 2012,20,0.1,Mar/29/2011 02:12:51
658925,2012.REP.NOM.CANTOR,Eric Cantor to be Republican Presidential Nominee in 2012,10,0.1,Mar/29/2011 02:19:11
658925,2012.REP.NOM.CANTOR,Eric Cantor to be Republican Presidential Nominee in 2012,30,0.1,Mar/29/2011 03:12:19
658925,2012.REP.NOM.CANTOR,Eric Cantor to be Republican Presidential Nominee in 2012,30,0.1,Mar/29/2011 14:19:41
658925,2012.REP.NOM.CANTOR,Eric Cantor to be Republican Presidential Nominee in 2012,30,0.1,Mar/29/2011 14:46:56
658925,2012.REP.NOM.CANTOR,Eric Cantor to be Republican Presidential Nominee in 2012,30,0.1,Mar/29/2011 18:24:16
658925,2012.REP.NOM.CANTOR,Eric Cantor to be Republican Presidential Nominee in 2012,20,0.1,Mar/30/2011 02:23:23
658925,2012.REP.NOM.CANTOR,Eric Cantor to be Republican Presidential Nominee in 2012,40,0.1,Mar/30/2011 15:32:03
658925,2012.REP.NOM.CANTOR,Eric Cantor to be Republican Presidential Nominee in 2012,60,0.1,Mar/31/2011 02:17:22
658925,2012.REP.NOM.CANTOR,Eric Cantor to be Republican Presidential Nominee in 2012,20,0.1,Mar/31/2011 14:59:21
658925,2012.REP.NOM.CANTOR,Eric Cantor to be Republican Presidential Nominee in 2012,40,0.1,Apr/01/2011 02:28:24
658925,2012.REP.NOM.CANTOR,Eric Cantor to be Republican Presidential Nominee in 2012,40,0.1,Apr/02/2011 16:32:51
658925,2012.REP.NOM.CANTOR,Eric Cantor to be Republican Presidential Nominee in 2012,40,0.1,Apr/02/2011 16:35:54
658925,2012.REP.NOM.CANTOR,Eric Cantor to be Republican Presidential Nominee in 2012,500,0.1,Apr/02/2011 17:02:05
658925,2012.REP.NOM.CANTOR,Eric Cantor to be Republican Presidential Nominee in 2012,40,0.1,Apr/02/2011 20:04:01
658925,2012.REP.NOM.CANTOR,Eric Cantor to be Republican Presidential Nominee in 2012,61,0.1,Apr/03/2011 16:33:12
658925,2012.REP.NOM.CANTOR,Eric Cantor to be Republican Presidential Nominee in 2012,70,0.1,Apr/04/2011 18:19:42
658925,2012.REP.NOM.CANTOR,Eric Cantor to be Republican Presidential Nominee in 2012,40,0.1,Apr/05/2011 02:54:32
658925,2012.REP.NOM.CANTOR,Eric Cantor to be Republican Presidential Nominee in 2012,40,0.1,Apr/05/2011 14:27:54
658925,2012.REP.NOM.CANTOR,Eric Cantor to be Republican Presidential Nominee in 2012,20,0.1,Apr/05/2011 22:20:43
658925,2012.REP.NOM.CANTOR,Eric Cantor to be Republican Presidential Nominee in 2012,1000,0.1,Apr/05/2011 23:11:10
658925,2012.REP.NOM.CANTOR,Eric Cantor to be Republican Presidential Nominee in 2012,1,0.1,Apr/06/2011 23:21:13
658925,2012.REP.NOM.CANTOR,Eric Cantor to be Republican Presidential Nominee in 2012,2,0.1,Apr/06/2011 23:21:19
658925,2012.REP.NOM.CANTOR,Eric Cantor to be Republican Presidential Nominee in 2012,2,0.1,Apr/06/2011 23:22:22
658925,2012.REP.NOM.CANTOR,Eric Cantor to be Republican Presidential Nominee in 2012,140,0.1,Apr/08/2011 02:27:14
658925,2012.REP.NOM.CANTOR,Eric Cantor to be Republican Presidential Nominee in 2012,80,0.1,Apr/09/2011 02:28:41
658925,2012.REP.NOM.CANTOR,Eric Cantor to be Republican Presidential Nominee in 2012,20,0.1,Apr/10/2011 20:07:58
658925,2012.REP.NOM.CANTOR,Eric Cantor to be Republican Presidential Nominee in 2012,40,0.1,Apr/12/2011 02:10:31
658925,2012.REP.NOM.CANTOR,Eric Cantor to be Republican Presidential Nominee in 2012,60,0.1,Apr/13/2011 14:24:45
658925,2012.REP.NOM.CANTOR,Eric Cantor to be Republican Presidential Nominee in 2012,40,0.1,Apr/14/2011 14:22:05
658925,2012.REP.NOM.CANTOR,Eric Cantor to be Republican Presidential Nominee in 2012,500,0.1,Apr/15/2011 17:52:57
658925,2012.REP.NOM.CANTOR,Eric Cantor to be Republican Presidential Nominee in 2012,80,0.1,Apr/15/2011 21:29:44
658925,2012.REP.NOM.CANTOR,Eric Cantor to be Republican Presidential Nominee in 2012,80,0.1,Apr/18/2011 03:44:45
658925,2012.REP.NOM.CANTOR,Eric Cantor to be Republican Presidential Nominee in 2012,40,0.1,Apr/20/2011 02:18:22
658925,2012.REP.NOM.CANTOR,Eric Cantor to be Republican Presidential Nominee in 2012,20,0.2,Apr/22/2011 21:15:24
658925,2012.REP.NOM.CANTOR,Eric Cantor to be Republican Presidential Nominee in 2012,40,0.1,Apr/23/2011 19:25:22
658925,2012.REP.NOM.CANTOR,Eric Cantor to be Republican Presidential Nominee in 2012,40,0.1,Apr/26/2011 16:23:06
658925,2012.REP.NOM.CANTOR,Eric Cantor to be Republican Presidential Nominee in 2012,40,0.1,Apr/27/2011 01:21:13
658925,2012.REP.NOM.CANTOR,Eric Cantor to be Republican Presidential Nominee in 2012,20,0.1,Apr/29/2011 15:21:18
658925,2012.REP.NOM.CANTOR,Eric Cantor to be Republican Presidential Nominee in 2012,20,0.1,Apr/30/2011 15:34:38
658925,2012.REP.NOM.CANTOR,Eric Cantor to be Republican Presidential Nominee in 2012,20,0.1,May/01/2011 21:49:59
658925,2012.REP.NOM.CANTOR,Eric Cantor to be Republican Presidential Nominee in 2012,20,0.1,May/04/2011 02:37:41
658925,2012.REP.NOM.CANTOR,Eric Cantor to be Republican Presidential Nominee in 2012,1,0.1,May/04/2011 17:31:37
658925,2012.REP.NOM.CANTOR,Eric Cantor to be Republican Presidential Nominee in 2012,1,0.1,May/04/2011 17:31:57
658925,2012.REP.NOM.CANTOR,Eric Cantor to be Republican Presidential Nominee in 2012,1,0.1,May/04/2011 17:33:42
658925,2012.REP.NOM.CANTOR,Eric Cantor to be Republican Presidential Nominee in 2012,1,0.1,May/04/2011 17:33:57
658925,2012.REP.NOM.CANTOR,Eric Cantor to be Republican Presidential Nominee in 2012,1,0.1,May/04/2011 17:34:12
658925,2012.REP.NOM.CANTOR,Eric Cantor to be Republican Presidential Nominee in 2012,60,0.1,May/04/2011 17:45:24
658925,2012.REP.NOM.CANTOR,Eric Cantor to be Republican Presidential Nominee in 2012,500,0.1,May/04/2011 19:18:16
658925,2012.REP.NOM.CANTOR,Eric Cantor to be Republican Presidential Nominee in 2012,1,0.2,May/04/2011 22:48:26
658925,2012.REP.NOM.CANTOR,Eric Cantor to be Republican Presidential Nominee in 2012,9,0.2,May/04/2011 22:48:26
658925,2012.REP.NOM.CANTOR,Eric Cantor to be Republican Presidential Nominee in 2012,20,0.1,May/05/2011 02:26:52
658925,2012.REP.NOM.CANTOR,Eric Cantor to be Republican Presidential Nominee in 2012,10,0.2,May/07/2011 05:35:55
658925,2012.REP.NOM.CANTOR,Eric Cantor to be Republican Presidential Nominee in 2012,20,0.1,May/07/2011 19:32:51
658925,2012.REP.NOM.CANTOR,Eric Cantor to be Republican Presidential Nominee in 2012,20,0.1,May/08/2011 01:49:40
658925,2012.REP.NOM.CANTOR,Eric Cantor to be Republican Presidential Nominee in 2012,10,0.1,May/08/2011 17:54:34
658925,2012.REP.NOM.CANTOR,Eric Cantor to be Republican Presidential Nominee in 2012,1,0.1,May/09/2011 22:04:37
658925,2012.REP.NOM.CANTOR,Eric Cantor to be Republican Presidential Nominee in 2012,1,0.1,May/09/2011 22:05:32
658925,2012.REP.NOM.CANTOR,Eric Cantor to be Republican Presidential Nominee in 2012,30,0.1,May/09/2011 22:10:28
658925,2012.REP.NOM.CANTOR,Eric Cantor to be Republican Presidential Nominee in 2012,1,0.1,May/10/2011 04:00:37
658925,2012.REP.NOM.CANTOR,Eric Cantor to be Republican Presidential Nominee in 2012,1,0.1,May/10/2011 04:00:42
658925,2012.REP.NOM.CANTOR,Eric Cantor to be Republican Presidential Nominee in 2012,1,0.1,May/10/2011 04:00:47
658925,2012.REP.NOM.CANTOR,Eric Cantor to be Republican Presidential Nominee in 2012,1,0.1,May/10/2011 04:00:53
658925,2012.REP.NOM.CANTOR,Eric Cantor to be Republican Presidential Nominee in 2012,1,0.1,May/10/2011 13:08:02
658925,2012.REP.NOM.CANTOR,Eric Cantor to be Republican Presidential Nominee in 2012,1,0.1,May/10/2011 13:08:08
658925,2012.REP.NOM.CANTOR,Eric Cantor to be Republican Presidential Nominee in 2012,1,0.1,May/10/2011 13:08:14
658925,2012.REP.NOM.CANTOR,Eric Cantor to be Republican Presidential Nominee in 2012,1,0.1,May/10/2011 13:08:25
658925,2012.REP.NOM.CANTOR,Eric Cantor to be Republican Presidential Nominee in 2012,1,0.1,May/10/2011 14:02:20
658925,2012.REP.NOM.CANTOR,Eric Cantor to be Republican Presidential Nominee in 2012,1,0.1,May/10/2011 14:03:51
658925,2012.REP.NOM.CANTOR,Eric Cantor to be Republican Presidential Nominee in 2012,2,0.1,May/10/2011 14:04:01
658925,2012.REP.NOM.CANTOR,Eric Cantor to be Republican Presidential Nominee in 2012,1,0.1,May/10/2011 14:04:16
658925,2012.REP.NOM.CANTOR,Eric Cantor to be Republican Presidential Nominee in 2012,1,0.1,May/10/2011 14:04:21
658925,2012.REP.NOM.CANTOR,Eric Cantor to be Republican Presidential Nominee in 2012,4,0.1,May/10/2011 14:04:26
658925,2012.REP.NOM.CANTOR,Eric Cantor to be Republican Presidential Nominee in 2012,5,0.1,May/10/2011 14:11:45
658925,2012.REP.NOM.CANTOR,Eric Cantor to be Republican Presidential Nominee in 2012,60,0.1,May/10/2011 23:16:20
658925,2012.REP.NOM.CANTOR,Eric Cantor to be Republican Presidential Nominee in 2012,60,0.1,May/12/2011 00:53:47
658925,2012.REP.NOM.CANTOR,Eric Cantor to be Republican Presidential Nominee in 2012,40,0.1,May/13/2011 14:47:06
658925,2012.REP.NOM.CANTOR,Eric Cantor to be Republican Presidential Nominee in 2012,50,0.2,May/13/2011 16:02:15
658925,2012.REP.NOM.CANTOR,Eric Cantor to be Republican Presidential Nominee in 2012,70,0.1,May/13/2011 21:39:58
658925,2012.REP.NOM.CANTOR,Eric Cantor to be Republican Presidential Nominee in 2012,70,0.1,May/14/2011 21:22:03
658925,2012.REP.NOM.CANTOR,Eric Cantor to be Republican Presidential Nominee in 2012,30,0.1,May/15/2011 03:31:22
658925,2012.REP.NOM.CANTOR,Eric Cantor to be Republican Presidential Nominee in 2012,10,0.1,May/15/2011 21:00:28
658925,2012.REP.NOM.CANTOR,Eric Cantor to be Republican Presidential Nominee in 2012,80,0.1,May/15/2011 22:43:45
658925,2012.REP.NOM.CANTOR,Eric Cantor to be Republican Presidential Nominee in 2012,30,0.1,May/16/2011 14:39:21
658925,2012.REP.NOM.CANTOR,Eric Cantor to be Republican Presidential Nominee in 2012,60,0.1,May/16/2011 17:31:52
658925,2012.REP.NOM.CANTOR,Eric Cantor to be Republican Presidential Nominee in 2012,10,0.1,May/17/2011 02:09:34
658925,2012.REP.NOM.CANTOR,Eric Cantor to be Republican Presidential Nominee in 2012,20,0.1,May/17/2011 15:31:24
658925,2012.REP.NOM.CANTOR,Eric Cantor to be Republican Presidential Nominee in 2012,80,0.1,May/18/2011 02:14:53
658925,2012.REP.NOM.CANTOR,Eric Cantor to be Republican Presidential Nominee in 2012,1,0.1,May/18/2011 13:53:36
658925,2012.REP.NOM.CANTOR,Eric Cantor to be Republican Presidential Nominee in 2012,5,0.1,May/18/2011 13:53:41
658925,2012.REP.NOM.CANTOR,Eric Cantor to be Republican Presidential Nominee in 2012,1,0.1,May/18/2011 13:55:27
658925,2012.REP.NOM.CANTOR,Eric Cantor to be Republican Presidential Nominee in 2012,90,0.1,May/18/2011 23:24:29
658925,2012.REP.NOM.CANTOR,Eric Cantor to be Republican Presidential Nominee in 2012,60,0.1,May/19/2011 22:00:19
658925,2012.REP.NOM.CANTOR,Eric Cantor to be Republican Presidential Nominee in 2012,90,0.1,May/20/2011 16:21:44
658925,2012.REP.NOM.CANTOR,Eric Cantor to be Republican Presidential Nominee in 2012,90,0.1,May/21/2011 04:08:45
658925,2012.REP.NOM.CANTOR,Eric Cantor to be Republican Presidential Nominee in 2012,80,0.1,May/21/2011 17:42:58
658925,2012.REP.NOM.CANTOR,Eric Cantor to be Republican Presidential Nominee in 2012,1,0.1,May/22/2011 03:40:29
658925,2012.REP.NOM.CANTOR,Eric Cantor to be Republican Presidential Nominee in 2012,1,0.1,May/22/2011 04:10:54
658925,2012.REP.NOM.CANTOR,Eric Cantor to be Republican Presidential Nominee in 2012,1,0.1,May/22/2011 15:19:16
658925,2012.REP.NOM.CANTOR,Eric Cantor to be Republican Presidential Nominee in 2012,1,0.1,May/22/2011 15:19:27
658925,2012.REP.NOM.CANTOR,Eric Cantor to be Republican Presidential Nominee in 2012,3,0.1,May/22/2011 15:19:32
658925,2012.REP.NOM.CANTOR,Eric Cantor to be Republican Presidential Nominee in 2012,100,0.1,May/22/2011 16:35:26
658925,2012.REP.NOM.CANTOR,Eric Cantor to be Republican Presidential Nominee in 2012,160,0.1,May/22/2011 19:48:09
658925,2012.REP.NOM.CANTOR,Eric Cantor to be Republican Presidential Nominee in 2012,10,0.1,May/23/2011 00:00:11
658925,2012.REP.NOM.CANTOR,Eric Cantor to be Republican Presidential Nominee in 2012,120,0.1,May/23/2011 01:43:45
658925,2012.REP.NOM.CANTOR,Eric Cantor to be Republican Presidential Nominee in 2012,1,0.1,May/23/2011 09:40:03
658925,2012.REP.NOM.CANTOR,Eric Cantor to be Republican Presidential Nominee in 2012,1,0.1,May/23/2011 13:01:49
658925,2012.REP.NOM.CANTOR,Eric Cantor to be Republican Presidential Nominee in 2012,1,0.1,May/23/2011 13:13:20
658925,2012.REP.NOM.CANTOR,Eric Cantor to be Republican Presidential Nominee in 2012,3,0.1,May/23/2011 13:13:49
658925,2012.REP.NOM.CANTOR,Eric Cantor to be Republican Presidential Nominee in 2012,90,0.1,May/23/2011 14:31:07
658925,2012.REP.NOM.CANTOR,Eric Cantor to be Republican Presidential Nominee in 2012,100,0.1,May/23/2011 23:13:50
658925,2012.REP.NOM.CANTOR,Eric Cantor to be Republican Presidential Nominee in 2012,100,0.1,May/24/2011 14:20:10
658925,2012.REP.NOM.CANTOR,Eric Cantor to be Republican Presidential Nominee in 2012,1,0.1,May/24/2011 21:05:51
658925,2012.REP.NOM.CANTOR,Eric Cantor to be Republican Presidential Nominee in 2012,1,0.1,May/24/2011 21:05:53
658925,2012.REP.NOM.CANTOR,Eric Cantor to be Republican Presidential Nominee in 2012,1,0.1,May/24/2011 21:05:59
658925,2012.REP.NOM.CANTOR,Eric Cantor to be Republican Presidential Nominee in 2012,1,0.1,May/24/2011 21:06:49
658925,2012.REP.NOM.CANTOR,Eric Cantor to be Republican Presidential Nominee in 2012,1,0.1,May/24/2011 21:07:01
658925,2012.REP.NOM.CANTOR,Eric Cantor to be Republican Presidential Nominee in 2012,1,0.1,May/25/2011 02:09:45
658925,2012.REP.NOM.CANTOR,Eric Cantor to be Republican Presidential Nominee in 2012,3,0.1,May/25/2011 02:09:47
658925,2012.REP.NOM.CANTOR,Eric Cantor to be Republican Presidential Nominee in 2012,1,0.1,May/25/2011 06:36:49
658925,2012.REP.NOM.CANTOR,Eric Cantor to be Republican Presidential Nominee in 2012,2,0.1,May/25/2011 08:20:59
658925,2012.REP.NOM.CANTOR,Eric Cantor to be Republican Presidential Nominee in 2012,5,0.1,May/25/2011 08:21:01
658925,2012.REP.NOM.CANTOR,Eric Cantor to be Republican Presidential Nominee in 2012,1,0.1,May/25/2011 08:29:58
658925,2012.REP.NOM.CANTOR,Eric Cantor to be Republican Presidential Nominee in 2012,100,0.1,May/25/2011 14:25:20
658925,2012.REP.NOM.CANTOR,Eric Cantor to be Republican Presidential Nominee in 2012,10,0.2,May/25/2011 18:57:04
658925,2012.REP.NOM.CANTOR,Eric Cantor to be Republican Presidential Nominee in 2012,1,0.1,May/26/2011 03:44:35
658925,2012.REP.NOM.CANTOR,Eric Cantor to be Republican Presidential Nominee in 2012,4,0.1,May/26/2011 03:44:37
658925,2012.REP.NOM.CANTOR,Eric Cantor to be Republican Presidential Nominee in 2012,2,0.1,May/26/2011 03:44:38
658925,2012.REP.NOM.CANTOR,Eric Cantor to be Republican Presidential Nominee in 2012,1,0.1,May/26/2011 12:26:54
658925,2012.REP.NOM.CANTOR,Eric Cantor to be Republican Presidential Nominee in 2012,2,0.1,May/26/2011 12:28:46
658925,2012.REP.NOM.CANTOR,Eric Cantor to be Republican Presidential Nominee in 2012,3,0.1,May/26/2011 12:29:23
658925,2012.REP.NOM.CANTOR,Eric Cantor to be Republican Presidential Nominee in 2012,2,0.1,May/26/2011 12:29:24
658925,2012.REP.NOM.CANTOR,Eric Cantor to be Republican Presidential Nominee in 2012,4,0.1,May/26/2011 12:32:27
658925,2012.REP.NOM.CANTOR,Eric Cantor to be Republican Presidential Nominee in 2012,1,0.1,May/26/2011 12:33:42
658925,2012.REP.NOM.CANTOR,Eric Cantor to be Republican Presidential Nominee in 2012,1,0.1,May/26/2011 12:33:49
658925,2012.REP.NOM.CANTOR,Eric Cantor to be Republican Presidential Nominee in 2012,4,0.1,May/26/2011 12:34:20
658925,2012.REP.NOM.CANTOR,Eric Cantor to be Republican Presidential Nominee in 2012,1,0.1,May/26/2011 12:34:32
658925,2012.REP.NOM.CANTOR,Eric Cantor to be Republican Presidential Nominee in 2012,2,0.1,May/26/2011 12:34:34
658925,2012.REP.NOM.CANTOR,Eric Cantor to be Republican Presidential Nominee in 2012,1,0.1,May/26/2011 12:34:37
658925,2012.REP.NOM.CANTOR,Eric Cantor to be Republican Presidential Nominee in 2012,2,0.1,May/26/2011 12:34:42
658925,2012.REP.NOM.CANTOR,Eric Cantor to be Republican Presidential Nominee in 2012,6,0.1,May/26/2011 12:34:47
658925,2012.REP.NOM.CANTOR,Eric Cantor to be Republican Presidential Nominee in 2012,4,0.1,May/26/2011 12:34:48
658925,2012.REP.NOM.CANTOR,Eric Cantor to be Republican Presidential Nominee in 2012,2,0.1,May/26/2011 12:35:58
658925,2012.REP.NOM.CANTOR,Eric Cantor to be Republican Presidential Nominee in 2012,1,0.1,May/26/2011 12:40:57
658925,2012.REP.NOM.CANTOR,Eric Cantor to be Republican Presidential Nominee in 2012,3,0.1,May/26/2011 12:41:01
658925,2012.REP.NOM.CANTOR,Eric Cantor to be Republican Presidential Nominee in 2012,3,0.1,May/26/2011 12:41:39
658925,2012.REP.NOM.CANTOR,Eric Cantor to be Republican Presidential Nominee in 2012,2,0.1,May/26/2011 12:42:35
658925,2012.REP.NOM.CANTOR,Eric Cantor to be Republican Presidential Nominee in 2012,8,0.1,May/26/2011 12:42:36
658925,2012.REP.NOM.CANTOR,Eric Cantor to be Republican Presidential Nominee in 2012,1,0.1,May/26/2011 12:43:22
658925,2012.REP.NOM.CANTOR,Eric Cantor to be Republican Presidential Nominee in 2012,1,0.1,May/26/2011 12:45:35
658925,2012.REP.NOM.CANTOR,Eric Cantor to be Republican Presidential Nominee in 2012,9,0.1,May/26/2011 12:45:37
658925,2012.REP.NOM.CANTOR,Eric Cantor to be Republican Presidential Nominee in 2012,1,0.1,May/26/2011 13:09:56
658925,2012.REP.NOM.CANTOR,Eric Cantor to be Republican Presidential Nominee in 2012,4,0.1,May/26/2011 13:14:07
658925,2012.REP.NOM.CANTOR,Eric Cantor to be Republican Presidential Nominee in 2012,1,0.1,May/26/2011 18:21:51
658925,2012.REP.NOM.CANTOR,Eric Cantor to be Republican Presidential Nominee in 2012,1,0.1,May/26/2011 18:21:55
658925,2012.REP.NOM.CANTOR,Eric Cantor to be Republican Presidential Nominee in 2012,1,0.1,May/26/2011 19:09:45
658925,2012.REP.NOM.CANTOR,Eric Cantor to be Republican Presidential Nominee in 2012,5,0.1,May/26/2011 19:14:42
658925,2012.REP.NOM.CANTOR,Eric Cantor to be Republican Presidential Nominee in 2012,1,0.1,May/26/2011 19:16:02
658925,2012.REP.NOM.CANTOR,Eric Cantor to be Republican Presidential Nominee in 2012,2,0.1,May/26/2011 19:17:19
658925,2012.REP.NOM.CANTOR,Eric Cantor to be Republican Presidential Nominee in 2012,1,0.1,May/26/2011 19:26:16
658925,2012.REP.NOM.CANTOR,Eric Cantor to be Republican Presidential Nominee in 2012,1,0.1,May/26/2011 19:26:17
658925,2012.REP.NOM.CANTOR,Eric Cantor to be Republican Presidential Nominee in 2012,2,0.1,May/26/2011 19:27:05
658925,2012.REP.NOM.CANTOR,Eric Cantor to be Republican Presidential Nominee in 2012,3,0.1,May/26/2011 19:27:30
658925,2012.REP.NOM.CANTOR,Eric Cantor to be Republican Presidential Nominee in 2012,1,0.1,May/26/2011 19:27:32
658925,2012.REP.NOM.CANTOR,Eric Cantor to be Republican Presidential Nominee in 2012,5,0.1,May/26/2011 19:27:42
658925,2012.REP.NOM.CANTOR,Eric Cantor to be Republican Presidential Nominee in 2012,1,0.1,May/26/2011 19:29:46
658925,2012.REP.NOM.CANTOR,Eric Cantor to be Republican Presidential Nominee in 2012,1,0.1,May/26/2011 19:29:48
658925,2012.REP.NOM.CANTOR,Eric Cantor to be Republican Presidential Nominee in 2012,1,0.1,May/26/2011 19:31:05
658925,2012.REP.NOM.CANTOR,Eric Cantor to be Republican Presidential Nominee in 2012,1,0.1,May/26/2011 19:32:09
658925,2012.REP.NOM.CANTOR,Eric Cantor to be Republican Presidential Nominee in 2012,100,0.1,May/27/2011 15:42:37
658925,2012.REP.NOM.CANTOR,Eric Cantor to be Republican Presidential Nominee in 2012,97,0.1,May/27/2011 16:22:03
658925,2012.REP.NOM.CANTOR,Eric Cantor to be Republican Presidential Nominee in 2012,29,0.2,May/28/2011 15:14:28
658925,2012.REP.NOM.CANTOR,Eric Cantor to be Republican Presidential Nominee in 2012,21,0.2,May/28/2011 15:14:28
658925,2012.REP.NOM.CANTOR,Eric Cantor to be Republican Presidential Nominee in 2012,1,0.1,May/28/2011 17:30:19
658925,2012.REP.NOM.CANTOR,Eric Cantor to be Republican Presidential Nominee in 2012,1,0.1,May/28/2011 17:54:46
658925,2012.REP.NOM.CANTOR,Eric Cantor to be Republican Presidential Nominee in 2012,1,0.1,May/28/2011 18:20:59
658925,2012.REP.NOM.CANTOR,Eric Cantor to be Republican Presidential Nominee in 2012,1,0.1,May/28/2011 18:21:50
658925,2012.REP.NOM.CANTOR,Eric Cantor to be Republican Presidential Nominee in 2012,1,0.1,May/28/2011 18:22:24
658925,2012.REP.NOM.CANTOR,Eric Cantor to be Republican Presidential Nominee in 2012,1,0.1,May/28/2011 18:26:12
658925,2012.REP.NOM.CANTOR,Eric Cantor to be Republican Presidential Nominee in 2012,5,0.1,May/28/2011 18:26:54
658925,2012.REP.NOM.CANTOR,Eric Cantor to be Republican Presidential Nominee in 2012,3,0.1,May/28/2011 18:27:50
658925,2012.REP.NOM.CANTOR,Eric Cantor to be Republican Presidential Nominee in 2012,1,0.1,May/28/2011 18:31:08
658925,2012.REP.NOM.CANTOR,Eric Cantor to be Republican Presidential Nominee in 2012,1,0.1,May/28/2011 18:38:26
658925,2012.REP.NOM.CANTOR,Eric Cantor to be Republican Presidential Nominee in 2012,1,0.1,May/28/2011 18:43:51
658925,2012.REP.NOM.CANTOR,Eric Cantor to be Republican Presidential Nominee in 2012,1,0.1,May/28/2011 18:44:59
658925,2012.REP.NOM.CANTOR,Eric Cantor to be Republican Presidential Nominee in 2012,1,0.1,May/28/2011 19:50:26
658925,2012.REP.NOM.CANTOR,Eric Cantor to be Republican Presidential Nominee in 2012,10,0.1,May/28/2011 19:55:43
658925,2012.REP.NOM.CANTOR,Eric Cantor to be Republican Presidential Nominee in 2012,30,0.1,May/28/2011 20:54:44
658925,2012.REP.NOM.CANTOR,Eric Cantor to be Republican Presidential Nominee in 2012,1,0.1,May/29/2011 00:27:40
658925,2012.REP.NOM.CANTOR,Eric Cantor to be Republican Presidential Nominee in 2012,2,0.1,May/29/2011 00:33:52
658925,2012.REP.NOM.CANTOR,Eric Cantor to be Republican Presidential Nominee in 2012,10,0.1,May/29/2011 02:06:51
658925,2012.REP.NOM.CANTOR,Eric Cantor to be Republican Presidential Nominee in 2012,1,0.1,May/29/2011 02:17:30
658925,2012.REP.NOM.CANTOR,Eric Cantor to be Republican Presidential Nominee in 2012,1,0.1,May/29/2011 02:17:32
658925,2012.REP.NOM.CANTOR,Eric Cantor to be Republican Presidential Nominee in 2012,2,0.1,May/29/2011 02:18:13
658925,2012.REP.NOM.CANTOR,Eric Cantor to be Republican Presidential Nominee in 2012,6,0.1,May/29/2011 02:18:15
658925,2012.REP.NOM.CANTOR,Eric Cantor to be Republican Presidential Nominee in 2012,3,0.1,May/29/2011 02:18:20
658925,2012.REP.NOM.CANTOR,Eric Cantor to be Republican Presidential Nominee in 2012,1,0.1,May/29/2011 02:18:23
658925,2012.REP.NOM.CANTOR,Eric Cantor to be Republican Presidential Nominee in 2012,3,0.1,May/29/2011 02:18:25
658925,2012.REP.NOM.CANTOR,Eric Cantor to be Republican Presidential Nominee in 2012,4,0.1,May/29/2011 02:18:27
658925,2012.REP.NOM.CANTOR,Eric Cantor to be Republican Presidential Nominee in 2012,6,0.1,May/29/2011 02:18:30
658925,2012.REP.NOM.CANTOR,Eric Cantor to be Republican Presidential Nominee in 2012,1,0.1,May/29/2011 02:18:32
658925,2012.REP.NOM.CANTOR,Eric Cantor to be Republican Presidential Nominee in 2012,1,0.1,May/29/2011 14:56:12
658925,2012.REP.NOM.CANTOR,Eric Cantor to be Republican Presidential Nominee in 2012,30,0.1,May/29/2011 20:09:04
658925,2012.REP.NOM.CANTOR,Eric Cantor to be Republican Presidential Nominee in 2012,40,0.1,May/30/2011 04:17:10
658925,2012.REP.NOM.CANTOR,Eric Cantor to be Republican Presidential Nominee in 2012,3,0.1,May/30/2011 04:49:20
658925,2012.REP.NOM.CANTOR,Eric Cantor to be Republican Presidential Nominee in 2012,10,0.1,May/30/2011 15:29:35
658925,2012.REP.NOM.CANTOR,Eric Cantor to be Republican Presidential Nominee in 2012,1100,0.1,May/30/2011 16:04:29
658925,2012.REP.NOM.CANTOR,Eric Cantor to be Republican Presidential Nominee in 2012,100,0.2,May/30/2011 18:12:59
658925,2012.REP.NOM.CANTOR,Eric Cantor to be Republican Presidential Nominee in 2012,10,0.1,May/30/2011 21:33:43
658925,2012.REP.NOM.CANTOR,Eric Cantor to be Republican Presidential Nominee in 2012,1,0.1,May/30/2011 22:16:08
658925,2012.REP.NOM.CANTOR,Eric Cantor to be Republican Presidential Nominee in 2012,10,0.1,May/31/2011 02:22:22
658925,2012.REP.NOM.CANTOR,Eric Cantor to be Republican Presidential Nominee in 2012,1,0.1,May/31/2011 14:17:17
658925,2012.REP.NOM.CANTOR,Eric Cantor to be Republican Presidential Nominee in 2012,1,0.1,May/31/2011 14:18:26
658925,2012.REP.NOM.CANTOR,Eric Cantor to be Republican Presidential Nominee in 2012,1,0.1,May/31/2011 14:21:43
658925,2012.REP.NOM.CANTOR,Eric Cantor to be Republican Presidential Nominee in 2012,1,0.1,May/31/2011 14:23:28
658925,2012.REP.NOM.CANTOR,Eric Cantor to be Republican Presidential Nominee in 2012,9,0.1,May/31/2011 14:23:31
658925,2012.REP.NOM.CANTOR,Eric Cantor to be Republican Presidential Nominee in 2012,1,0.1,May/31/2011 14:24:27
658925,2012.REP.NOM.CANTOR,Eric Cantor to be Republican Presidential Nominee in 2012,5,0.1,May/31/2011 14:26:02
658925,2012.REP.NOM.CANTOR,Eric Cantor to be Republican Presidential Nominee in 2012,1,0.1,May/31/2011 14:26:04
658925,2012.REP.NOM.CANTOR,Eric Cantor to be Republican Presidential Nominee in 2012,4,0.1,May/31/2011 14:26:57
658925,2012.REP.NOM.CANTOR,Eric Cantor to be Republican Presidential Nominee in 2012,10,0.1,May/31/2011 14:33:35
658925,2012.REP.NOM.CANTOR,Eric Cantor to be Republican Presidential Nominee in 2012,1,0.1,May/31/2011 15:07:21
658925,2012.REP.NOM.CANTOR,Eric Cantor to be Republican Presidential Nominee in 2012,1,0.1,May/31/2011 15:07:49
658925,2012.REP.NOM.CANTOR,Eric Cantor to be Republican Presidential Nominee in 2012,10,0.1,May/31/2011 18:10:23
658925,2012.REP.NOM.CANTOR,Eric Cantor to be Republican Presidential Nominee in 2012,9,0.1,May/31/2011 18:54:26
658925,2012.REP.NOM.CANTOR,Eric Cantor to be Republican Presidential Nominee in 2012,3,0.1,May/31/2011 18:54:33
658925,2012.REP.NOM.CANTOR,Eric Cantor to be Republican Presidential Nominee in 2012,1,0.1,May/31/2011 18:55:29
658925,2012.REP.NOM.CANTOR,Eric Cantor to be Republican Presidential Nominee in 2012,1,0.1,May/31/2011 18:57:40
658925,2012.REP.NOM.CANTOR,Eric Cantor to be Republican Presidential Nominee in 2012,1,0.1,May/31/2011 18:58:48
658925,2012.REP.NOM.CANTOR,Eric Cantor to be Republican Presidential Nominee in 2012,1,0.1,May/31/2011 19:00:58
658925,2012.REP.NOM.CANTOR,Eric Cantor to be Republican Presidential Nominee in 2012,1,0.1,May/31/2011 19:03:41
658925,2012.REP.NOM.CANTOR,Eric Cantor to be Republican Presidential Nominee in 2012,2,0.1,May/31/2011 19:05:12
658925,2012.REP.NOM.CANTOR,Eric Cantor to be Republican Presidential Nominee in 2012,1,0.1,May/31/2011 19:07:36
658925,2012.REP.NOM.CANTOR,Eric Cantor to be Republican Presidential Nominee in 2012,1,0.1,May/31/2011 19:15:19
658925,2012.REP.NOM.CANTOR,Eric Cantor to be Republican Presidential Nominee in 2012,1,0.1,May/31/2011 19:38:23
658925,2012.REP.NOM.CANTOR,Eric Cantor to be Republican Presidential Nominee in 2012,10,0.1,May/31/2011 21:41:36
658925,2012.REP.NOM.CANTOR,Eric Cantor to be Republican Presidential Nominee in 2012,1,0.1,May/31/2011 21:41:38
658925,2012.REP.NOM.CANTOR,Eric Cantor to be Republican Presidential Nominee in 2012,3,0.1,May/31/2011 21:43:51
658925,2012.REP.NOM.CANTOR,Eric Cantor to be Republican Presidential Nominee in 2012,20,0.1,May/31/2011 21:54:02
658925,2012.REP.NOM.CANTOR,Eric Cantor to be Republican Presidential Nominee in 2012,2,0.1,Jun/01/2011 00:10:50
658925,2012.REP.NOM.CANTOR,Eric Cantor to be Republican Presidential Nominee in 2012,3,0.1,Jun/01/2011 00:10:52
658925,2012.REP.NOM.CANTOR,Eric Cantor to be Republican Presidential Nominee in 2012,1,0.1,Jun/01/2011 00:10:56
658925,2012.REP.NOM.CANTOR,Eric Cantor to be Republican Presidential Nominee in 2012,4,0.1,Jun/01/2011 00:10:59
658925,2012.REP.NOM.CANTOR,Eric Cantor to be Republican Presidential Nominee in 2012,2,0.1,Jun/01/2011 00:12:31
658925,2012.REP.NOM.CANTOR,Eric Cantor to be Republican Presidential Nominee in 2012,2,0.1,Jun/01/2011 00:13:01
658925,2012.REP.NOM.CANTOR,Eric Cantor to be Republican Presidential Nominee in 2012,6,0.1,Jun/01/2011 00:13:28
658925,2012.REP.NOM.CANTOR,Eric Cantor to be Republican Presidential Nominee in 2012,10,0.1,Jun/01/2011 00:14:12
658925,2012.REP.NOM.CANTOR,Eric Cantor to be Republican Presidential Nominee in 2012,5,0.1,Jun/01/2011 00:14:55
658925,2012.REP.NOM.CANTOR,Eric Cantor to be Republican Presidential Nominee in 2012,5,0.1,Jun/01/2011 00:14:57
658925,2012.REP.NOM.CANTOR,Eric Cantor to be Republican Presidential Nominee in 2012,5,0.1,Jun/01/2011 00:16:38
658925,2012.REP.NOM.CANTOR,Eric Cantor to be Republican Presidential Nominee in 2012,5,0.1,Jun/01/2011 00:17:03
658925,2012.REP.NOM.CANTOR,Eric Cantor to be Republican Presidential Nominee in 2012,30,0.1,Jun/01/2011 00:27:51
658925,2012.REP.NOM.CANTOR,Eric Cantor to be Republican Presidential Nominee in 2012,1,0.1,Jun/01/2011 14:19:37
658925,2012.REP.NOM.CANTOR,Eric Cantor to be Republican Presidential Nominee in 2012,1,0.1,Jun/01/2011 14:19:59
658925,2012.REP.NOM.CANTOR,Eric Cantor to be Republican Presidential Nominee in 2012,1,0.1,Jun/01/2011 14:33:01
658925,2012.REP.NOM.CANTOR,Eric Cantor to be Republican Presidential Nominee in 2012,10,0.1,Jun/01/2011 15:08:27
658925,2012.REP.NOM.CANTOR,Eric Cantor to be Republican Presidential Nominee in 2012,20,0.1,Jun/01/2011 15:56:10
658925,2012.REP.NOM.CANTOR,Eric Cantor to be Republican Presidential Nominee in 2012,1,0.1,Jun/01/2011 17:05:08
658925,2012.REP.NOM.CANTOR,Eric Cantor to be Republican Presidential Nominee in 2012,1,0.1,Jun/01/2011 17:06:49
658925,2012.REP.NOM.CANTOR,Eric Cantor to be Republican Presidential Nominee in 2012,1,0.1,Jun/01/2011 17:11:08
658925,2012.REP.NOM.CANTOR,Eric Cantor to be Republican Presidential Nominee in 2012,10,0.1,Jun/01/2011 21:40:51
658925,2012.REP.NOM.CANTOR,Eric Cantor to be Republican Presidential Nominee in 2012,10,0.1,Jun/02/2011 01:03:38
658925,2012.REP.NOM.CANTOR,Eric Cantor to be Republican Presidential Nominee in 2012,10,0.1,Jun/02/2011 14:29:35
658925,2012.REP.NOM.CANTOR,Eric Cantor to be Republican Presidential Nominee in 2012,10,0.1,Jun/02/2011 18:38:57
658925,2012.REP.NOM.CANTOR,Eric Cantor to be Republican Presidential Nominee in 2012,1,0.1,Jun/02/2011 18:50:13
658925,2012.REP.NOM.CANTOR,Eric Cantor to be Republican Presidential Nominee in 2012,1,0.1,Jun/02/2011 18:50:15
658925,2012.REP.NOM.CANTOR,Eric Cantor to be Republican Presidential Nominee in 2012,8,0.1,Jun/02/2011 18:50:18
658925,2012.REP.NOM.CANTOR,Eric Cantor to be Republican Presidential Nominee in 2012,2,0.1,Jun/02/2011 18:50:22
658925,2012.REP.NOM.CANTOR,Eric Cantor to be Republican Presidential Nominee in 2012,30,0.1,Jun/02/2011 21:34:34
658925,2012.REP.NOM.CANTOR,Eric Cantor to be Republican Presidential Nominee in 2012,20,0.1,Jun/03/2011 02:12:59
658925,2012.REP.NOM.CANTOR,Eric Cantor to be Republican Presidential Nominee in 2012,10,0.1,Jun/03/2011 02:47:59
658925,2012.REP.NOM.CANTOR,Eric Cantor to be Republican Presidential Nominee in 2012,10,0.1,Jun/03/2011 14:25:29
658925,2012.REP.NOM.CANTOR,Eric Cantor to be Republican Presidential Nominee in 2012,25,0.1,Jun/03/2011 15:47:40
658925,2012.REP.NOM.CANTOR,Eric Cantor to be Republican Presidential Nominee in 2012,77,0.1,Jun/03/2011 16:18:26
658925,2012.REP.NOM.CANTOR,Eric Cantor to be Republican Presidential Nominee in 2012,20,0.1,Jun/03/2011 17:36:57
658925,2012.REP.NOM.CANTOR,Eric Cantor to be Republican Presidential Nominee in 2012,10,0.1,Jun/06/2011 02:46:57
658925,2012.REP.NOM.CANTOR,Eric Cantor to be Republican Presidential Nominee in 2012,10,0.1,Jun/06/2011 14:19:35
658925,2012.REP.NOM.CANTOR,Eric Cantor to be Republican Presidential Nominee in 2012,20,0.1,Jun/06/2011 22:03:58
658925,2012.REP.NOM.CANTOR,Eric Cantor to be Republican Presidential Nominee in 2012,10,0.1,Jun/07/2011 14:21:23
658925,2012.REP.NOM.CANTOR,Eric Cantor to be Republican Presidential Nominee in 2012,20,0.1,Jun/07/2011 14:53:27
658925,2012.REP.NOM.CANTOR,Eric Cantor to be Republican Presidential Nominee in 2012,10,0.1,Jun/07/2011 21:38:53
658925,2012.REP.NOM.CANTOR,Eric Cantor to be Republican Presidential Nominee in 2012,30,0.1,Jun/08/2011 02:04:52
658925,2012.REP.NOM.CANTOR,Eric Cantor to be Republican Presidential Nominee in 2012,37,0.1,Jun/08/2011 16:26:16
658925,2012.REP.NOM.CANTOR,Eric Cantor to be Republican Presidential Nominee in 2012,4,0.1,Jun/09/2011 01:47:54
658925,2012.REP.NOM.CANTOR,Eric Cantor to be Republican Presidential Nominee in 2012,199,0.1,Jun/09/2011 01:47:54
658925,2012.REP.NOM.CANTOR,Eric Cantor to be Republican Presidential Nominee in 2012,30,0.1,Jun/09/2011 02:10:28
658925,2012.REP.NOM.CANTOR,Eric Cantor to be Republican Presidential Nominee in 2012,14,0.1,Jun/09/2011 14:17:19
658925,2012.REP.NOM.CANTOR,Eric Cantor to be Republican Presidential Nominee in 2012,16,0.1,Jun/09/2011 14:17:19
658925,2012.REP.NOM.CANTOR,Eric Cantor to be Republican Presidential Nominee in 2012,10,0.1,Jun/09/2011 15:21:15
658925,2012.REP.NOM.CANTOR,Eric Cantor to be Republican Presidential Nominee in 2012,4,0.1,Jun/09/2011 17:25:39
658925,2012.REP.NOM.CANTOR,Eric Cantor to be Republican Presidential Nominee in 2012,6,0.1,Jun/09/2011 17:25:39
658925,2012.REP.NOM.CANTOR,Eric Cantor to be Republican Presidential Nominee in 2012,10,0.1,Jun/09/2011 20:52:45
658925,2012.REP.NOM.CANTOR,Eric Cantor to be Republican Presidential Nominee in 2012,10,0.1,Jun/09/2011 20:52:45
658925,2012.REP.NOM.CANTOR,Eric Cantor to be Republican Presidential Nominee in 2012,10,0.1,Jun/09/2011 20:52:45
658925,2012.REP.NOM.CANTOR,Eric Cantor to be Republican Presidential Nominee in 2012,10,0.1,Jun/14/2011 01:29:01
658925,2012.REP.NOM.CANTOR,Eric Cantor to be Republican Presidential Nominee in 2012,15,0.1,Jun/15/2011 06:43:17
658925,2012.REP.NOM.CANTOR,Eric Cantor to be Republican Presidential Nominee in 2012,1,0.1,Jun/16/2011 01:13:36
658925,2012.REP.NOM.CANTOR,Eric Cantor to be Republican Presidential Nominee in 2012,1,0.1,Jun/16/2011 01:30:56
658925,2012.REP.NOM.CANTOR,Eric Cantor to be Republican Presidential Nominee in 2012,5,0.1,Jun/16/2011 01:35:45
658925,2012.REP.NOM.CANTOR,Eric Cantor to be Republican Presidential Nominee in 2012,8,0.1,Jun/20/2011 14:11:29
658925,2012.REP.NOM.CANTOR,Eric Cantor to be Republican Presidential Nominee in 2012,10,0.1,Jun/25/2011 04:35:03
658925,2012.REP.NOM.CANTOR,Eric Cantor to be Republican Presidential Nominee in 2012,10,0.1,Jun/25/2011 04:35:03
658925,2012.REP.NOM.CANTOR,Eric Cantor to be Republican Presidential Nominee in 2012,91,0.1,Jun/27/2011 23:15:53
658925,2012.REP.NOM.CANTOR,Eric Cantor to be Republican Presidential Nominee in 2012,5,0.1,Jun/30/2011 04:57:55
658925,2012.REP.NOM.CANTOR,Eric Cantor to be Republican Presidential Nominee in 2012,20,0.1,Jul/04/2011 01:46:26
658925,2012.REP.NOM.CANTOR,Eric Cantor to be Republican Presidential Nominee in 2012,74,0.1,Jul/06/2011 21:59:53
658925,2012.REP.NOM.CANTOR,Eric Cantor to be Republican Presidential Nominee in 2012,500,0.1,Jul/06/2011 21:59:53
658925,2012.REP.NOM.CANTOR,Eric Cantor to be Republican Presidential Nominee in 2012,226,0.1,Jul/06/2011 21:59:53
658925,2012.REP.NOM.CANTOR,Eric Cantor to be Republican Presidential Nominee in 2012,20,0.1,Jul/07/2011 00:39:24
658925,2012.REP.NOM.CANTOR,Eric Cantor to be Republican Presidential Nominee in 2012,64,0.1,Jul/07/2011 01:26:58
658925,2012.REP.NOM.CANTOR,Eric Cantor to be Republican Presidential Nominee in 2012,100,0.1,Jul/14/2011 22:24:10
658925,2012.REP.NOM.CANTOR,Eric Cantor to be Republican Presidential Nominee in 2012,1,0.1,Jul/26/2011 04:10:16
658925,2012.REP.NOM.CANTOR,Eric Cantor to be Republican Presidential Nominee in 2012,399,0.1,Aug/23/2011 20:08:04
658925,2012.REP.NOM.CANTOR,Eric Cantor to be Republican Presidential Nominee in 2012,600,0.1,Aug/23/2011 20:08:04
658925,2012.REP.NOM.CANTOR,Eric Cantor to be Republican Presidential Nominee in 2012,1,0.1,Aug/23/2011 20:08:04
658925,2012.REP.NOM.CANTOR,Eric Cantor to be Republican Presidential Nominee in 2012,10,0.1,Aug/24/2011 05:08:47
658925,2012.REP.NOM.CANTOR,Eric Cantor to be Republican Presidential Nominee in 2012,1,0.1,Sep/23/2011 18:29:41
658925,2012.REP.NOM.CANTOR,Eric Cantor to be Republican Presidential Nominee in 2012,180,0.1,Oct/03/2011 14:35:08
658925,2012.REP.NOM.CANTOR,Eric Cantor to be Republican Presidential Nominee in 2012,100,0.1,Oct/03/2011 14:35:08
658925,2012.REP.NOM.CANTOR,Eric Cantor to be Republican Presidential Nominee in 2012,92,0.1,Oct/03/2011 14:35:08
658925,2012.REP.NOM.CANTOR,Eric Cantor to be Republican Presidential Nominee in 2012,78,0.1,Oct/03/2011 14:35:08
658925,2012.REP.NOM.CANTOR,Eric Cantor to be Republican Presidential Nominee in 2012,40,0.1,Oct/03/2011 14:35:19
658925,2012.REP.NOM.CANTOR,Eric Cantor to be Republican Presidential Nominee in 2012,20,0.1,Dec/06/2011 17:21:33
658925,2012.REP.NOM.CANTOR,Eric Cantor to be Republican Presidential Nominee in 2012,10,0.1,Dec/06/2011 17:21:33
658925,2012.REP.NOM.CANTOR,Eric Cantor to be Republican Presidential Nominee in 2012,1,0.1,Dec/06/2011 17:21:33
658925,2012.REP.NOM.CANTOR,Eric Cantor to be Republican Presidential Nominee in 2012,169,0.1,Dec/06/2011 17:21:33
658925,2012.REP.NOM.CANTOR,Eric Cantor to be Republican Presidential Nominee in 2012,100,0.1,Dec/12/2011 19:42:38
658925,2012.REP.NOM.CANTOR,Eric Cantor to be Republican Presidential Nominee in 2012,500,0.1,Dec/25/2011 21:55:07
658925,2012.REP.NOM.CANTOR,Eric Cantor to be Republican Presidential Nominee in 2012,200,0.1,Jan/20/2012 15:36:17
658925,2012.REP.NOM.CANTOR,Eric Cantor to be Republican Presidential Nominee in 2012,31,0.1,Jan/21/2012 06:48:37
658925,2012.REP.NOM.CANTOR,Eric Cantor to be Republican Presidential Nominee in 2012,269,0.1,Jan/21/2012 06:48:37
658925,2012.REP.NOM.CANTOR,Eric Cantor to be Republican Presidential Nominee in 2012,1,0.1,Jan/21/2012 17:24:52
658925,2012.REP.NOM.CANTOR,Eric Cantor to be Republican Presidential Nominee in 2012,500,0.1,Jan/21/2012 18:18:41
658925,2012.REP.NOM.CANTOR,Eric Cantor to be Republican Presidential Nominee in 2012,37,0.1,Feb/09/2012 05:47:39
658925,2012.REP.NOM.CANTOR,Eric Cantor to be Republican Presidential Nominee in 2012,163,0.1,Feb/09/2012 05:47:39
