market id,market symbol,market name,trade quantity,trade price,date/time [utc]
705824,2012.REP.NOM.SCARBOROUGH,Joe Scarborough to be Republican Presidential Nominee in 2012,20,2.7,Jan/06/2010 16:08:24
705824,2012.REP.NOM.SCARBOROUGH,Joe Scarborough to be Republican Presidential Nominee in 2012,3,2.0,Jan/10/2010 19:25:06
705824,2012.REP.NOM.SCARBOROUGH,Joe Scarborough to be Republican Presidential Nominee in 2012,40,2.7,Jan/10/2010 19:38:13
705824,2012.REP.NOM.SCARBOROUGH,Joe Scarborough to be Republican Presidential Nominee in 2012,2,2.0,Jan/18/2010 04:10:30
705824,2012.REP.NOM.SCARBOROUGH,Joe Scarborough to be Republican Presidential Nominee in 2012,1,2.0,Jan/21/2010 09:42:23
705824,2012.REP.NOM.SCARBOROUGH,Joe Scarborough to be Republican Presidential Nominee in 2012,1,2.0,Jan/21/2010 09:44:21
705824,2012.REP.NOM.SCARBOROUGH,Joe Scarborough to be Republican Presidential Nominee in 2012,1,2.0,Jan/21/2010 09:46:40
705824,2012.REP.NOM.SCARBOROUGH,Joe Scarborough to be Republican Presidential Nominee in 2012,28,1.0,Jan/21/2010 11:10:22
705824,2012.REP.NOM.SCARBOROUGH,Joe Scarborough to be Republican Presidential Nominee in 2012,12,2.0,Jan/21/2010 11:10:22
705824,2012.REP.NOM.SCARBOROUGH,Joe Scarborough to be Republican Presidential Nominee in 2012,10,1.0,Jan/21/2010 15:50:39
705824,2012.REP.NOM.SCARBOROUGH,Joe Scarborough to be Republican Presidential Nominee in 2012,5,1.0,Jan/21/2010 17:46:38
705824,2012.REP.NOM.SCARBOROUGH,Joe Scarborough to be Republican Presidential Nominee in 2012,5,1.0,Jan/21/2010 17:46:46
705824,2012.REP.NOM.SCARBOROUGH,Joe Scarborough to be Republican Presidential Nominee in 2012,1,1.0,Jan/21/2010 17:47:36
705824,2012.REP.NOM.SCARBOROUGH,Joe Scarborough to be Republican Presidential Nominee in 2012,10,1.1,Jan/22/2010 06:22:11
705824,2012.REP.NOM.SCARBOROUGH,Joe Scarborough to be Republican Presidential Nominee in 2012,4,1.0,Jan/22/2010 06:22:11
705824,2012.REP.NOM.SCARBOROUGH,Joe Scarborough to be Republican Presidential Nominee in 2012,14,1.0,Jan/22/2010 06:22:14
705824,2012.REP.NOM.SCARBOROUGH,Joe Scarborough to be Republican Presidential Nominee in 2012,1,1.0,Jan/22/2010 06:22:25
705824,2012.REP.NOM.SCARBOROUGH,Joe Scarborough to be Republican Presidential Nominee in 2012,3,1.0,Jan/22/2010 14:42:28
705824,2012.REP.NOM.SCARBOROUGH,Joe Scarborough to be Republican Presidential Nominee in 2012,5,1.1,Jan/22/2010 15:55:56
705824,2012.REP.NOM.SCARBOROUGH,Joe Scarborough to be Republican Presidential Nominee in 2012,2,1.0,Jan/22/2010 15:55:56
705824,2012.REP.NOM.SCARBOROUGH,Joe Scarborough to be Republican Presidential Nominee in 2012,14,1.0,Jan/25/2010 11:13:28
705824,2012.REP.NOM.SCARBOROUGH,Joe Scarborough to be Republican Presidential Nominee in 2012,6,1.0,Jan/25/2010 11:15:38
705824,2012.REP.NOM.SCARBOROUGH,Joe Scarborough to be Republican Presidential Nominee in 2012,8,1.0,Jan/25/2010 18:33:58
705824,2012.REP.NOM.SCARBOROUGH,Joe Scarborough to be Republican Presidential Nominee in 2012,6,1.0,Jan/25/2010 18:33:58
705824,2012.REP.NOM.SCARBOROUGH,Joe Scarborough to be Republican Presidential Nominee in 2012,4,1.2,Jan/26/2010 11:04:14
705824,2012.REP.NOM.SCARBOROUGH,Joe Scarborough to be Republican Presidential Nominee in 2012,20,1.3,Jan/27/2010 18:35:43
705824,2012.REP.NOM.SCARBOROUGH,Joe Scarborough to be Republican Presidential Nominee in 2012,14,1.3,Jan/28/2010 12:16:20
705824,2012.REP.NOM.SCARBOROUGH,Joe Scarborough to be Republican Presidential Nominee in 2012,16,1.3,Feb/01/2010 04:21:20
705824,2012.REP.NOM.SCARBOROUGH,Joe Scarborough to be Republican Presidential Nominee in 2012,4,1.0,Feb/01/2010 04:21:20
705824,2012.REP.NOM.SCARBOROUGH,Joe Scarborough to be Republican Presidential Nominee in 2012,15,1.0,Feb/01/2010 17:13:14
705824,2012.REP.NOM.SCARBOROUGH,Joe Scarborough to be Republican Presidential Nominee in 2012,10,1.0,Feb/03/2010 05:11:15
705824,2012.REP.NOM.SCARBOROUGH,Joe Scarborough to be Republican Presidential Nominee in 2012,10,1.0,Feb/03/2010 05:16:13
705824,2012.REP.NOM.SCARBOROUGH,Joe Scarborough to be Republican Presidential Nominee in 2012,10,1.0,Feb/03/2010 12:15:32
705824,2012.REP.NOM.SCARBOROUGH,Joe Scarborough to be Republican Presidential Nominee in 2012,2,1.0,Feb/05/2010 09:58:22
705824,2012.REP.NOM.SCARBOROUGH,Joe Scarborough to be Republican Presidential Nominee in 2012,1,1.0,Feb/08/2010 10:20:14
705824,2012.REP.NOM.SCARBOROUGH,Joe Scarborough to be Republican Presidential Nominee in 2012,1,1.0,Feb/08/2010 10:21:09
705824,2012.REP.NOM.SCARBOROUGH,Joe Scarborough to be Republican Presidential Nominee in 2012,1,1.0,Feb/08/2010 10:21:17
705824,2012.REP.NOM.SCARBOROUGH,Joe Scarborough to be Republican Presidential Nominee in 2012,1,1.0,Feb/08/2010 10:21:24
705824,2012.REP.NOM.SCARBOROUGH,Joe Scarborough to be Republican Presidential Nominee in 2012,1,1.0,Feb/08/2010 10:21:43
705824,2012.REP.NOM.SCARBOROUGH,Joe Scarborough to be Republican Presidential Nominee in 2012,1,1.0,Feb/08/2010 10:21:54
705824,2012.REP.NOM.SCARBOROUGH,Joe Scarborough to be Republican Presidential Nominee in 2012,1,1.0,Feb/08/2010 10:22:02
705824,2012.REP.NOM.SCARBOROUGH,Joe Scarborough to be Republican Presidential Nominee in 2012,1,1.0,Feb/08/2010 10:22:10
705824,2012.REP.NOM.SCARBOROUGH,Joe Scarborough to be Republican Presidential Nominee in 2012,1,1.0,Feb/08/2010 10:22:17
705824,2012.REP.NOM.SCARBOROUGH,Joe Scarborough to be Republican Presidential Nominee in 2012,1,1.0,Feb/08/2010 10:22:25
705824,2012.REP.NOM.SCARBOROUGH,Joe Scarborough to be Republican Presidential Nominee in 2012,1,1.0,Feb/08/2010 10:22:33
705824,2012.REP.NOM.SCARBOROUGH,Joe Scarborough to be Republican Presidential Nominee in 2012,2,1.0,Feb/08/2010 10:22:41
705824,2012.REP.NOM.SCARBOROUGH,Joe Scarborough to be Republican Presidential Nominee in 2012,2,1.0,Feb/08/2010 10:22:48
705824,2012.REP.NOM.SCARBOROUGH,Joe Scarborough to be Republican Presidential Nominee in 2012,1,1.0,Feb/08/2010 10:23:02
705824,2012.REP.NOM.SCARBOROUGH,Joe Scarborough to be Republican Presidential Nominee in 2012,3,1.0,Feb/10/2010 09:56:57
705824,2012.REP.NOM.SCARBOROUGH,Joe Scarborough to be Republican Presidential Nominee in 2012,1,1.0,Feb/10/2010 09:57:10
705824,2012.REP.NOM.SCARBOROUGH,Joe Scarborough to be Republican Presidential Nominee in 2012,1,1.0,Feb/10/2010 09:57:30
705824,2012.REP.NOM.SCARBOROUGH,Joe Scarborough to be Republican Presidential Nominee in 2012,2,1.0,Feb/10/2010 09:57:37
705824,2012.REP.NOM.SCARBOROUGH,Joe Scarborough to be Republican Presidential Nominee in 2012,1,1.0,Feb/10/2010 09:57:44
705824,2012.REP.NOM.SCARBOROUGH,Joe Scarborough to be Republican Presidential Nominee in 2012,1,1.0,Feb/10/2010 09:57:49
705824,2012.REP.NOM.SCARBOROUGH,Joe Scarborough to be Republican Presidential Nominee in 2012,1,1.0,Feb/10/2010 09:58:04
705824,2012.REP.NOM.SCARBOROUGH,Joe Scarborough to be Republican Presidential Nominee in 2012,1,1.0,Feb/10/2010 09:58:10
705824,2012.REP.NOM.SCARBOROUGH,Joe Scarborough to be Republican Presidential Nominee in 2012,1,1.0,Feb/10/2010 09:58:16
705824,2012.REP.NOM.SCARBOROUGH,Joe Scarborough to be Republican Presidential Nominee in 2012,1,1.0,Feb/10/2010 09:58:21
705824,2012.REP.NOM.SCARBOROUGH,Joe Scarborough to be Republican Presidential Nominee in 2012,1,1.0,Feb/10/2010 09:58:27
705824,2012.REP.NOM.SCARBOROUGH,Joe Scarborough to be Republican Presidential Nominee in 2012,1,1.0,Feb/10/2010 09:58:31
705824,2012.REP.NOM.SCARBOROUGH,Joe Scarborough to be Republican Presidential Nominee in 2012,1,1.0,Feb/10/2010 09:58:36
705824,2012.REP.NOM.SCARBOROUGH,Joe Scarborough to be Republican Presidential Nominee in 2012,1,1.0,Feb/10/2010 09:58:41
705824,2012.REP.NOM.SCARBOROUGH,Joe Scarborough to be Republican Presidential Nominee in 2012,1,1.0,Feb/10/2010 09:58:50
705824,2012.REP.NOM.SCARBOROUGH,Joe Scarborough to be Republican Presidential Nominee in 2012,1,1.0,Feb/10/2010 09:58:57
705824,2012.REP.NOM.SCARBOROUGH,Joe Scarborough to be Republican Presidential Nominee in 2012,1,1.0,Feb/10/2010 09:59:03
705824,2012.REP.NOM.SCARBOROUGH,Joe Scarborough to be Republican Presidential Nominee in 2012,1,1.0,Feb/10/2010 09:59:13
705824,2012.REP.NOM.SCARBOROUGH,Joe Scarborough to be Republican Presidential Nominee in 2012,2,1.0,Feb/10/2010 09:59:18
705824,2012.REP.NOM.SCARBOROUGH,Joe Scarborough to be Republican Presidential Nominee in 2012,1,1.0,Feb/10/2010 09:59:32
705824,2012.REP.NOM.SCARBOROUGH,Joe Scarborough to be Republican Presidential Nominee in 2012,2,1.0,Feb/10/2010 09:59:38
705824,2012.REP.NOM.SCARBOROUGH,Joe Scarborough to be Republican Presidential Nominee in 2012,1,1.0,Feb/10/2010 09:59:44
705824,2012.REP.NOM.SCARBOROUGH,Joe Scarborough to be Republican Presidential Nominee in 2012,1,0.5,Feb/14/2010 16:45:13
705824,2012.REP.NOM.SCARBOROUGH,Joe Scarborough to be Republican Presidential Nominee in 2012,1,0.5,Feb/14/2010 16:45:19
705824,2012.REP.NOM.SCARBOROUGH,Joe Scarborough to be Republican Presidential Nominee in 2012,1,0.5,Feb/14/2010 16:45:37
705824,2012.REP.NOM.SCARBOROUGH,Joe Scarborough to be Republican Presidential Nominee in 2012,1,0.5,Feb/14/2010 16:45:45
705824,2012.REP.NOM.SCARBOROUGH,Joe Scarborough to be Republican Presidential Nominee in 2012,3,0.5,Feb/15/2010 09:59:08
705824,2012.REP.NOM.SCARBOROUGH,Joe Scarborough to be Republican Presidential Nominee in 2012,2,0.5,Feb/15/2010 09:59:14
705824,2012.REP.NOM.SCARBOROUGH,Joe Scarborough to be Republican Presidential Nominee in 2012,3,0.5,Feb/15/2010 09:59:23
705824,2012.REP.NOM.SCARBOROUGH,Joe Scarborough to be Republican Presidential Nominee in 2012,5,0.5,Feb/15/2010 09:59:28
705824,2012.REP.NOM.SCARBOROUGH,Joe Scarborough to be Republican Presidential Nominee in 2012,8,0.5,Feb/15/2010 11:58:22
705824,2012.REP.NOM.SCARBOROUGH,Joe Scarborough to be Republican Presidential Nominee in 2012,8,0.5,Feb/15/2010 11:58:29
705824,2012.REP.NOM.SCARBOROUGH,Joe Scarborough to be Republican Presidential Nominee in 2012,9,0.5,Feb/15/2010 11:58:37
705824,2012.REP.NOM.SCARBOROUGH,Joe Scarborough to be Republican Presidential Nominee in 2012,2,0.5,Feb/15/2010 11:58:37
705824,2012.REP.NOM.SCARBOROUGH,Joe Scarborough to be Republican Presidential Nominee in 2012,11,0.5,Feb/15/2010 11:58:42
705824,2012.REP.NOM.SCARBOROUGH,Joe Scarborough to be Republican Presidential Nominee in 2012,4,0.5,Feb/15/2010 11:58:47
705824,2012.REP.NOM.SCARBOROUGH,Joe Scarborough to be Republican Presidential Nominee in 2012,3,0.5,Feb/15/2010 11:58:54
705824,2012.REP.NOM.SCARBOROUGH,Joe Scarborough to be Republican Presidential Nominee in 2012,2,0.5,Feb/15/2010 11:58:59
705824,2012.REP.NOM.SCARBOROUGH,Joe Scarborough to be Republican Presidential Nominee in 2012,1,0.5,Feb/15/2010 11:59:04
705824,2012.REP.NOM.SCARBOROUGH,Joe Scarborough to be Republican Presidential Nominee in 2012,1,0.5,Feb/15/2010 11:59:09
705824,2012.REP.NOM.SCARBOROUGH,Joe Scarborough to be Republican Presidential Nominee in 2012,1,0.5,Feb/15/2010 11:59:14
705824,2012.REP.NOM.SCARBOROUGH,Joe Scarborough to be Republican Presidential Nominee in 2012,1,0.5,Feb/15/2010 11:59:20
705824,2012.REP.NOM.SCARBOROUGH,Joe Scarborough to be Republican Presidential Nominee in 2012,2,0.5,Feb/15/2010 11:59:27
705824,2012.REP.NOM.SCARBOROUGH,Joe Scarborough to be Republican Presidential Nominee in 2012,5,0.5,Feb/15/2010 11:59:32
705824,2012.REP.NOM.SCARBOROUGH,Joe Scarborough to be Republican Presidential Nominee in 2012,1,0.5,Feb/15/2010 11:59:38
705824,2012.REP.NOM.SCARBOROUGH,Joe Scarborough to be Republican Presidential Nominee in 2012,1,0.5,Feb/15/2010 11:59:42
705824,2012.REP.NOM.SCARBOROUGH,Joe Scarborough to be Republican Presidential Nominee in 2012,1,0.5,Feb/15/2010 11:59:47
705824,2012.REP.NOM.SCARBOROUGH,Joe Scarborough to be Republican Presidential Nominee in 2012,1,0.5,Feb/15/2010 11:59:54
705824,2012.REP.NOM.SCARBOROUGH,Joe Scarborough to be Republican Presidential Nominee in 2012,1,0.5,Feb/15/2010 12:00:00
705824,2012.REP.NOM.SCARBOROUGH,Joe Scarborough to be Republican Presidential Nominee in 2012,2,0.5,Feb/15/2010 12:00:04
705824,2012.REP.NOM.SCARBOROUGH,Joe Scarborough to be Republican Presidential Nominee in 2012,1,0.5,Feb/15/2010 12:00:11
705824,2012.REP.NOM.SCARBOROUGH,Joe Scarborough to be Republican Presidential Nominee in 2012,1,1.0,Feb/17/2010 14:25:01
705824,2012.REP.NOM.SCARBOROUGH,Joe Scarborough to be Republican Presidential Nominee in 2012,1,1.0,Feb/17/2010 14:25:07
705824,2012.REP.NOM.SCARBOROUGH,Joe Scarborough to be Republican Presidential Nominee in 2012,1,1.0,Feb/17/2010 14:25:12
705824,2012.REP.NOM.SCARBOROUGH,Joe Scarborough to be Republican Presidential Nominee in 2012,2,1.0,Feb/17/2010 14:25:18
705824,2012.REP.NOM.SCARBOROUGH,Joe Scarborough to be Republican Presidential Nominee in 2012,1,2.0,Feb/19/2010 17:58:35
705824,2012.REP.NOM.SCARBOROUGH,Joe Scarborough to be Republican Presidential Nominee in 2012,1,2.0,Feb/19/2010 18:00:06
705824,2012.REP.NOM.SCARBOROUGH,Joe Scarborough to be Republican Presidential Nominee in 2012,1,2.0,Feb/19/2010 18:00:17
705824,2012.REP.NOM.SCARBOROUGH,Joe Scarborough to be Republican Presidential Nominee in 2012,1,2.0,Feb/19/2010 18:00:25
705824,2012.REP.NOM.SCARBOROUGH,Joe Scarborough to be Republican Presidential Nominee in 2012,1,2.0,Feb/19/2010 18:00:31
705824,2012.REP.NOM.SCARBOROUGH,Joe Scarborough to be Republican Presidential Nominee in 2012,1,2.0,Feb/19/2010 18:00:37
705824,2012.REP.NOM.SCARBOROUGH,Joe Scarborough to be Republican Presidential Nominee in 2012,1,2.0,Feb/19/2010 18:00:45
705824,2012.REP.NOM.SCARBOROUGH,Joe Scarborough to be Republican Presidential Nominee in 2012,1,0.5,Feb/19/2010 18:01:08
705824,2012.REP.NOM.SCARBOROUGH,Joe Scarborough to be Republican Presidential Nominee in 2012,3,0.5,Feb/19/2010 18:01:14
705824,2012.REP.NOM.SCARBOROUGH,Joe Scarborough to be Republican Presidential Nominee in 2012,1,0.5,Feb/19/2010 18:01:21
705824,2012.REP.NOM.SCARBOROUGH,Joe Scarborough to be Republican Presidential Nominee in 2012,1,0.5,Feb/19/2010 18:01:28
705824,2012.REP.NOM.SCARBOROUGH,Joe Scarborough to be Republican Presidential Nominee in 2012,1,0.5,Feb/24/2010 11:35:13
705824,2012.REP.NOM.SCARBOROUGH,Joe Scarborough to be Republican Presidential Nominee in 2012,1,0.5,Feb/24/2010 11:35:21
705824,2012.REP.NOM.SCARBOROUGH,Joe Scarborough to be Republican Presidential Nominee in 2012,1,0.5,Feb/24/2010 11:35:26
705824,2012.REP.NOM.SCARBOROUGH,Joe Scarborough to be Republican Presidential Nominee in 2012,1,0.5,Feb/24/2010 11:35:33
705824,2012.REP.NOM.SCARBOROUGH,Joe Scarborough to be Republican Presidential Nominee in 2012,1,0.5,Feb/24/2010 11:35:38
705824,2012.REP.NOM.SCARBOROUGH,Joe Scarborough to be Republican Presidential Nominee in 2012,2,0.5,Feb/24/2010 11:35:43
705824,2012.REP.NOM.SCARBOROUGH,Joe Scarborough to be Republican Presidential Nominee in 2012,1,0.5,Feb/24/2010 11:35:48
705824,2012.REP.NOM.SCARBOROUGH,Joe Scarborough to be Republican Presidential Nominee in 2012,1,0.5,Feb/24/2010 11:35:53
705824,2012.REP.NOM.SCARBOROUGH,Joe Scarborough to be Republican Presidential Nominee in 2012,1,0.2,Feb/24/2010 11:35:58
705824,2012.REP.NOM.SCARBOROUGH,Joe Scarborough to be Republican Presidential Nominee in 2012,1,0.2,Feb/24/2010 11:36:03
705824,2012.REP.NOM.SCARBOROUGH,Joe Scarborough to be Republican Presidential Nominee in 2012,1,0.2,Feb/24/2010 11:36:09
705824,2012.REP.NOM.SCARBOROUGH,Joe Scarborough to be Republican Presidential Nominee in 2012,1,0.2,Feb/24/2010 11:36:15
705824,2012.REP.NOM.SCARBOROUGH,Joe Scarborough to be Republican Presidential Nominee in 2012,6,0.2,Feb/24/2010 11:36:21
705824,2012.REP.NOM.SCARBOROUGH,Joe Scarborough to be Republican Presidential Nominee in 2012,1,0.2,Feb/24/2010 11:36:26
705824,2012.REP.NOM.SCARBOROUGH,Joe Scarborough to be Republican Presidential Nominee in 2012,1,0.2,Feb/24/2010 11:36:31
705824,2012.REP.NOM.SCARBOROUGH,Joe Scarborough to be Republican Presidential Nominee in 2012,3,0.2,Feb/24/2010 11:36:38
705824,2012.REP.NOM.SCARBOROUGH,Joe Scarborough to be Republican Presidential Nominee in 2012,3,0.2,Feb/24/2010 11:36:52
705824,2012.REP.NOM.SCARBOROUGH,Joe Scarborough to be Republican Presidential Nominee in 2012,2,0.2,Feb/24/2010 11:37:00
705824,2012.REP.NOM.SCARBOROUGH,Joe Scarborough to be Republican Presidential Nominee in 2012,1,0.2,Feb/24/2010 11:37:05
705824,2012.REP.NOM.SCARBOROUGH,Joe Scarborough to be Republican Presidential Nominee in 2012,1,0.2,Feb/24/2010 11:37:10
705824,2012.REP.NOM.SCARBOROUGH,Joe Scarborough to be Republican Presidential Nominee in 2012,2,0.2,Feb/24/2010 11:37:16
705824,2012.REP.NOM.SCARBOROUGH,Joe Scarborough to be Republican Presidential Nominee in 2012,3,0.2,Feb/24/2010 11:37:32
705824,2012.REP.NOM.SCARBOROUGH,Joe Scarborough to be Republican Presidential Nominee in 2012,4,0.2,Feb/24/2010 11:37:38
705824,2012.REP.NOM.SCARBOROUGH,Joe Scarborough to be Republican Presidential Nominee in 2012,1,0.2,Feb/24/2010 11:37:44
705824,2012.REP.NOM.SCARBOROUGH,Joe Scarborough to be Republican Presidential Nominee in 2012,1,0.2,Feb/24/2010 11:37:51
705824,2012.REP.NOM.SCARBOROUGH,Joe Scarborough to be Republican Presidential Nominee in 2012,3,0.2,Feb/24/2010 11:38:07
705824,2012.REP.NOM.SCARBOROUGH,Joe Scarborough to be Republican Presidential Nominee in 2012,4,0.2,Feb/24/2010 11:38:15
705824,2012.REP.NOM.SCARBOROUGH,Joe Scarborough to be Republican Presidential Nominee in 2012,1,0.5,Feb/24/2010 16:58:16
705824,2012.REP.NOM.SCARBOROUGH,Joe Scarborough to be Republican Presidential Nominee in 2012,2,0.5,Feb/24/2010 16:58:51
705824,2012.REP.NOM.SCARBOROUGH,Joe Scarborough to be Republican Presidential Nominee in 2012,2,0.5,Feb/24/2010 16:59:06
705824,2012.REP.NOM.SCARBOROUGH,Joe Scarborough to be Republican Presidential Nominee in 2012,1,0.5,Mar/01/2010 06:00:50
705824,2012.REP.NOM.SCARBOROUGH,Joe Scarborough to be Republican Presidential Nominee in 2012,1,0.5,Mar/01/2010 06:00:55
705824,2012.REP.NOM.SCARBOROUGH,Joe Scarborough to be Republican Presidential Nominee in 2012,1,0.5,Mar/01/2010 06:02:22
705824,2012.REP.NOM.SCARBOROUGH,Joe Scarborough to be Republican Presidential Nominee in 2012,1,0.5,Mar/01/2010 06:02:28
705824,2012.REP.NOM.SCARBOROUGH,Joe Scarborough to be Republican Presidential Nominee in 2012,1,0.5,Mar/01/2010 06:02:34
705824,2012.REP.NOM.SCARBOROUGH,Joe Scarborough to be Republican Presidential Nominee in 2012,1,0.5,Mar/01/2010 06:02:43
705824,2012.REP.NOM.SCARBOROUGH,Joe Scarborough to be Republican Presidential Nominee in 2012,1,0.5,Mar/01/2010 06:02:49
705824,2012.REP.NOM.SCARBOROUGH,Joe Scarborough to be Republican Presidential Nominee in 2012,1,0.5,Mar/04/2010 07:34:23
705824,2012.REP.NOM.SCARBOROUGH,Joe Scarborough to be Republican Presidential Nominee in 2012,1,0.5,Mar/04/2010 07:35:27
705824,2012.REP.NOM.SCARBOROUGH,Joe Scarborough to be Republican Presidential Nominee in 2012,1,0.5,Mar/04/2010 07:35:34
705824,2012.REP.NOM.SCARBOROUGH,Joe Scarborough to be Republican Presidential Nominee in 2012,1,0.5,Mar/04/2010 07:35:40
705824,2012.REP.NOM.SCARBOROUGH,Joe Scarborough to be Republican Presidential Nominee in 2012,1,0.5,Mar/04/2010 07:36:01
705824,2012.REP.NOM.SCARBOROUGH,Joe Scarborough to be Republican Presidential Nominee in 2012,1,0.5,Mar/04/2010 07:36:06
705824,2012.REP.NOM.SCARBOROUGH,Joe Scarborough to be Republican Presidential Nominee in 2012,1,0.5,Mar/04/2010 07:36:12
705824,2012.REP.NOM.SCARBOROUGH,Joe Scarborough to be Republican Presidential Nominee in 2012,1,0.5,Mar/04/2010 07:36:19
705824,2012.REP.NOM.SCARBOROUGH,Joe Scarborough to be Republican Presidential Nominee in 2012,2,0.5,Mar/04/2010 07:36:26
705824,2012.REP.NOM.SCARBOROUGH,Joe Scarborough to be Republican Presidential Nominee in 2012,2,0.5,Mar/04/2010 07:36:32
705824,2012.REP.NOM.SCARBOROUGH,Joe Scarborough to be Republican Presidential Nominee in 2012,1,0.5,Mar/04/2010 07:36:44
705824,2012.REP.NOM.SCARBOROUGH,Joe Scarborough to be Republican Presidential Nominee in 2012,1,0.5,Mar/04/2010 07:36:49
705824,2012.REP.NOM.SCARBOROUGH,Joe Scarborough to be Republican Presidential Nominee in 2012,2,0.5,Mar/04/2010 07:36:55
705824,2012.REP.NOM.SCARBOROUGH,Joe Scarborough to be Republican Presidential Nominee in 2012,1,0.5,Mar/04/2010 07:37:02
705824,2012.REP.NOM.SCARBOROUGH,Joe Scarborough to be Republican Presidential Nominee in 2012,3,0.5,Mar/04/2010 07:37:10
705824,2012.REP.NOM.SCARBOROUGH,Joe Scarborough to be Republican Presidential Nominee in 2012,2,0.5,Mar/04/2010 07:37:16
705824,2012.REP.NOM.SCARBOROUGH,Joe Scarborough to be Republican Presidential Nominee in 2012,2,0.5,Mar/04/2010 07:37:22
705824,2012.REP.NOM.SCARBOROUGH,Joe Scarborough to be Republican Presidential Nominee in 2012,1,0.5,Mar/04/2010 07:37:28
705824,2012.REP.NOM.SCARBOROUGH,Joe Scarborough to be Republican Presidential Nominee in 2012,1,0.5,Mar/04/2010 07:37:35
705824,2012.REP.NOM.SCARBOROUGH,Joe Scarborough to be Republican Presidential Nominee in 2012,1,0.5,Mar/04/2010 07:37:43
705824,2012.REP.NOM.SCARBOROUGH,Joe Scarborough to be Republican Presidential Nominee in 2012,1,0.5,Mar/04/2010 07:37:49
705824,2012.REP.NOM.SCARBOROUGH,Joe Scarborough to be Republican Presidential Nominee in 2012,2,0.5,Mar/04/2010 07:37:54
705824,2012.REP.NOM.SCARBOROUGH,Joe Scarborough to be Republican Presidential Nominee in 2012,2,0.5,Mar/04/2010 07:38:00
705824,2012.REP.NOM.SCARBOROUGH,Joe Scarborough to be Republican Presidential Nominee in 2012,3,0.5,Mar/04/2010 07:38:10
705824,2012.REP.NOM.SCARBOROUGH,Joe Scarborough to be Republican Presidential Nominee in 2012,2,0.5,Mar/04/2010 07:38:20
705824,2012.REP.NOM.SCARBOROUGH,Joe Scarborough to be Republican Presidential Nominee in 2012,2,0.5,Mar/04/2010 07:38:26
705824,2012.REP.NOM.SCARBOROUGH,Joe Scarborough to be Republican Presidential Nominee in 2012,2,0.5,Mar/04/2010 07:38:37
705824,2012.REP.NOM.SCARBOROUGH,Joe Scarborough to be Republican Presidential Nominee in 2012,2,0.5,Mar/04/2010 07:38:44
705824,2012.REP.NOM.SCARBOROUGH,Joe Scarborough to be Republican Presidential Nominee in 2012,2,0.5,Mar/04/2010 07:38:49
705824,2012.REP.NOM.SCARBOROUGH,Joe Scarborough to be Republican Presidential Nominee in 2012,2,0.5,Mar/04/2010 07:38:56
705824,2012.REP.NOM.SCARBOROUGH,Joe Scarborough to be Republican Presidential Nominee in 2012,1,0.5,Mar/04/2010 07:39:04
705824,2012.REP.NOM.SCARBOROUGH,Joe Scarborough to be Republican Presidential Nominee in 2012,1,0.5,Mar/05/2010 14:51:16
705824,2012.REP.NOM.SCARBOROUGH,Joe Scarborough to be Republican Presidential Nominee in 2012,1,0.5,Mar/05/2010 14:51:23
705824,2012.REP.NOM.SCARBOROUGH,Joe Scarborough to be Republican Presidential Nominee in 2012,2,0.5,Mar/05/2010 14:51:27
705824,2012.REP.NOM.SCARBOROUGH,Joe Scarborough to be Republican Presidential Nominee in 2012,3,0.5,Mar/05/2010 14:51:33
705824,2012.REP.NOM.SCARBOROUGH,Joe Scarborough to be Republican Presidential Nominee in 2012,1,0.5,Mar/05/2010 14:51:39
705824,2012.REP.NOM.SCARBOROUGH,Joe Scarborough to be Republican Presidential Nominee in 2012,1,0.5,Mar/05/2010 14:51:45
705824,2012.REP.NOM.SCARBOROUGH,Joe Scarborough to be Republican Presidential Nominee in 2012,1,0.5,Mar/05/2010 14:51:50
705824,2012.REP.NOM.SCARBOROUGH,Joe Scarborough to be Republican Presidential Nominee in 2012,1,0.5,Mar/05/2010 14:51:57
705824,2012.REP.NOM.SCARBOROUGH,Joe Scarborough to be Republican Presidential Nominee in 2012,1,0.5,Mar/05/2010 14:52:03
705824,2012.REP.NOM.SCARBOROUGH,Joe Scarborough to be Republican Presidential Nominee in 2012,1,0.5,Mar/05/2010 14:52:09
705824,2012.REP.NOM.SCARBOROUGH,Joe Scarborough to be Republican Presidential Nominee in 2012,1,0.5,Mar/05/2010 14:52:14
705824,2012.REP.NOM.SCARBOROUGH,Joe Scarborough to be Republican Presidential Nominee in 2012,1,0.5,Mar/05/2010 14:52:21
705824,2012.REP.NOM.SCARBOROUGH,Joe Scarborough to be Republican Presidential Nominee in 2012,2,0.5,Mar/05/2010 14:52:26
705824,2012.REP.NOM.SCARBOROUGH,Joe Scarborough to be Republican Presidential Nominee in 2012,1,0.5,Mar/05/2010 14:52:31
705824,2012.REP.NOM.SCARBOROUGH,Joe Scarborough to be Republican Presidential Nominee in 2012,1,0.5,Mar/05/2010 14:52:37
705824,2012.REP.NOM.SCARBOROUGH,Joe Scarborough to be Republican Presidential Nominee in 2012,2,0.5,Mar/05/2010 14:52:42
705824,2012.REP.NOM.SCARBOROUGH,Joe Scarborough to be Republican Presidential Nominee in 2012,1,0.4,Mar/08/2010 05:45:28
705824,2012.REP.NOM.SCARBOROUGH,Joe Scarborough to be Republican Presidential Nominee in 2012,1,0.4,Mar/08/2010 05:45:33
705824,2012.REP.NOM.SCARBOROUGH,Joe Scarborough to be Republican Presidential Nominee in 2012,1,0.4,Mar/08/2010 05:45:38
705824,2012.REP.NOM.SCARBOROUGH,Joe Scarborough to be Republican Presidential Nominee in 2012,1,0.4,Mar/08/2010 05:45:45
705824,2012.REP.NOM.SCARBOROUGH,Joe Scarborough to be Republican Presidential Nominee in 2012,1,0.4,Mar/08/2010 05:45:49
705824,2012.REP.NOM.SCARBOROUGH,Joe Scarborough to be Republican Presidential Nominee in 2012,1,0.4,Mar/08/2010 05:45:53
705824,2012.REP.NOM.SCARBOROUGH,Joe Scarborough to be Republican Presidential Nominee in 2012,1,0.4,Mar/08/2010 05:46:13
705824,2012.REP.NOM.SCARBOROUGH,Joe Scarborough to be Republican Presidential Nominee in 2012,2,0.4,Mar/08/2010 05:46:22
705824,2012.REP.NOM.SCARBOROUGH,Joe Scarborough to be Republican Presidential Nominee in 2012,1,0.4,Mar/08/2010 05:46:30
705824,2012.REP.NOM.SCARBOROUGH,Joe Scarborough to be Republican Presidential Nominee in 2012,1,0.4,Mar/08/2010 05:46:49
705824,2012.REP.NOM.SCARBOROUGH,Joe Scarborough to be Republican Presidential Nominee in 2012,1,0.4,Mar/08/2010 05:46:54
705824,2012.REP.NOM.SCARBOROUGH,Joe Scarborough to be Republican Presidential Nominee in 2012,1,0.4,Mar/08/2010 05:46:59
705824,2012.REP.NOM.SCARBOROUGH,Joe Scarborough to be Republican Presidential Nominee in 2012,1,0.4,Mar/08/2010 05:47:03
705824,2012.REP.NOM.SCARBOROUGH,Joe Scarborough to be Republican Presidential Nominee in 2012,1,0.4,Mar/08/2010 05:47:16
705824,2012.REP.NOM.SCARBOROUGH,Joe Scarborough to be Republican Presidential Nominee in 2012,1,0.4,Mar/08/2010 05:47:25
705824,2012.REP.NOM.SCARBOROUGH,Joe Scarborough to be Republican Presidential Nominee in 2012,1,0.4,Mar/08/2010 05:47:30
705824,2012.REP.NOM.SCARBOROUGH,Joe Scarborough to be Republican Presidential Nominee in 2012,1,0.4,Mar/08/2010 05:47:38
705824,2012.REP.NOM.SCARBOROUGH,Joe Scarborough to be Republican Presidential Nominee in 2012,1,0.4,Mar/08/2010 05:47:44
705824,2012.REP.NOM.SCARBOROUGH,Joe Scarborough to be Republican Presidential Nominee in 2012,4,0.4,Mar/08/2010 05:47:50
705824,2012.REP.NOM.SCARBOROUGH,Joe Scarborough to be Republican Presidential Nominee in 2012,1,0.4,Mar/08/2010 05:48:11
705824,2012.REP.NOM.SCARBOROUGH,Joe Scarborough to be Republican Presidential Nominee in 2012,1,0.4,Mar/08/2010 05:48:19
705824,2012.REP.NOM.SCARBOROUGH,Joe Scarborough to be Republican Presidential Nominee in 2012,5,0.4,Mar/08/2010 05:48:26
705824,2012.REP.NOM.SCARBOROUGH,Joe Scarborough to be Republican Presidential Nominee in 2012,4,0.4,Mar/08/2010 05:48:38
705824,2012.REP.NOM.SCARBOROUGH,Joe Scarborough to be Republican Presidential Nominee in 2012,1,0.4,Mar/08/2010 05:48:48
705824,2012.REP.NOM.SCARBOROUGH,Joe Scarborough to be Republican Presidential Nominee in 2012,1,0.4,Mar/08/2010 05:48:56
705824,2012.REP.NOM.SCARBOROUGH,Joe Scarborough to be Republican Presidential Nominee in 2012,1,0.4,Mar/08/2010 05:49:04
705824,2012.REP.NOM.SCARBOROUGH,Joe Scarborough to be Republican Presidential Nominee in 2012,1,0.4,Mar/08/2010 05:49:13
705824,2012.REP.NOM.SCARBOROUGH,Joe Scarborough to be Republican Presidential Nominee in 2012,1,0.4,Mar/08/2010 05:49:22
705824,2012.REP.NOM.SCARBOROUGH,Joe Scarborough to be Republican Presidential Nominee in 2012,1,0.4,Mar/10/2010 07:41:54
705824,2012.REP.NOM.SCARBOROUGH,Joe Scarborough to be Republican Presidential Nominee in 2012,1,0.4,Mar/10/2010 07:42:02
705824,2012.REP.NOM.SCARBOROUGH,Joe Scarborough to be Republican Presidential Nominee in 2012,1,0.4,Mar/10/2010 07:42:09
705824,2012.REP.NOM.SCARBOROUGH,Joe Scarborough to be Republican Presidential Nominee in 2012,3,0.4,Mar/10/2010 07:42:14
705824,2012.REP.NOM.SCARBOROUGH,Joe Scarborough to be Republican Presidential Nominee in 2012,1,0.4,Mar/10/2010 07:42:39
705824,2012.REP.NOM.SCARBOROUGH,Joe Scarborough to be Republican Presidential Nominee in 2012,2,0.4,Mar/10/2010 07:42:48
705824,2012.REP.NOM.SCARBOROUGH,Joe Scarborough to be Republican Presidential Nominee in 2012,1,0.4,Mar/10/2010 07:42:54
705824,2012.REP.NOM.SCARBOROUGH,Joe Scarborough to be Republican Presidential Nominee in 2012,1,0.4,Mar/23/2010 06:56:34
705824,2012.REP.NOM.SCARBOROUGH,Joe Scarborough to be Republican Presidential Nominee in 2012,1,0.4,Mar/23/2010 06:56:42
705824,2012.REP.NOM.SCARBOROUGH,Joe Scarborough to be Republican Presidential Nominee in 2012,1,0.4,Mar/23/2010 06:56:50
705824,2012.REP.NOM.SCARBOROUGH,Joe Scarborough to be Republican Presidential Nominee in 2012,1,0.4,Mar/23/2010 06:57:12
705824,2012.REP.NOM.SCARBOROUGH,Joe Scarborough to be Republican Presidential Nominee in 2012,1,0.4,Mar/23/2010 06:57:21
705824,2012.REP.NOM.SCARBOROUGH,Joe Scarborough to be Republican Presidential Nominee in 2012,3,0.4,Mar/23/2010 06:57:31
705824,2012.REP.NOM.SCARBOROUGH,Joe Scarborough to be Republican Presidential Nominee in 2012,1,0.4,Mar/23/2010 06:57:45
705824,2012.REP.NOM.SCARBOROUGH,Joe Scarborough to be Republican Presidential Nominee in 2012,1,0.4,Mar/23/2010 06:57:51
705824,2012.REP.NOM.SCARBOROUGH,Joe Scarborough to be Republican Presidential Nominee in 2012,1,0.4,Mar/23/2010 06:58:04
705824,2012.REP.NOM.SCARBOROUGH,Joe Scarborough to be Republican Presidential Nominee in 2012,1,0.4,Mar/23/2010 06:58:17
705824,2012.REP.NOM.SCARBOROUGH,Joe Scarborough to be Republican Presidential Nominee in 2012,1,0.4,Mar/23/2010 06:58:25
705824,2012.REP.NOM.SCARBOROUGH,Joe Scarborough to be Republican Presidential Nominee in 2012,1,0.4,Mar/23/2010 06:58:32
705824,2012.REP.NOM.SCARBOROUGH,Joe Scarborough to be Republican Presidential Nominee in 2012,1,0.4,Mar/23/2010 06:58:39
705824,2012.REP.NOM.SCARBOROUGH,Joe Scarborough to be Republican Presidential Nominee in 2012,1,0.4,Mar/23/2010 06:58:47
705824,2012.REP.NOM.SCARBOROUGH,Joe Scarborough to be Republican Presidential Nominee in 2012,4,0.4,Mar/23/2010 06:58:55
705824,2012.REP.NOM.SCARBOROUGH,Joe Scarborough to be Republican Presidential Nominee in 2012,2,0.4,Mar/23/2010 06:59:03
705824,2012.REP.NOM.SCARBOROUGH,Joe Scarborough to be Republican Presidential Nominee in 2012,1,0.4,Mar/25/2010 22:40:56
705824,2012.REP.NOM.SCARBOROUGH,Joe Scarborough to be Republican Presidential Nominee in 2012,1,0.4,Mar/25/2010 22:41:01
705824,2012.REP.NOM.SCARBOROUGH,Joe Scarborough to be Republican Presidential Nominee in 2012,3,0.4,Mar/25/2010 22:41:19
705824,2012.REP.NOM.SCARBOROUGH,Joe Scarborough to be Republican Presidential Nominee in 2012,2,0.4,Mar/25/2010 22:41:27
705824,2012.REP.NOM.SCARBOROUGH,Joe Scarborough to be Republican Presidential Nominee in 2012,1,0.4,Mar/25/2010 22:41:34
705824,2012.REP.NOM.SCARBOROUGH,Joe Scarborough to be Republican Presidential Nominee in 2012,2,0.4,Mar/25/2010 22:41:40
705824,2012.REP.NOM.SCARBOROUGH,Joe Scarborough to be Republican Presidential Nominee in 2012,1,0.4,Mar/25/2010 22:42:05
705824,2012.REP.NOM.SCARBOROUGH,Joe Scarborough to be Republican Presidential Nominee in 2012,2,0.4,Mar/25/2010 22:42:12
705824,2012.REP.NOM.SCARBOROUGH,Joe Scarborough to be Republican Presidential Nominee in 2012,2,0.4,Mar/25/2010 22:42:18
705824,2012.REP.NOM.SCARBOROUGH,Joe Scarborough to be Republican Presidential Nominee in 2012,1,0.4,Mar/25/2010 22:42:26
705824,2012.REP.NOM.SCARBOROUGH,Joe Scarborough to be Republican Presidential Nominee in 2012,1,0.4,Mar/25/2010 22:42:33
705824,2012.REP.NOM.SCARBOROUGH,Joe Scarborough to be Republican Presidential Nominee in 2012,1,0.4,Mar/25/2010 22:42:40
705824,2012.REP.NOM.SCARBOROUGH,Joe Scarborough to be Republican Presidential Nominee in 2012,1,0.4,Mar/25/2010 22:42:47
705824,2012.REP.NOM.SCARBOROUGH,Joe Scarborough to be Republican Presidential Nominee in 2012,1,0.4,Mar/25/2010 22:42:55
705824,2012.REP.NOM.SCARBOROUGH,Joe Scarborough to be Republican Presidential Nominee in 2012,1,0.4,Mar/25/2010 22:43:02
705824,2012.REP.NOM.SCARBOROUGH,Joe Scarborough to be Republican Presidential Nominee in 2012,1,0.4,Mar/25/2010 22:43:09
705824,2012.REP.NOM.SCARBOROUGH,Joe Scarborough to be Republican Presidential Nominee in 2012,1,0.4,Mar/25/2010 22:43:16
705824,2012.REP.NOM.SCARBOROUGH,Joe Scarborough to be Republican Presidential Nominee in 2012,1,0.4,Mar/25/2010 22:43:24
705824,2012.REP.NOM.SCARBOROUGH,Joe Scarborough to be Republican Presidential Nominee in 2012,1,0.4,Mar/25/2010 22:43:31
705824,2012.REP.NOM.SCARBOROUGH,Joe Scarborough to be Republican Presidential Nominee in 2012,1,0.4,Mar/25/2010 22:43:39
705824,2012.REP.NOM.SCARBOROUGH,Joe Scarborough to be Republican Presidential Nominee in 2012,1,0.4,Mar/25/2010 22:43:47
705824,2012.REP.NOM.SCARBOROUGH,Joe Scarborough to be Republican Presidential Nominee in 2012,1,0.5,May/17/2010 10:08:12
705824,2012.REP.NOM.SCARBOROUGH,Joe Scarborough to be Republican Presidential Nominee in 2012,1,0.3,May/17/2010 10:09:33
705824,2012.REP.NOM.SCARBOROUGH,Joe Scarborough to be Republican Presidential Nominee in 2012,1,0.3,May/17/2010 10:09:40
705824,2012.REP.NOM.SCARBOROUGH,Joe Scarborough to be Republican Presidential Nominee in 2012,1,0.3,May/17/2010 10:10:09
705824,2012.REP.NOM.SCARBOROUGH,Joe Scarborough to be Republican Presidential Nominee in 2012,1,0.3,May/17/2010 10:10:24
705824,2012.REP.NOM.SCARBOROUGH,Joe Scarborough to be Republican Presidential Nominee in 2012,1,0.3,May/17/2010 10:10:36
705824,2012.REP.NOM.SCARBOROUGH,Joe Scarborough to be Republican Presidential Nominee in 2012,1,0.3,May/17/2010 10:10:45
705824,2012.REP.NOM.SCARBOROUGH,Joe Scarborough to be Republican Presidential Nominee in 2012,1,0.3,May/17/2010 10:10:57
705824,2012.REP.NOM.SCARBOROUGH,Joe Scarborough to be Republican Presidential Nominee in 2012,1,0.3,May/17/2010 10:11:07
705824,2012.REP.NOM.SCARBOROUGH,Joe Scarborough to be Republican Presidential Nominee in 2012,2,0.3,May/17/2010 10:11:15
705824,2012.REP.NOM.SCARBOROUGH,Joe Scarborough to be Republican Presidential Nominee in 2012,1,0.3,May/17/2010 10:11:24
705824,2012.REP.NOM.SCARBOROUGH,Joe Scarborough to be Republican Presidential Nominee in 2012,1,0.3,May/17/2010 10:11:33
705824,2012.REP.NOM.SCARBOROUGH,Joe Scarborough to be Republican Presidential Nominee in 2012,1,0.3,May/17/2010 10:11:42
705824,2012.REP.NOM.SCARBOROUGH,Joe Scarborough to be Republican Presidential Nominee in 2012,3,0.3,May/17/2010 10:11:51
705824,2012.REP.NOM.SCARBOROUGH,Joe Scarborough to be Republican Presidential Nominee in 2012,1,0.3,May/17/2010 10:12:45
705824,2012.REP.NOM.SCARBOROUGH,Joe Scarborough to be Republican Presidential Nominee in 2012,1,0.3,May/17/2010 10:13:03
705824,2012.REP.NOM.SCARBOROUGH,Joe Scarborough to be Republican Presidential Nominee in 2012,1,0.3,May/17/2010 10:13:16
705824,2012.REP.NOM.SCARBOROUGH,Joe Scarborough to be Republican Presidential Nominee in 2012,1,0.3,May/17/2010 10:13:26
705824,2012.REP.NOM.SCARBOROUGH,Joe Scarborough to be Republican Presidential Nominee in 2012,1,0.2,May/17/2010 10:13:53
705824,2012.REP.NOM.SCARBOROUGH,Joe Scarborough to be Republican Presidential Nominee in 2012,1,0.2,May/17/2010 10:14:04
705824,2012.REP.NOM.SCARBOROUGH,Joe Scarborough to be Republican Presidential Nominee in 2012,1,0.2,May/17/2010 10:14:13
705824,2012.REP.NOM.SCARBOROUGH,Joe Scarborough to be Republican Presidential Nominee in 2012,2,0.2,May/17/2010 10:14:23
705824,2012.REP.NOM.SCARBOROUGH,Joe Scarborough to be Republican Presidential Nominee in 2012,1,0.2,May/17/2010 10:14:30
705824,2012.REP.NOM.SCARBOROUGH,Joe Scarborough to be Republican Presidential Nominee in 2012,1,0.2,May/17/2010 10:14:41
705824,2012.REP.NOM.SCARBOROUGH,Joe Scarborough to be Republican Presidential Nominee in 2012,1,0.2,May/17/2010 10:14:50
705824,2012.REP.NOM.SCARBOROUGH,Joe Scarborough to be Republican Presidential Nominee in 2012,2,0.2,May/17/2010 10:14:59
705824,2012.REP.NOM.SCARBOROUGH,Joe Scarborough to be Republican Presidential Nominee in 2012,1,0.2,May/17/2010 10:15:09
705824,2012.REP.NOM.SCARBOROUGH,Joe Scarborough to be Republican Presidential Nominee in 2012,1,0.2,May/17/2010 10:15:17
705824,2012.REP.NOM.SCARBOROUGH,Joe Scarborough to be Republican Presidential Nominee in 2012,1,0.2,May/17/2010 10:15:27
705824,2012.REP.NOM.SCARBOROUGH,Joe Scarborough to be Republican Presidential Nominee in 2012,1,0.2,May/17/2010 10:15:38
705824,2012.REP.NOM.SCARBOROUGH,Joe Scarborough to be Republican Presidential Nominee in 2012,1,0.2,May/17/2010 10:15:48
705824,2012.REP.NOM.SCARBOROUGH,Joe Scarborough to be Republican Presidential Nominee in 2012,50,0.2,May/27/2010 11:27:07
705824,2012.REP.NOM.SCARBOROUGH,Joe Scarborough to be Republican Presidential Nominee in 2012,10,0.3,May/28/2010 12:32:47
705824,2012.REP.NOM.SCARBOROUGH,Joe Scarborough to be Republican Presidential Nominee in 2012,14,0.2,May/28/2010 12:32:47
705824,2012.REP.NOM.SCARBOROUGH,Joe Scarborough to be Republican Presidential Nominee in 2012,20,0.2,Jun/01/2010 17:35:51
705824,2012.REP.NOM.SCARBOROUGH,Joe Scarborough to be Republican Presidential Nominee in 2012,3,0.2,Jun/01/2010 20:39:59
705824,2012.REP.NOM.SCARBOROUGH,Joe Scarborough to be Republican Presidential Nominee in 2012,1,0.2,Jun/01/2010 20:39:59
705824,2012.REP.NOM.SCARBOROUGH,Joe Scarborough to be Republican Presidential Nominee in 2012,1,0.2,Jun/02/2010 10:26:01
705824,2012.REP.NOM.SCARBOROUGH,Joe Scarborough to be Republican Presidential Nominee in 2012,5,0.2,Jun/03/2010 12:27:36
705824,2012.REP.NOM.SCARBOROUGH,Joe Scarborough to be Republican Presidential Nominee in 2012,2,0.2,Jun/03/2010 20:17:06
705824,2012.REP.NOM.SCARBOROUGH,Joe Scarborough to be Republican Presidential Nominee in 2012,31,0.2,Jun/04/2010 10:36:03
705824,2012.REP.NOM.SCARBOROUGH,Joe Scarborough to be Republican Presidential Nominee in 2012,20,0.2,Jun/04/2010 21:46:22
705824,2012.REP.NOM.SCARBOROUGH,Joe Scarborough to be Republican Presidential Nominee in 2012,20,0.2,Jun/04/2010 22:55:46
705824,2012.REP.NOM.SCARBOROUGH,Joe Scarborough to be Republican Presidential Nominee in 2012,8,0.2,Jun/09/2010 20:22:32
705824,2012.REP.NOM.SCARBOROUGH,Joe Scarborough to be Republican Presidential Nominee in 2012,1,0.2,Jun/11/2010 09:56:15
705824,2012.REP.NOM.SCARBOROUGH,Joe Scarborough to be Republican Presidential Nominee in 2012,22,0.2,Jun/29/2010 10:47:22
705824,2012.REP.NOM.SCARBOROUGH,Joe Scarborough to be Republican Presidential Nominee in 2012,8,0.2,Jun/29/2010 10:47:41
705824,2012.REP.NOM.SCARBOROUGH,Joe Scarborough to be Republican Presidential Nominee in 2012,47,0.1,Jul/12/2010 06:43:04
705824,2012.REP.NOM.SCARBOROUGH,Joe Scarborough to be Republican Presidential Nominee in 2012,10,0.1,Jul/12/2010 06:43:04
705824,2012.REP.NOM.SCARBOROUGH,Joe Scarborough to be Republican Presidential Nominee in 2012,10,0.1,Jul/12/2010 06:43:04
705824,2012.REP.NOM.SCARBOROUGH,Joe Scarborough to be Republican Presidential Nominee in 2012,18,0.1,Jul/12/2010 21:16:43
705824,2012.REP.NOM.SCARBOROUGH,Joe Scarborough to be Republican Presidential Nominee in 2012,3,0.1,Jul/12/2010 21:16:54
705824,2012.REP.NOM.SCARBOROUGH,Joe Scarborough to be Republican Presidential Nominee in 2012,2,0.1,Jul/13/2010 05:45:27
705824,2012.REP.NOM.SCARBOROUGH,Joe Scarborough to be Republican Presidential Nominee in 2012,30,0.1,Jul/13/2010 19:28:18
705824,2012.REP.NOM.SCARBOROUGH,Joe Scarborough to be Republican Presidential Nominee in 2012,9,0.1,Jul/13/2010 19:28:18
705824,2012.REP.NOM.SCARBOROUGH,Joe Scarborough to be Republican Presidential Nominee in 2012,91,0.1,Jul/17/2010 19:13:30
705824,2012.REP.NOM.SCARBOROUGH,Joe Scarborough to be Republican Presidential Nominee in 2012,9,0.1,Jul/17/2010 19:13:30
705824,2012.REP.NOM.SCARBOROUGH,Joe Scarborough to be Republican Presidential Nominee in 2012,10,0.2,Jul/23/2010 03:08:47
705824,2012.REP.NOM.SCARBOROUGH,Joe Scarborough to be Republican Presidential Nominee in 2012,1,0.2,Jul/23/2010 03:08:47
705824,2012.REP.NOM.SCARBOROUGH,Joe Scarborough to be Republican Presidential Nominee in 2012,10,0.2,Jul/25/2010 16:45:54
705824,2012.REP.NOM.SCARBOROUGH,Joe Scarborough to be Republican Presidential Nominee in 2012,18,0.5,Jul/25/2010 16:45:54
705824,2012.REP.NOM.SCARBOROUGH,Joe Scarborough to be Republican Presidential Nominee in 2012,18,0.6,Jul/25/2010 16:45:54
705824,2012.REP.NOM.SCARBOROUGH,Joe Scarborough to be Republican Presidential Nominee in 2012,1,0.7,Aug/23/2010 03:30:13
705824,2012.REP.NOM.SCARBOROUGH,Joe Scarborough to be Republican Presidential Nominee in 2012,1,0.8,Aug/23/2010 03:30:29
705824,2012.REP.NOM.SCARBOROUGH,Joe Scarborough to be Republican Presidential Nominee in 2012,1,0.9,Aug/23/2010 03:30:41
705824,2012.REP.NOM.SCARBOROUGH,Joe Scarborough to be Republican Presidential Nominee in 2012,2,0.9,Aug/23/2010 03:31:20
705824,2012.REP.NOM.SCARBOROUGH,Joe Scarborough to be Republican Presidential Nominee in 2012,2,0.9,Nov/04/2010 12:32:09
705824,2012.REP.NOM.SCARBOROUGH,Joe Scarborough to be Republican Presidential Nominee in 2012,5,1.0,Nov/04/2010 12:32:09
705824,2012.REP.NOM.SCARBOROUGH,Joe Scarborough to be Republican Presidential Nominee in 2012,71,1.0,Nov/05/2010 17:48:57
705824,2012.REP.NOM.SCARBOROUGH,Joe Scarborough to be Republican Presidential Nominee in 2012,78,1.0,Nov/05/2010 17:50:56
705824,2012.REP.NOM.SCARBOROUGH,Joe Scarborough to be Republican Presidential Nominee in 2012,9,1.0,Nov/05/2010 17:53:39
705824,2012.REP.NOM.SCARBOROUGH,Joe Scarborough to be Republican Presidential Nominee in 2012,2,1.0,Nov/05/2010 18:00:37
705824,2012.REP.NOM.SCARBOROUGH,Joe Scarborough to be Republican Presidential Nominee in 2012,1,1.0,Nov/05/2010 20:46:18
705824,2012.REP.NOM.SCARBOROUGH,Joe Scarborough to be Republican Presidential Nominee in 2012,40,1.0,Nov/05/2010 22:26:27
705824,2012.REP.NOM.SCARBOROUGH,Joe Scarborough to be Republican Presidential Nominee in 2012,5,1.0,Nov/06/2010 00:01:56
705824,2012.REP.NOM.SCARBOROUGH,Joe Scarborough to be Republican Presidential Nominee in 2012,37,1.0,Nov/06/2010 21:37:19
705824,2012.REP.NOM.SCARBOROUGH,Joe Scarborough to be Republican Presidential Nominee in 2012,9,0.3,Nov/06/2010 21:37:19
705824,2012.REP.NOM.SCARBOROUGH,Joe Scarborough to be Republican Presidential Nominee in 2012,2,0.6,Nov/06/2010 21:37:19
705824,2012.REP.NOM.SCARBOROUGH,Joe Scarborough to be Republican Presidential Nominee in 2012,2,0.3,Nov/06/2010 21:37:19
705824,2012.REP.NOM.SCARBOROUGH,Joe Scarborough to be Republican Presidential Nominee in 2012,18,0.3,Nov/07/2010 21:41:40
705824,2012.REP.NOM.SCARBOROUGH,Joe Scarborough to be Republican Presidential Nominee in 2012,2,0.3,Nov/07/2010 21:41:40
705824,2012.REP.NOM.SCARBOROUGH,Joe Scarborough to be Republican Presidential Nominee in 2012,20,0.2,Nov/08/2010 06:10:33
705824,2012.REP.NOM.SCARBOROUGH,Joe Scarborough to be Republican Presidential Nominee in 2012,5,0.2,Nov/08/2010 11:41:38
705824,2012.REP.NOM.SCARBOROUGH,Joe Scarborough to be Republican Presidential Nominee in 2012,28,0.1,Nov/09/2010 21:22:01
705824,2012.REP.NOM.SCARBOROUGH,Joe Scarborough to be Republican Presidential Nominee in 2012,1,0.1,Nov/09/2010 21:22:01
705824,2012.REP.NOM.SCARBOROUGH,Joe Scarborough to be Republican Presidential Nominee in 2012,11,0.2,Nov/09/2010 21:22:01
705824,2012.REP.NOM.SCARBOROUGH,Joe Scarborough to be Republican Presidential Nominee in 2012,29,0.1,Nov/10/2010 06:54:40
705824,2012.REP.NOM.SCARBOROUGH,Joe Scarborough to be Republican Presidential Nominee in 2012,6,0.1,Nov/10/2010 17:23:28
705824,2012.REP.NOM.SCARBOROUGH,Joe Scarborough to be Republican Presidential Nominee in 2012,8,0.1,Nov/11/2010 07:51:56
705824,2012.REP.NOM.SCARBOROUGH,Joe Scarborough to be Republican Presidential Nominee in 2012,1,0.2,Nov/13/2010 15:09:39
705824,2012.REP.NOM.SCARBOROUGH,Joe Scarborough to be Republican Presidential Nominee in 2012,1,0.1,Nov/13/2010 23:24:03
705824,2012.REP.NOM.SCARBOROUGH,Joe Scarborough to be Republican Presidential Nominee in 2012,1,0.1,Nov/15/2010 18:02:48
705824,2012.REP.NOM.SCARBOROUGH,Joe Scarborough to be Republican Presidential Nominee in 2012,44,0.1,Nov/17/2010 07:53:48
705824,2012.REP.NOM.SCARBOROUGH,Joe Scarborough to be Republican Presidential Nominee in 2012,73,0.1,Nov/17/2010 07:53:48
705824,2012.REP.NOM.SCARBOROUGH,Joe Scarborough to be Republican Presidential Nominee in 2012,1,0.1,Nov/19/2010 08:32:39
705824,2012.REP.NOM.SCARBOROUGH,Joe Scarborough to be Republican Presidential Nominee in 2012,10,0.1,Jan/03/2011 16:06:21
705824,2012.REP.NOM.SCARBOROUGH,Joe Scarborough to be Republican Presidential Nominee in 2012,5,0.1,Jan/03/2011 16:06:21
705824,2012.REP.NOM.SCARBOROUGH,Joe Scarborough to be Republican Presidential Nominee in 2012,10,0.1,Jan/03/2011 16:06:21
705824,2012.REP.NOM.SCARBOROUGH,Joe Scarborough to be Republican Presidential Nominee in 2012,10,0.1,Jan/03/2011 16:06:21
705824,2012.REP.NOM.SCARBOROUGH,Joe Scarborough to be Republican Presidential Nominee in 2012,10,0.1,Jan/03/2011 16:06:21
705824,2012.REP.NOM.SCARBOROUGH,Joe Scarborough to be Republican Presidential Nominee in 2012,10,0.1,Jan/03/2011 16:06:21
705824,2012.REP.NOM.SCARBOROUGH,Joe Scarborough to be Republican Presidential Nominee in 2012,10,0.1,Jan/03/2011 16:06:21
705824,2012.REP.NOM.SCARBOROUGH,Joe Scarborough to be Republican Presidential Nominee in 2012,20,0.1,Jan/03/2011 16:06:21
705824,2012.REP.NOM.SCARBOROUGH,Joe Scarborough to be Republican Presidential Nominee in 2012,1,0.1,Jan/03/2011 16:20:18
705824,2012.REP.NOM.SCARBOROUGH,Joe Scarborough to be Republican Presidential Nominee in 2012,10,0.1,Jan/08/2011 17:41:31
705824,2012.REP.NOM.SCARBOROUGH,Joe Scarborough to be Republican Presidential Nominee in 2012,10,0.1,Jan/08/2011 17:41:31
705824,2012.REP.NOM.SCARBOROUGH,Joe Scarborough to be Republican Presidential Nominee in 2012,10,0.1,Jan/08/2011 17:41:31
705824,2012.REP.NOM.SCARBOROUGH,Joe Scarborough to be Republican Presidential Nominee in 2012,10,0.1,Jan/08/2011 17:41:31
705824,2012.REP.NOM.SCARBOROUGH,Joe Scarborough to be Republican Presidential Nominee in 2012,10,0.1,Jan/08/2011 17:41:31
705824,2012.REP.NOM.SCARBOROUGH,Joe Scarborough to be Republican Presidential Nominee in 2012,10,0.1,Jan/08/2011 17:41:31
705824,2012.REP.NOM.SCARBOROUGH,Joe Scarborough to be Republican Presidential Nominee in 2012,10,0.1,Jan/08/2011 17:41:31
705824,2012.REP.NOM.SCARBOROUGH,Joe Scarborough to be Republican Presidential Nominee in 2012,10,0.1,Jan/08/2011 17:41:31
705824,2012.REP.NOM.SCARBOROUGH,Joe Scarborough to be Republican Presidential Nominee in 2012,10,0.1,Jan/08/2011 17:41:31
705824,2012.REP.NOM.SCARBOROUGH,Joe Scarborough to be Republican Presidential Nominee in 2012,10,0.1,Jan/08/2011 17:41:31
705824,2012.REP.NOM.SCARBOROUGH,Joe Scarborough to be Republican Presidential Nominee in 2012,74,0.1,Jan/08/2011 17:41:31
705824,2012.REP.NOM.SCARBOROUGH,Joe Scarborough to be Republican Presidential Nominee in 2012,1,0.1,Jan/08/2011 17:47:44
705824,2012.REP.NOM.SCARBOROUGH,Joe Scarborough to be Republican Presidential Nominee in 2012,2,0.1,Jan/08/2011 17:47:50
705824,2012.REP.NOM.SCARBOROUGH,Joe Scarborough to be Republican Presidential Nominee in 2012,10,0.1,Jan/08/2011 17:47:56
705824,2012.REP.NOM.SCARBOROUGH,Joe Scarborough to be Republican Presidential Nominee in 2012,2,0.1,Jan/08/2011 17:48:02
705824,2012.REP.NOM.SCARBOROUGH,Joe Scarborough to be Republican Presidential Nominee in 2012,4,0.1,Jan/08/2011 17:48:08
705824,2012.REP.NOM.SCARBOROUGH,Joe Scarborough to be Republican Presidential Nominee in 2012,3,0.1,Jan/08/2011 17:48:14
705824,2012.REP.NOM.SCARBOROUGH,Joe Scarborough to be Republican Presidential Nominee in 2012,1,0.1,Jan/08/2011 17:48:20
705824,2012.REP.NOM.SCARBOROUGH,Joe Scarborough to be Republican Presidential Nominee in 2012,2,0.1,Jan/08/2011 17:48:26
705824,2012.REP.NOM.SCARBOROUGH,Joe Scarborough to be Republican Presidential Nominee in 2012,1,0.1,Jan/08/2011 17:48:32
705824,2012.REP.NOM.SCARBOROUGH,Joe Scarborough to be Republican Presidential Nominee in 2012,290,0.1,Jan/11/2011 22:21:02
705824,2012.REP.NOM.SCARBOROUGH,Joe Scarborough to be Republican Presidential Nominee in 2012,39,0.1,Jan/11/2011 22:21:02
705824,2012.REP.NOM.SCARBOROUGH,Joe Scarborough to be Republican Presidential Nominee in 2012,40,0.1,Jan/11/2011 22:21:02
705824,2012.REP.NOM.SCARBOROUGH,Joe Scarborough to be Republican Presidential Nominee in 2012,10,0.1,Jan/11/2011 22:23:55
705824,2012.REP.NOM.SCARBOROUGH,Joe Scarborough to be Republican Presidential Nominee in 2012,80,0.1,Jan/12/2011 00:11:49
705824,2012.REP.NOM.SCARBOROUGH,Joe Scarborough to be Republican Presidential Nominee in 2012,25,0.1,Jan/12/2011 01:36:56
705824,2012.REP.NOM.SCARBOROUGH,Joe Scarborough to be Republican Presidential Nominee in 2012,10,0.1,Jan/12/2011 08:14:20
705824,2012.REP.NOM.SCARBOROUGH,Joe Scarborough to be Republican Presidential Nominee in 2012,40,0.1,Jan/14/2011 01:57:08
705824,2012.REP.NOM.SCARBOROUGH,Joe Scarborough to be Republican Presidential Nominee in 2012,5,0.1,Jan/14/2011 01:57:08
705824,2012.REP.NOM.SCARBOROUGH,Joe Scarborough to be Republican Presidential Nominee in 2012,60,0.1,Jan/14/2011 01:57:08
705824,2012.REP.NOM.SCARBOROUGH,Joe Scarborough to be Republican Presidential Nominee in 2012,30,0.1,Jan/16/2011 00:01:28
705824,2012.REP.NOM.SCARBOROUGH,Joe Scarborough to be Republican Presidential Nominee in 2012,20,0.1,Jan/17/2011 18:36:52
705824,2012.REP.NOM.SCARBOROUGH,Joe Scarborough to be Republican Presidential Nominee in 2012,1,0.1,Jan/19/2011 13:52:57
705824,2012.REP.NOM.SCARBOROUGH,Joe Scarborough to be Republican Presidential Nominee in 2012,1,0.1,Jan/19/2011 13:53:03
705824,2012.REP.NOM.SCARBOROUGH,Joe Scarborough to be Republican Presidential Nominee in 2012,2,0.1,Jan/19/2011 13:53:34
705824,2012.REP.NOM.SCARBOROUGH,Joe Scarborough to be Republican Presidential Nominee in 2012,5,0.1,Jan/20/2011 15:03:55
705824,2012.REP.NOM.SCARBOROUGH,Joe Scarborough to be Republican Presidential Nominee in 2012,4,0.1,Jan/20/2011 15:04:27
705824,2012.REP.NOM.SCARBOROUGH,Joe Scarborough to be Republican Presidential Nominee in 2012,1,0.1,Jan/20/2011 15:07:50
705824,2012.REP.NOM.SCARBOROUGH,Joe Scarborough to be Republican Presidential Nominee in 2012,1,0.1,Jan/20/2011 15:07:56
705824,2012.REP.NOM.SCARBOROUGH,Joe Scarborough to be Republican Presidential Nominee in 2012,1,0.1,Jan/20/2011 15:08:26
705824,2012.REP.NOM.SCARBOROUGH,Joe Scarborough to be Republican Presidential Nominee in 2012,1,0.1,Jan/20/2011 15:08:32
705824,2012.REP.NOM.SCARBOROUGH,Joe Scarborough to be Republican Presidential Nominee in 2012,3,0.1,Jan/20/2011 15:09:07
705824,2012.REP.NOM.SCARBOROUGH,Joe Scarborough to be Republican Presidential Nominee in 2012,2,0.1,Jan/20/2011 15:10:17
705824,2012.REP.NOM.SCARBOROUGH,Joe Scarborough to be Republican Presidential Nominee in 2012,3,0.1,Jan/20/2011 15:10:23
705824,2012.REP.NOM.SCARBOROUGH,Joe Scarborough to be Republican Presidential Nominee in 2012,3,0.1,Jan/20/2011 15:10:53
705824,2012.REP.NOM.SCARBOROUGH,Joe Scarborough to be Republican Presidential Nominee in 2012,1,0.1,Jan/21/2011 19:22:27
705824,2012.REP.NOM.SCARBOROUGH,Joe Scarborough to be Republican Presidential Nominee in 2012,4,0.1,Jan/21/2011 19:23:37
705824,2012.REP.NOM.SCARBOROUGH,Joe Scarborough to be Republican Presidential Nominee in 2012,4,0.1,Jan/21/2011 19:24:08
705824,2012.REP.NOM.SCARBOROUGH,Joe Scarborough to be Republican Presidential Nominee in 2012,1,0.1,Jan/21/2011 19:24:43
705824,2012.REP.NOM.SCARBOROUGH,Joe Scarborough to be Republican Presidential Nominee in 2012,1,0.1,Jan/21/2011 19:26:13
705824,2012.REP.NOM.SCARBOROUGH,Joe Scarborough to be Republican Presidential Nominee in 2012,2,0.1,Jan/21/2011 19:26:19
705824,2012.REP.NOM.SCARBOROUGH,Joe Scarborough to be Republican Presidential Nominee in 2012,2,0.1,Jan/21/2011 19:26:21
705824,2012.REP.NOM.SCARBOROUGH,Joe Scarborough to be Republican Presidential Nominee in 2012,2,0.1,Jan/21/2011 21:52:06
705824,2012.REP.NOM.SCARBOROUGH,Joe Scarborough to be Republican Presidential Nominee in 2012,2,0.1,Jan/22/2011 00:01:33
705824,2012.REP.NOM.SCARBOROUGH,Joe Scarborough to be Republican Presidential Nominee in 2012,8,0.1,Jan/22/2011 00:08:05
705824,2012.REP.NOM.SCARBOROUGH,Joe Scarborough to be Republican Presidential Nominee in 2012,3,0.1,Jan/22/2011 00:08:11
705824,2012.REP.NOM.SCARBOROUGH,Joe Scarborough to be Republican Presidential Nominee in 2012,10,0.1,Jan/22/2011 03:58:50
705824,2012.REP.NOM.SCARBOROUGH,Joe Scarborough to be Republican Presidential Nominee in 2012,1,0.1,Jan/23/2011 16:18:29
705824,2012.REP.NOM.SCARBOROUGH,Joe Scarborough to be Republican Presidential Nominee in 2012,1,0.1,Jan/23/2011 16:19:00
705824,2012.REP.NOM.SCARBOROUGH,Joe Scarborough to be Republican Presidential Nominee in 2012,1,0.1,Jan/23/2011 16:19:25
705824,2012.REP.NOM.SCARBOROUGH,Joe Scarborough to be Republican Presidential Nominee in 2012,1,0.1,Jan/23/2011 16:19:32
705824,2012.REP.NOM.SCARBOROUGH,Joe Scarborough to be Republican Presidential Nominee in 2012,1,0.1,Jan/23/2011 16:19:38
705824,2012.REP.NOM.SCARBOROUGH,Joe Scarborough to be Republican Presidential Nominee in 2012,1,0.1,Jan/23/2011 16:19:59
705824,2012.REP.NOM.SCARBOROUGH,Joe Scarborough to be Republican Presidential Nominee in 2012,1,0.1,Jan/23/2011 16:20:55
705824,2012.REP.NOM.SCARBOROUGH,Joe Scarborough to be Republican Presidential Nominee in 2012,1,0.1,Jan/23/2011 16:21:00
705824,2012.REP.NOM.SCARBOROUGH,Joe Scarborough to be Republican Presidential Nominee in 2012,1,0.1,Jan/23/2011 16:21:06
705824,2012.REP.NOM.SCARBOROUGH,Joe Scarborough to be Republican Presidential Nominee in 2012,1,0.1,Jan/23/2011 16:21:43
705824,2012.REP.NOM.SCARBOROUGH,Joe Scarborough to be Republican Presidential Nominee in 2012,1,0.1,Jan/25/2011 11:31:16
705824,2012.REP.NOM.SCARBOROUGH,Joe Scarborough to be Republican Presidential Nominee in 2012,2,0.1,Jan/25/2011 11:31:22
705824,2012.REP.NOM.SCARBOROUGH,Joe Scarborough to be Republican Presidential Nominee in 2012,2,0.1,Jan/25/2011 11:31:28
705824,2012.REP.NOM.SCARBOROUGH,Joe Scarborough to be Republican Presidential Nominee in 2012,2,0.1,Jan/25/2011 11:31:34
705824,2012.REP.NOM.SCARBOROUGH,Joe Scarborough to be Republican Presidential Nominee in 2012,5,0.1,Jan/26/2011 22:02:03
705824,2012.REP.NOM.SCARBOROUGH,Joe Scarborough to be Republican Presidential Nominee in 2012,10,0.1,Feb/01/2011 03:26:17
705824,2012.REP.NOM.SCARBOROUGH,Joe Scarborough to be Republican Presidential Nominee in 2012,10,0.1,Feb/01/2011 03:30:52
705824,2012.REP.NOM.SCARBOROUGH,Joe Scarborough to be Republican Presidential Nominee in 2012,20,0.1,Feb/02/2011 03:32:04
705824,2012.REP.NOM.SCARBOROUGH,Joe Scarborough to be Republican Presidential Nominee in 2012,20,0.1,Feb/02/2011 15:16:19
705824,2012.REP.NOM.SCARBOROUGH,Joe Scarborough to be Republican Presidential Nominee in 2012,50,0.1,Feb/02/2011 16:44:53
705824,2012.REP.NOM.SCARBOROUGH,Joe Scarborough to be Republican Presidential Nominee in 2012,20,0.1,Feb/02/2011 17:16:48
705824,2012.REP.NOM.SCARBOROUGH,Joe Scarborough to be Republican Presidential Nominee in 2012,20,0.1,Feb/02/2011 18:29:03
705824,2012.REP.NOM.SCARBOROUGH,Joe Scarborough to be Republican Presidential Nominee in 2012,60,0.1,Feb/02/2011 23:02:25
705824,2012.REP.NOM.SCARBOROUGH,Joe Scarborough to be Republican Presidential Nominee in 2012,525,0.1,Feb/06/2011 01:31:58
705824,2012.REP.NOM.SCARBOROUGH,Joe Scarborough to be Republican Presidential Nominee in 2012,10,0.5,Feb/06/2011 01:36:36
705824,2012.REP.NOM.SCARBOROUGH,Joe Scarborough to be Republican Presidential Nominee in 2012,10,0.5,Feb/06/2011 01:36:36
705824,2012.REP.NOM.SCARBOROUGH,Joe Scarborough to be Republican Presidential Nominee in 2012,20,0.3,Feb/06/2011 01:36:36
705824,2012.REP.NOM.SCARBOROUGH,Joe Scarborough to be Republican Presidential Nominee in 2012,40,0.2,Feb/06/2011 01:36:36
705824,2012.REP.NOM.SCARBOROUGH,Joe Scarborough to be Republican Presidential Nominee in 2012,222,0.4,Feb/06/2011 01:36:36
705824,2012.REP.NOM.SCARBOROUGH,Joe Scarborough to be Republican Presidential Nominee in 2012,1,0.6,Feb/06/2011 01:36:36
705824,2012.REP.NOM.SCARBOROUGH,Joe Scarborough to be Republican Presidential Nominee in 2012,9,0.2,Feb/06/2011 01:36:36
705824,2012.REP.NOM.SCARBOROUGH,Joe Scarborough to be Republican Presidential Nominee in 2012,11,0.3,Feb/06/2011 01:36:36
705824,2012.REP.NOM.SCARBOROUGH,Joe Scarborough to be Republican Presidential Nominee in 2012,20,0.3,Feb/06/2011 01:36:36
705824,2012.REP.NOM.SCARBOROUGH,Joe Scarborough to be Republican Presidential Nominee in 2012,5,0.4,Feb/06/2011 01:36:36
705824,2012.REP.NOM.SCARBOROUGH,Joe Scarborough to be Republican Presidential Nominee in 2012,2,0.5,Feb/06/2011 01:36:36
705824,2012.REP.NOM.SCARBOROUGH,Joe Scarborough to be Republican Presidential Nominee in 2012,20,0.2,Feb/06/2011 09:02:12
705824,2012.REP.NOM.SCARBOROUGH,Joe Scarborough to be Republican Presidential Nominee in 2012,20,0.2,Feb/06/2011 09:02:12
705824,2012.REP.NOM.SCARBOROUGH,Joe Scarborough to be Republican Presidential Nominee in 2012,1,0.4,Feb/06/2011 09:02:12
705824,2012.REP.NOM.SCARBOROUGH,Joe Scarborough to be Republican Presidential Nominee in 2012,10,0.3,Feb/06/2011 09:02:12
705824,2012.REP.NOM.SCARBOROUGH,Joe Scarborough to be Republican Presidential Nominee in 2012,2,0.1,Feb/07/2011 21:45:40
705824,2012.REP.NOM.SCARBOROUGH,Joe Scarborough to be Republican Presidential Nominee in 2012,1,0.1,Feb/07/2011 21:45:46
705824,2012.REP.NOM.SCARBOROUGH,Joe Scarborough to be Republican Presidential Nominee in 2012,1,0.1,Feb/07/2011 21:45:52
705824,2012.REP.NOM.SCARBOROUGH,Joe Scarborough to be Republican Presidential Nominee in 2012,1,0.1,Feb/07/2011 21:50:56
705824,2012.REP.NOM.SCARBOROUGH,Joe Scarborough to be Republican Presidential Nominee in 2012,1,0.1,Feb/07/2011 21:51:02
705824,2012.REP.NOM.SCARBOROUGH,Joe Scarborough to be Republican Presidential Nominee in 2012,1,0.1,Feb/09/2011 13:50:55
705824,2012.REP.NOM.SCARBOROUGH,Joe Scarborough to be Republican Presidential Nominee in 2012,20,0.2,Feb/10/2011 13:33:00
705824,2012.REP.NOM.SCARBOROUGH,Joe Scarborough to be Republican Presidential Nominee in 2012,4,0.2,Feb/10/2011 13:33:00
705824,2012.REP.NOM.SCARBOROUGH,Joe Scarborough to be Republican Presidential Nominee in 2012,2,0.3,Feb/10/2011 13:33:00
705824,2012.REP.NOM.SCARBOROUGH,Joe Scarborough to be Republican Presidential Nominee in 2012,20,0.2,Feb/10/2011 13:33:00
705824,2012.REP.NOM.SCARBOROUGH,Joe Scarborough to be Republican Presidential Nominee in 2012,20,0.2,Feb/10/2011 13:33:00
705824,2012.REP.NOM.SCARBOROUGH,Joe Scarborough to be Republican Presidential Nominee in 2012,20,0.2,Feb/10/2011 13:33:00
705824,2012.REP.NOM.SCARBOROUGH,Joe Scarborough to be Republican Presidential Nominee in 2012,10,0.3,Feb/10/2011 13:33:00
705824,2012.REP.NOM.SCARBOROUGH,Joe Scarborough to be Republican Presidential Nominee in 2012,40,0.2,Feb/12/2011 00:18:00
705824,2012.REP.NOM.SCARBOROUGH,Joe Scarborough to be Republican Presidential Nominee in 2012,20,0.2,Feb/12/2011 00:18:00
705824,2012.REP.NOM.SCARBOROUGH,Joe Scarborough to be Republican Presidential Nominee in 2012,1,0.5,Feb/12/2011 00:18:00
705824,2012.REP.NOM.SCARBOROUGH,Joe Scarborough to be Republican Presidential Nominee in 2012,20,0.3,Feb/12/2011 00:18:00
705824,2012.REP.NOM.SCARBOROUGH,Joe Scarborough to be Republican Presidential Nominee in 2012,1,0.4,Feb/12/2011 00:18:00
705824,2012.REP.NOM.SCARBOROUGH,Joe Scarborough to be Republican Presidential Nominee in 2012,499,0.4,Feb/12/2011 00:18:00
705824,2012.REP.NOM.SCARBOROUGH,Joe Scarborough to be Republican Presidential Nominee in 2012,33,0.2,Feb/15/2011 02:34:41
705824,2012.REP.NOM.SCARBOROUGH,Joe Scarborough to be Republican Presidential Nominee in 2012,17,0.2,Feb/15/2011 02:34:41
705824,2012.REP.NOM.SCARBOROUGH,Joe Scarborough to be Republican Presidential Nominee in 2012,5,0.1,Feb/15/2011 13:01:40
705824,2012.REP.NOM.SCARBOROUGH,Joe Scarborough to be Republican Presidential Nominee in 2012,3,0.2,Feb/16/2011 00:31:26
705824,2012.REP.NOM.SCARBOROUGH,Joe Scarborough to be Republican Presidential Nominee in 2012,20,0.3,Feb/16/2011 00:31:26
705824,2012.REP.NOM.SCARBOROUGH,Joe Scarborough to be Republican Presidential Nominee in 2012,20,0.2,Feb/16/2011 00:31:26
705824,2012.REP.NOM.SCARBOROUGH,Joe Scarborough to be Republican Presidential Nominee in 2012,10,0.3,Feb/16/2011 00:31:26
705824,2012.REP.NOM.SCARBOROUGH,Joe Scarborough to be Republican Presidential Nominee in 2012,20,0.2,Feb/16/2011 00:31:26
705824,2012.REP.NOM.SCARBOROUGH,Joe Scarborough to be Republican Presidential Nominee in 2012,33,0.3,Feb/16/2011 00:31:26
705824,2012.REP.NOM.SCARBOROUGH,Joe Scarborough to be Republican Presidential Nominee in 2012,1,0.3,Feb/16/2011 00:31:26
705824,2012.REP.NOM.SCARBOROUGH,Joe Scarborough to be Republican Presidential Nominee in 2012,4,0.2,Feb/16/2011 00:31:26
705824,2012.REP.NOM.SCARBOROUGH,Joe Scarborough to be Republican Presidential Nominee in 2012,1,0.4,Feb/16/2011 00:31:26
705824,2012.REP.NOM.SCARBOROUGH,Joe Scarborough to be Republican Presidential Nominee in 2012,20,0.2,Feb/16/2011 00:31:26
705824,2012.REP.NOM.SCARBOROUGH,Joe Scarborough to be Republican Presidential Nominee in 2012,20,0.2,Feb/16/2011 00:31:26
705824,2012.REP.NOM.SCARBOROUGH,Joe Scarborough to be Republican Presidential Nominee in 2012,20,0.3,Feb/16/2011 18:26:08
705824,2012.REP.NOM.SCARBOROUGH,Joe Scarborough to be Republican Presidential Nominee in 2012,20,0.3,Feb/16/2011 18:26:08
705824,2012.REP.NOM.SCARBOROUGH,Joe Scarborough to be Republican Presidential Nominee in 2012,499,0.4,Feb/16/2011 18:26:21
705824,2012.REP.NOM.SCARBOROUGH,Joe Scarborough to be Republican Presidential Nominee in 2012,1,0.4,Feb/16/2011 18:26:21
705824,2012.REP.NOM.SCARBOROUGH,Joe Scarborough to be Republican Presidential Nominee in 2012,32,0.4,Feb/16/2011 18:26:35
705824,2012.REP.NOM.SCARBOROUGH,Joe Scarborough to be Republican Presidential Nominee in 2012,20,0.4,Feb/16/2011 18:39:22
705824,2012.REP.NOM.SCARBOROUGH,Joe Scarborough to be Republican Presidential Nominee in 2012,1,0.2,Feb/17/2011 06:18:54
705824,2012.REP.NOM.SCARBOROUGH,Joe Scarborough to be Republican Presidential Nominee in 2012,1,0.2,Feb/17/2011 14:52:31
705824,2012.REP.NOM.SCARBOROUGH,Joe Scarborough to be Republican Presidential Nominee in 2012,1,0.2,Feb/17/2011 14:53:47
705824,2012.REP.NOM.SCARBOROUGH,Joe Scarborough to be Republican Presidential Nominee in 2012,3,0.2,Feb/17/2011 14:53:57
705824,2012.REP.NOM.SCARBOROUGH,Joe Scarborough to be Republican Presidential Nominee in 2012,4,0.2,Feb/17/2011 14:54:22
705824,2012.REP.NOM.SCARBOROUGH,Joe Scarborough to be Republican Presidential Nominee in 2012,20,0.3,Feb/19/2011 22:40:48
705824,2012.REP.NOM.SCARBOROUGH,Joe Scarborough to be Republican Presidential Nominee in 2012,20,0.3,Feb/19/2011 22:40:48
705824,2012.REP.NOM.SCARBOROUGH,Joe Scarborough to be Republican Presidential Nominee in 2012,135,0.2,Feb/20/2011 05:42:23
705824,2012.REP.NOM.SCARBOROUGH,Joe Scarborough to be Republican Presidential Nominee in 2012,5,0.2,Feb/20/2011 07:33:12
705824,2012.REP.NOM.SCARBOROUGH,Joe Scarborough to be Republican Presidential Nominee in 2012,60,0.3,Feb/20/2011 12:49:17
705824,2012.REP.NOM.SCARBOROUGH,Joe Scarborough to be Republican Presidential Nominee in 2012,20,0.3,Feb/20/2011 12:49:17
705824,2012.REP.NOM.SCARBOROUGH,Joe Scarborough to be Republican Presidential Nominee in 2012,20,0.4,Feb/20/2011 16:33:27
705824,2012.REP.NOM.SCARBOROUGH,Joe Scarborough to be Republican Presidential Nominee in 2012,20,0.4,Feb/20/2011 16:33:27
705824,2012.REP.NOM.SCARBOROUGH,Joe Scarborough to be Republican Presidential Nominee in 2012,20,0.4,Feb/20/2011 16:33:27
705824,2012.REP.NOM.SCARBOROUGH,Joe Scarborough to be Republican Presidential Nominee in 2012,20,0.4,Feb/20/2011 16:33:27
705824,2012.REP.NOM.SCARBOROUGH,Joe Scarborough to be Republican Presidential Nominee in 2012,11,0.3,Feb/20/2011 16:33:27
705824,2012.REP.NOM.SCARBOROUGH,Joe Scarborough to be Republican Presidential Nominee in 2012,5,0.4,Feb/20/2011 16:33:27
705824,2012.REP.NOM.SCARBOROUGH,Joe Scarborough to be Republican Presidential Nominee in 2012,4,0.5,Feb/20/2011 16:33:27
705824,2012.REP.NOM.SCARBOROUGH,Joe Scarborough to be Republican Presidential Nominee in 2012,3,0.5,Feb/20/2011 19:22:35
705824,2012.REP.NOM.SCARBOROUGH,Joe Scarborough to be Republican Presidential Nominee in 2012,5,0.5,Feb/20/2011 19:22:35
705824,2012.REP.NOM.SCARBOROUGH,Joe Scarborough to be Republican Presidential Nominee in 2012,20,0.5,Feb/20/2011 20:21:18
705824,2012.REP.NOM.SCARBOROUGH,Joe Scarborough to be Republican Presidential Nominee in 2012,17,0.5,Feb/20/2011 20:21:18
705824,2012.REP.NOM.SCARBOROUGH,Joe Scarborough to be Republican Presidential Nominee in 2012,1,0.9,Feb/20/2011 20:21:18
705824,2012.REP.NOM.SCARBOROUGH,Joe Scarborough to be Republican Presidential Nominee in 2012,11,0.8,Feb/20/2011 20:21:18
705824,2012.REP.NOM.SCARBOROUGH,Joe Scarborough to be Republican Presidential Nominee in 2012,5,0.5,Feb/22/2011 04:37:25
705824,2012.REP.NOM.SCARBOROUGH,Joe Scarborough to be Republican Presidential Nominee in 2012,15,0.5,Feb/22/2011 08:37:46
705824,2012.REP.NOM.SCARBOROUGH,Joe Scarborough to be Republican Presidential Nominee in 2012,20,0.5,Feb/22/2011 08:37:46
705824,2012.REP.NOM.SCARBOROUGH,Joe Scarborough to be Republican Presidential Nominee in 2012,28,0.5,Feb/22/2011 08:37:46
705824,2012.REP.NOM.SCARBOROUGH,Joe Scarborough to be Republican Presidential Nominee in 2012,1,0.3,Feb/22/2011 16:22:44
705824,2012.REP.NOM.SCARBOROUGH,Joe Scarborough to be Republican Presidential Nominee in 2012,1,0.3,Feb/22/2011 16:22:49
705824,2012.REP.NOM.SCARBOROUGH,Joe Scarborough to be Republican Presidential Nominee in 2012,1,0.4,Feb/23/2011 00:15:54
705824,2012.REP.NOM.SCARBOROUGH,Joe Scarborough to be Republican Presidential Nominee in 2012,1,0.7,Feb/23/2011 00:15:54
705824,2012.REP.NOM.SCARBOROUGH,Joe Scarborough to be Republican Presidential Nominee in 2012,20,0.5,Feb/23/2011 00:15:54
705824,2012.REP.NOM.SCARBOROUGH,Joe Scarborough to be Republican Presidential Nominee in 2012,20,0.5,Feb/23/2011 00:15:54
705824,2012.REP.NOM.SCARBOROUGH,Joe Scarborough to be Republican Presidential Nominee in 2012,20,0.5,Feb/23/2011 00:15:54
705824,2012.REP.NOM.SCARBOROUGH,Joe Scarborough to be Republican Presidential Nominee in 2012,1,0.8,Feb/23/2011 00:15:54
705824,2012.REP.NOM.SCARBOROUGH,Joe Scarborough to be Republican Presidential Nominee in 2012,1,0.8,Feb/24/2011 00:23:50
705824,2012.REP.NOM.SCARBOROUGH,Joe Scarborough to be Republican Presidential Nominee in 2012,20,0.5,Feb/24/2011 00:23:50
705824,2012.REP.NOM.SCARBOROUGH,Joe Scarborough to be Republican Presidential Nominee in 2012,2,0.9,Feb/24/2011 03:57:53
705824,2012.REP.NOM.SCARBOROUGH,Joe Scarborough to be Republican Presidential Nominee in 2012,98,0.8,Feb/24/2011 03:57:53
705824,2012.REP.NOM.SCARBOROUGH,Joe Scarborough to be Republican Presidential Nominee in 2012,100,0.7,Feb/24/2011 18:04:14
705824,2012.REP.NOM.SCARBOROUGH,Joe Scarborough to be Republican Presidential Nominee in 2012,50,0.8,Feb/24/2011 18:04:14
705824,2012.REP.NOM.SCARBOROUGH,Joe Scarborough to be Republican Presidential Nominee in 2012,1,1.7,Feb/24/2011 18:04:43
705824,2012.REP.NOM.SCARBOROUGH,Joe Scarborough to be Republican Presidential Nominee in 2012,7,0.9,Feb/24/2011 18:04:43
705824,2012.REP.NOM.SCARBOROUGH,Joe Scarborough to be Republican Presidential Nominee in 2012,2,1.9,Feb/24/2011 18:04:43
705824,2012.REP.NOM.SCARBOROUGH,Joe Scarborough to be Republican Presidential Nominee in 2012,10,1.5,Feb/24/2011 18:04:43
705824,2012.REP.NOM.SCARBOROUGH,Joe Scarborough to be Republican Presidential Nominee in 2012,1,1.3,Feb/25/2011 02:39:30
705824,2012.REP.NOM.SCARBOROUGH,Joe Scarborough to be Republican Presidential Nominee in 2012,20,1.2,Feb/25/2011 03:14:38
705824,2012.REP.NOM.SCARBOROUGH,Joe Scarborough to be Republican Presidential Nominee in 2012,30,1.2,Feb/25/2011 17:54:37
705824,2012.REP.NOM.SCARBOROUGH,Joe Scarborough to be Republican Presidential Nominee in 2012,3,1.1,Feb/25/2011 19:07:09
705824,2012.REP.NOM.SCARBOROUGH,Joe Scarborough to be Republican Presidential Nominee in 2012,1,1.4,Feb/25/2011 19:07:09
705824,2012.REP.NOM.SCARBOROUGH,Joe Scarborough to be Republican Presidential Nominee in 2012,6,1.5,Feb/25/2011 19:07:09
705824,2012.REP.NOM.SCARBOROUGH,Joe Scarborough to be Republican Presidential Nominee in 2012,14,1.5,Feb/25/2011 19:18:57
705824,2012.REP.NOM.SCARBOROUGH,Joe Scarborough to be Republican Presidential Nominee in 2012,1,1.6,Feb/25/2011 19:18:57
705824,2012.REP.NOM.SCARBOROUGH,Joe Scarborough to be Republican Presidential Nominee in 2012,37,1.4,Feb/25/2011 20:55:30
705824,2012.REP.NOM.SCARBOROUGH,Joe Scarborough to be Republican Presidential Nominee in 2012,10,1.4,Feb/25/2011 21:48:50
705824,2012.REP.NOM.SCARBOROUGH,Joe Scarborough to be Republican Presidential Nominee in 2012,1,1.4,Feb/26/2011 04:45:25
705824,2012.REP.NOM.SCARBOROUGH,Joe Scarborough to be Republican Presidential Nominee in 2012,2,1.4,Feb/26/2011 16:10:47
705824,2012.REP.NOM.SCARBOROUGH,Joe Scarborough to be Republican Presidential Nominee in 2012,20,1.3,Feb/26/2011 17:58:56
705824,2012.REP.NOM.SCARBOROUGH,Joe Scarborough to be Republican Presidential Nominee in 2012,20,1.2,Feb/26/2011 19:03:12
705824,2012.REP.NOM.SCARBOROUGH,Joe Scarborough to be Republican Presidential Nominee in 2012,1,0.9,Feb/27/2011 18:28:48
705824,2012.REP.NOM.SCARBOROUGH,Joe Scarborough to be Republican Presidential Nominee in 2012,1,1.0,Feb/27/2011 18:28:48
705824,2012.REP.NOM.SCARBOROUGH,Joe Scarborough to be Republican Presidential Nominee in 2012,15,0.8,Feb/27/2011 18:28:48
705824,2012.REP.NOM.SCARBOROUGH,Joe Scarborough to be Republican Presidential Nominee in 2012,222,0.7,Feb/28/2011 17:13:58
705824,2012.REP.NOM.SCARBOROUGH,Joe Scarborough to be Republican Presidential Nominee in 2012,5,0.8,Feb/28/2011 17:13:58
705824,2012.REP.NOM.SCARBOROUGH,Joe Scarborough to be Republican Presidential Nominee in 2012,1,0.4,Feb/28/2011 19:41:51
705824,2012.REP.NOM.SCARBOROUGH,Joe Scarborough to be Republican Presidential Nominee in 2012,1,0.4,Feb/28/2011 20:43:46
705824,2012.REP.NOM.SCARBOROUGH,Joe Scarborough to be Republican Presidential Nominee in 2012,1,0.7,Mar/04/2011 01:04:25
705824,2012.REP.NOM.SCARBOROUGH,Joe Scarborough to be Republican Presidential Nominee in 2012,20,0.6,Mar/04/2011 01:04:25
705824,2012.REP.NOM.SCARBOROUGH,Joe Scarborough to be Republican Presidential Nominee in 2012,20,0.6,Mar/04/2011 01:04:25
705824,2012.REP.NOM.SCARBOROUGH,Joe Scarborough to be Republican Presidential Nominee in 2012,3,0.6,Mar/04/2011 01:10:59
705824,2012.REP.NOM.SCARBOROUGH,Joe Scarborough to be Republican Presidential Nominee in 2012,3,0.6,Mar/04/2011 01:12:22
705824,2012.REP.NOM.SCARBOROUGH,Joe Scarborough to be Republican Presidential Nominee in 2012,170,0.7,Mar/04/2011 06:54:52
705824,2012.REP.NOM.SCARBOROUGH,Joe Scarborough to be Republican Presidential Nominee in 2012,10,0.6,Mar/04/2011 22:57:07
705824,2012.REP.NOM.SCARBOROUGH,Joe Scarborough to be Republican Presidential Nominee in 2012,20,0.6,Mar/05/2011 15:46:21
705824,2012.REP.NOM.SCARBOROUGH,Joe Scarborough to be Republican Presidential Nominee in 2012,14,0.6,Mar/05/2011 15:50:36
705824,2012.REP.NOM.SCARBOROUGH,Joe Scarborough to be Republican Presidential Nominee in 2012,6,0.6,Mar/05/2011 18:07:56
705824,2012.REP.NOM.SCARBOROUGH,Joe Scarborough to be Republican Presidential Nominee in 2012,1,0.7,Mar/05/2011 18:08:03
705824,2012.REP.NOM.SCARBOROUGH,Joe Scarborough to be Republican Presidential Nominee in 2012,20,0.6,Mar/07/2011 04:08:10
705824,2012.REP.NOM.SCARBOROUGH,Joe Scarborough to be Republican Presidential Nominee in 2012,20,0.6,Mar/07/2011 04:08:10
705824,2012.REP.NOM.SCARBOROUGH,Joe Scarborough to be Republican Presidential Nominee in 2012,5,0.7,Mar/07/2011 04:08:10
705824,2012.REP.NOM.SCARBOROUGH,Joe Scarborough to be Republican Presidential Nominee in 2012,96,0.7,Mar/07/2011 04:08:24
705824,2012.REP.NOM.SCARBOROUGH,Joe Scarborough to be Republican Presidential Nominee in 2012,4,0.9,Mar/07/2011 04:08:24
705824,2012.REP.NOM.SCARBOROUGH,Joe Scarborough to be Republican Presidential Nominee in 2012,20,0.7,Mar/07/2011 04:08:24
705824,2012.REP.NOM.SCARBOROUGH,Joe Scarborough to be Republican Presidential Nominee in 2012,1,0.3,Mar/08/2011 12:39:56
705824,2012.REP.NOM.SCARBOROUGH,Joe Scarborough to be Republican Presidential Nominee in 2012,1,0.3,Mar/08/2011 12:41:45
705824,2012.REP.NOM.SCARBOROUGH,Joe Scarborough to be Republican Presidential Nominee in 2012,1,0.3,Mar/08/2011 12:41:51
705824,2012.REP.NOM.SCARBOROUGH,Joe Scarborough to be Republican Presidential Nominee in 2012,1,0.3,Mar/08/2011 12:43:32
705824,2012.REP.NOM.SCARBOROUGH,Joe Scarborough to be Republican Presidential Nominee in 2012,11,0.2,Mar/09/2011 06:04:10
705824,2012.REP.NOM.SCARBOROUGH,Joe Scarborough to be Republican Presidential Nominee in 2012,1,0.3,Mar/09/2011 06:04:10
705824,2012.REP.NOM.SCARBOROUGH,Joe Scarborough to be Republican Presidential Nominee in 2012,10,0.2,Mar/09/2011 06:04:10
705824,2012.REP.NOM.SCARBOROUGH,Joe Scarborough to be Republican Presidential Nominee in 2012,10,0.3,Mar/11/2011 23:17:34
705824,2012.REP.NOM.SCARBOROUGH,Joe Scarborough to be Republican Presidential Nominee in 2012,21,0.5,Mar/14/2011 00:45:56
705824,2012.REP.NOM.SCARBOROUGH,Joe Scarborough to be Republican Presidential Nominee in 2012,20,0.6,Mar/14/2011 00:45:56
705824,2012.REP.NOM.SCARBOROUGH,Joe Scarborough to be Republican Presidential Nominee in 2012,9,0.4,Mar/14/2011 00:45:56
705824,2012.REP.NOM.SCARBOROUGH,Joe Scarborough to be Republican Presidential Nominee in 2012,10,0.3,Mar/14/2011 00:45:56
705824,2012.REP.NOM.SCARBOROUGH,Joe Scarborough to be Republican Presidential Nominee in 2012,20,0.4,Mar/14/2011 00:45:56
705824,2012.REP.NOM.SCARBOROUGH,Joe Scarborough to be Republican Presidential Nominee in 2012,20,0.3,Mar/14/2011 00:45:56
705824,2012.REP.NOM.SCARBOROUGH,Joe Scarborough to be Republican Presidential Nominee in 2012,20,0.5,Mar/14/2011 00:45:56
705824,2012.REP.NOM.SCARBOROUGH,Joe Scarborough to be Republican Presidential Nominee in 2012,20,0.4,Mar/14/2011 00:45:56
705824,2012.REP.NOM.SCARBOROUGH,Joe Scarborough to be Republican Presidential Nominee in 2012,20,0.6,Mar/14/2011 00:45:56
705824,2012.REP.NOM.SCARBOROUGH,Joe Scarborough to be Republican Presidential Nominee in 2012,20,0.6,Mar/14/2011 00:45:56
705824,2012.REP.NOM.SCARBOROUGH,Joe Scarborough to be Republican Presidential Nominee in 2012,20,0.5,Mar/14/2011 00:45:56
705824,2012.REP.NOM.SCARBOROUGH,Joe Scarborough to be Republican Presidential Nominee in 2012,20,0.6,Mar/14/2011 00:46:24
705824,2012.REP.NOM.SCARBOROUGH,Joe Scarborough to be Republican Presidential Nominee in 2012,20,0.6,Mar/14/2011 00:46:24
705824,2012.REP.NOM.SCARBOROUGH,Joe Scarborough to be Republican Presidential Nominee in 2012,1,0.6,Mar/14/2011 00:46:24
705824,2012.REP.NOM.SCARBOROUGH,Joe Scarborough to be Republican Presidential Nominee in 2012,9,0.7,Mar/14/2011 00:46:24
705824,2012.REP.NOM.SCARBOROUGH,Joe Scarborough to be Republican Presidential Nominee in 2012,84,0.6,Mar/14/2011 15:18:52
705824,2012.REP.NOM.SCARBOROUGH,Joe Scarborough to be Republican Presidential Nominee in 2012,1,0.6,Mar/14/2011 15:19:41
705824,2012.REP.NOM.SCARBOROUGH,Joe Scarborough to be Republican Presidential Nominee in 2012,1,0.6,Mar/14/2011 15:19:46
705824,2012.REP.NOM.SCARBOROUGH,Joe Scarborough to be Republican Presidential Nominee in 2012,2,0.6,Mar/14/2011 15:21:02
705824,2012.REP.NOM.SCARBOROUGH,Joe Scarborough to be Republican Presidential Nominee in 2012,6,0.6,Mar/14/2011 19:19:22
705824,2012.REP.NOM.SCARBOROUGH,Joe Scarborough to be Republican Presidential Nominee in 2012,6,0.6,Mar/14/2011 20:11:59
705824,2012.REP.NOM.SCARBOROUGH,Joe Scarborough to be Republican Presidential Nominee in 2012,24,0.5,Mar/15/2011 00:45:22
705824,2012.REP.NOM.SCARBOROUGH,Joe Scarborough to be Republican Presidential Nominee in 2012,20,0.6,Mar/15/2011 08:26:30
705824,2012.REP.NOM.SCARBOROUGH,Joe Scarborough to be Republican Presidential Nominee in 2012,14,0.6,Mar/15/2011 08:26:30
705824,2012.REP.NOM.SCARBOROUGH,Joe Scarborough to be Republican Presidential Nominee in 2012,1,0.6,Mar/17/2011 05:49:45
705824,2012.REP.NOM.SCARBOROUGH,Joe Scarborough to be Republican Presidential Nominee in 2012,4,0.5,Mar/20/2011 03:57:58
705824,2012.REP.NOM.SCARBOROUGH,Joe Scarborough to be Republican Presidential Nominee in 2012,139,0.3,Mar/20/2011 03:57:58
705824,2012.REP.NOM.SCARBOROUGH,Joe Scarborough to be Republican Presidential Nominee in 2012,53,0.2,Mar/26/2011 17:17:00
705824,2012.REP.NOM.SCARBOROUGH,Joe Scarborough to be Republican Presidential Nominee in 2012,10,0.2,Mar/26/2011 17:17:00
705824,2012.REP.NOM.SCARBOROUGH,Joe Scarborough to be Republican Presidential Nominee in 2012,197,0.2,Mar/31/2011 02:32:42
705824,2012.REP.NOM.SCARBOROUGH,Joe Scarborough to be Republican Presidential Nominee in 2012,20,0.2,Mar/31/2011 02:32:42
705824,2012.REP.NOM.SCARBOROUGH,Joe Scarborough to be Republican Presidential Nominee in 2012,20,0.2,Mar/31/2011 02:32:42
705824,2012.REP.NOM.SCARBOROUGH,Joe Scarborough to be Republican Presidential Nominee in 2012,20,0.2,Mar/31/2011 02:32:42
705824,2012.REP.NOM.SCARBOROUGH,Joe Scarborough to be Republican Presidential Nominee in 2012,20,0.2,Mar/31/2011 02:32:42
705824,2012.REP.NOM.SCARBOROUGH,Joe Scarborough to be Republican Presidential Nominee in 2012,20,0.2,Mar/31/2011 02:32:42
705824,2012.REP.NOM.SCARBOROUGH,Joe Scarborough to be Republican Presidential Nominee in 2012,20,0.2,Mar/31/2011 02:32:42
705824,2012.REP.NOM.SCARBOROUGH,Joe Scarborough to be Republican Presidential Nominee in 2012,20,0.2,Apr/02/2011 01:34:02
705824,2012.REP.NOM.SCARBOROUGH,Joe Scarborough to be Republican Presidential Nominee in 2012,20,0.2,Apr/02/2011 01:34:02
705824,2012.REP.NOM.SCARBOROUGH,Joe Scarborough to be Republican Presidential Nominee in 2012,20,0.2,Apr/02/2011 01:34:02
705824,2012.REP.NOM.SCARBOROUGH,Joe Scarborough to be Republican Presidential Nominee in 2012,100,0.2,Apr/02/2011 01:34:02
705824,2012.REP.NOM.SCARBOROUGH,Joe Scarborough to be Republican Presidential Nominee in 2012,1,0.1,Apr/06/2011 23:21:13
705824,2012.REP.NOM.SCARBOROUGH,Joe Scarborough to be Republican Presidential Nominee in 2012,2,0.1,Apr/06/2011 23:21:19
705824,2012.REP.NOM.SCARBOROUGH,Joe Scarborough to be Republican Presidential Nominee in 2012,2,0.1,Apr/06/2011 23:22:22
705824,2012.REP.NOM.SCARBOROUGH,Joe Scarborough to be Republican Presidential Nominee in 2012,20,0.2,Apr/08/2011 00:14:03
705824,2012.REP.NOM.SCARBOROUGH,Joe Scarborough to be Republican Presidential Nominee in 2012,5,0.2,Apr/08/2011 00:14:03
705824,2012.REP.NOM.SCARBOROUGH,Joe Scarborough to be Republican Presidential Nominee in 2012,40,0.2,Apr/08/2011 00:14:03
705824,2012.REP.NOM.SCARBOROUGH,Joe Scarborough to be Republican Presidential Nominee in 2012,20,0.2,Apr/08/2011 00:14:03
705824,2012.REP.NOM.SCARBOROUGH,Joe Scarborough to be Republican Presidential Nominee in 2012,20,0.2,Apr/08/2011 00:14:03
705824,2012.REP.NOM.SCARBOROUGH,Joe Scarborough to be Republican Presidential Nominee in 2012,20,0.2,Apr/08/2011 00:14:03
705824,2012.REP.NOM.SCARBOROUGH,Joe Scarborough to be Republican Presidential Nominee in 2012,20,0.2,Apr/08/2011 00:14:03
705824,2012.REP.NOM.SCARBOROUGH,Joe Scarborough to be Republican Presidential Nominee in 2012,20,0.2,Apr/08/2011 00:14:03
705824,2012.REP.NOM.SCARBOROUGH,Joe Scarborough to be Republican Presidential Nominee in 2012,20,0.2,Apr/08/2011 00:14:03
705824,2012.REP.NOM.SCARBOROUGH,Joe Scarborough to be Republican Presidential Nominee in 2012,20,0.2,Apr/08/2011 00:14:03
705824,2012.REP.NOM.SCARBOROUGH,Joe Scarborough to be Republican Presidential Nominee in 2012,20,0.2,Apr/08/2011 00:14:03
705824,2012.REP.NOM.SCARBOROUGH,Joe Scarborough to be Republican Presidential Nominee in 2012,10,0.1,Apr/27/2011 20:22:17
705824,2012.REP.NOM.SCARBOROUGH,Joe Scarborough to be Republican Presidential Nominee in 2012,100,0.1,Apr/27/2011 20:22:17
705824,2012.REP.NOM.SCARBOROUGH,Joe Scarborough to be Republican Presidential Nominee in 2012,100,0.1,Apr/27/2011 20:22:17
705824,2012.REP.NOM.SCARBOROUGH,Joe Scarborough to be Republican Presidential Nominee in 2012,81,0.1,Apr/27/2011 20:22:17
705824,2012.REP.NOM.SCARBOROUGH,Joe Scarborough to be Republican Presidential Nominee in 2012,7,0.1,Apr/27/2011 20:22:17
705824,2012.REP.NOM.SCARBOROUGH,Joe Scarborough to be Republican Presidential Nominee in 2012,45,0.1,Apr/30/2011 19:36:29
705824,2012.REP.NOM.SCARBOROUGH,Joe Scarborough to be Republican Presidential Nominee in 2012,257,0.1,May/04/2011 02:27:10
705824,2012.REP.NOM.SCARBOROUGH,Joe Scarborough to be Republican Presidential Nominee in 2012,140,0.1,May/07/2011 21:09:55
705824,2012.REP.NOM.SCARBOROUGH,Joe Scarborough to be Republican Presidential Nominee in 2012,40,0.1,May/08/2011 12:59:39
705824,2012.REP.NOM.SCARBOROUGH,Joe Scarborough to be Republican Presidential Nominee in 2012,10,0.2,May/08/2011 15:24:26
705824,2012.REP.NOM.SCARBOROUGH,Joe Scarborough to be Republican Presidential Nominee in 2012,100,0.2,May/08/2011 15:24:26
705824,2012.REP.NOM.SCARBOROUGH,Joe Scarborough to be Republican Presidential Nominee in 2012,200,0.2,May/08/2011 15:24:26
705824,2012.REP.NOM.SCARBOROUGH,Joe Scarborough to be Republican Presidential Nominee in 2012,90,0.2,May/08/2011 15:24:26
705824,2012.REP.NOM.SCARBOROUGH,Joe Scarborough to be Republican Presidential Nominee in 2012,10,0.1,May/08/2011 17:54:43
705824,2012.REP.NOM.SCARBOROUGH,Joe Scarborough to be Republican Presidential Nominee in 2012,1,0.1,May/09/2011 22:04:37
705824,2012.REP.NOM.SCARBOROUGH,Joe Scarborough to be Republican Presidential Nominee in 2012,1,0.1,May/09/2011 22:05:32
705824,2012.REP.NOM.SCARBOROUGH,Joe Scarborough to be Republican Presidential Nominee in 2012,30,0.1,May/09/2011 22:10:42
705824,2012.REP.NOM.SCARBOROUGH,Joe Scarborough to be Republican Presidential Nominee in 2012,1,0.1,May/10/2011 04:00:37
705824,2012.REP.NOM.SCARBOROUGH,Joe Scarborough to be Republican Presidential Nominee in 2012,1,0.1,May/10/2011 04:00:42
705824,2012.REP.NOM.SCARBOROUGH,Joe Scarborough to be Republican Presidential Nominee in 2012,1,0.1,May/10/2011 04:00:47
705824,2012.REP.NOM.SCARBOROUGH,Joe Scarborough to be Republican Presidential Nominee in 2012,1,0.1,May/10/2011 04:00:53
705824,2012.REP.NOM.SCARBOROUGH,Joe Scarborough to be Republican Presidential Nominee in 2012,1,0.1,May/10/2011 13:08:02
705824,2012.REP.NOM.SCARBOROUGH,Joe Scarborough to be Republican Presidential Nominee in 2012,1,0.1,May/10/2011 13:08:08
705824,2012.REP.NOM.SCARBOROUGH,Joe Scarborough to be Republican Presidential Nominee in 2012,1,0.1,May/10/2011 13:08:14
705824,2012.REP.NOM.SCARBOROUGH,Joe Scarborough to be Republican Presidential Nominee in 2012,1,0.1,May/10/2011 13:08:25
705824,2012.REP.NOM.SCARBOROUGH,Joe Scarborough to be Republican Presidential Nominee in 2012,1,0.1,May/10/2011 14:02:20
705824,2012.REP.NOM.SCARBOROUGH,Joe Scarborough to be Republican Presidential Nominee in 2012,1,0.1,May/10/2011 14:03:51
705824,2012.REP.NOM.SCARBOROUGH,Joe Scarborough to be Republican Presidential Nominee in 2012,2,0.1,May/10/2011 14:04:01
705824,2012.REP.NOM.SCARBOROUGH,Joe Scarborough to be Republican Presidential Nominee in 2012,1,0.1,May/10/2011 14:04:16
705824,2012.REP.NOM.SCARBOROUGH,Joe Scarborough to be Republican Presidential Nominee in 2012,1,0.1,May/10/2011 14:04:21
705824,2012.REP.NOM.SCARBOROUGH,Joe Scarborough to be Republican Presidential Nominee in 2012,4,0.1,May/10/2011 14:04:26
705824,2012.REP.NOM.SCARBOROUGH,Joe Scarborough to be Republican Presidential Nominee in 2012,5,0.1,May/10/2011 14:11:45
705824,2012.REP.NOM.SCARBOROUGH,Joe Scarborough to be Republican Presidential Nominee in 2012,20,0.1,May/10/2011 14:20:21
705824,2012.REP.NOM.SCARBOROUGH,Joe Scarborough to be Republican Presidential Nominee in 2012,40,0.1,May/10/2011 23:16:40
705824,2012.REP.NOM.SCARBOROUGH,Joe Scarborough to be Republican Presidential Nominee in 2012,40,0.1,May/12/2011 00:53:54
705824,2012.REP.NOM.SCARBOROUGH,Joe Scarborough to be Republican Presidential Nominee in 2012,17,0.1,May/13/2011 21:55:17
705824,2012.REP.NOM.SCARBOROUGH,Joe Scarborough to be Republican Presidential Nominee in 2012,20,0.1,May/13/2011 21:55:17
705824,2012.REP.NOM.SCARBOROUGH,Joe Scarborough to be Republican Presidential Nominee in 2012,180,0.1,May/16/2011 22:34:21
705824,2012.REP.NOM.SCARBOROUGH,Joe Scarborough to be Republican Presidential Nominee in 2012,183,0.1,May/16/2011 22:34:21
705824,2012.REP.NOM.SCARBOROUGH,Joe Scarborough to be Republican Presidential Nominee in 2012,110,0.1,May/16/2011 22:34:21
705824,2012.REP.NOM.SCARBOROUGH,Joe Scarborough to be Republican Presidential Nominee in 2012,100,0.1,May/16/2011 22:34:21
705824,2012.REP.NOM.SCARBOROUGH,Joe Scarborough to be Republican Presidential Nominee in 2012,9,0.2,May/16/2011 22:34:21
705824,2012.REP.NOM.SCARBOROUGH,Joe Scarborough to be Republican Presidential Nominee in 2012,10,0.2,May/16/2011 22:34:21
705824,2012.REP.NOM.SCARBOROUGH,Joe Scarborough to be Republican Presidential Nominee in 2012,410,0.2,May/16/2011 22:34:21
705824,2012.REP.NOM.SCARBOROUGH,Joe Scarborough to be Republican Presidential Nominee in 2012,39,0.2,May/16/2011 22:34:21
705824,2012.REP.NOM.SCARBOROUGH,Joe Scarborough to be Republican Presidential Nominee in 2012,39,0.2,May/16/2011 22:34:21
705824,2012.REP.NOM.SCARBOROUGH,Joe Scarborough to be Republican Presidential Nominee in 2012,39,0.2,May/16/2011 22:34:21
705824,2012.REP.NOM.SCARBOROUGH,Joe Scarborough to be Republican Presidential Nominee in 2012,4,0.2,May/16/2011 22:34:21
705824,2012.REP.NOM.SCARBOROUGH,Joe Scarborough to be Republican Presidential Nominee in 2012,32,0.2,May/16/2011 22:34:21
705824,2012.REP.NOM.SCARBOROUGH,Joe Scarborough to be Republican Presidential Nominee in 2012,45,0.3,May/16/2011 22:34:21
705824,2012.REP.NOM.SCARBOROUGH,Joe Scarborough to be Republican Presidential Nominee in 2012,1,0.3,May/16/2011 22:34:41
705824,2012.REP.NOM.SCARBOROUGH,Joe Scarborough to be Republican Presidential Nominee in 2012,70,0.3,May/16/2011 22:34:41
705824,2012.REP.NOM.SCARBOROUGH,Joe Scarborough to be Republican Presidential Nominee in 2012,13,0.4,May/16/2011 22:34:41
705824,2012.REP.NOM.SCARBOROUGH,Joe Scarborough to be Republican Presidential Nominee in 2012,10,0.4,May/16/2011 22:34:41
705824,2012.REP.NOM.SCARBOROUGH,Joe Scarborough to be Republican Presidential Nominee in 2012,1,0.3,May/16/2011 22:34:41
705824,2012.REP.NOM.SCARBOROUGH,Joe Scarborough to be Republican Presidential Nominee in 2012,5,0.4,May/16/2011 22:34:41
705824,2012.REP.NOM.SCARBOROUGH,Joe Scarborough to be Republican Presidential Nominee in 2012,121,0.4,May/16/2011 22:37:06
705824,2012.REP.NOM.SCARBOROUGH,Joe Scarborough to be Republican Presidential Nominee in 2012,1,0.1,May/18/2011 13:53:36
705824,2012.REP.NOM.SCARBOROUGH,Joe Scarborough to be Republican Presidential Nominee in 2012,5,0.1,May/18/2011 13:53:41
705824,2012.REP.NOM.SCARBOROUGH,Joe Scarborough to be Republican Presidential Nominee in 2012,1,0.1,May/18/2011 13:55:27
705824,2012.REP.NOM.SCARBOROUGH,Joe Scarborough to be Republican Presidential Nominee in 2012,90,0.1,May/18/2011 23:24:44
705824,2012.REP.NOM.SCARBOROUGH,Joe Scarborough to be Republican Presidential Nominee in 2012,60,0.1,May/19/2011 22:00:36
705824,2012.REP.NOM.SCARBOROUGH,Joe Scarborough to be Republican Presidential Nominee in 2012,90,0.1,May/20/2011 16:21:57
705824,2012.REP.NOM.SCARBOROUGH,Joe Scarborough to be Republican Presidential Nominee in 2012,90,0.1,May/21/2011 05:02:30
705824,2012.REP.NOM.SCARBOROUGH,Joe Scarborough to be Republican Presidential Nominee in 2012,12,0.1,May/22/2011 00:27:44
705824,2012.REP.NOM.SCARBOROUGH,Joe Scarborough to be Republican Presidential Nominee in 2012,100,0.1,May/23/2011 23:40:35
705824,2012.REP.NOM.SCARBOROUGH,Joe Scarborough to be Republican Presidential Nominee in 2012,90,0.1,May/23/2011 23:40:35
705824,2012.REP.NOM.SCARBOROUGH,Joe Scarborough to be Republican Presidential Nominee in 2012,120,0.1,May/23/2011 23:40:35
705824,2012.REP.NOM.SCARBOROUGH,Joe Scarborough to be Republican Presidential Nominee in 2012,160,0.1,May/23/2011 23:40:35
705824,2012.REP.NOM.SCARBOROUGH,Joe Scarborough to be Republican Presidential Nominee in 2012,100,0.1,May/23/2011 23:40:35
705824,2012.REP.NOM.SCARBOROUGH,Joe Scarborough to be Republican Presidential Nominee in 2012,20,0.1,May/27/2011 02:06:00
705824,2012.REP.NOM.SCARBOROUGH,Joe Scarborough to be Republican Presidential Nominee in 2012,836,0.1,Jun/02/2011 01:26:52
705824,2012.REP.NOM.SCARBOROUGH,Joe Scarborough to be Republican Presidential Nominee in 2012,100,0.1,Jun/02/2011 01:26:52
705824,2012.REP.NOM.SCARBOROUGH,Joe Scarborough to be Republican Presidential Nominee in 2012,10,0.1,Jun/02/2011 01:26:52
705824,2012.REP.NOM.SCARBOROUGH,Joe Scarborough to be Republican Presidential Nominee in 2012,23,0.1,Jun/02/2011 01:26:52
705824,2012.REP.NOM.SCARBOROUGH,Joe Scarborough to be Republican Presidential Nominee in 2012,100,0.1,Jun/02/2011 01:26:52
705824,2012.REP.NOM.SCARBOROUGH,Joe Scarborough to be Republican Presidential Nominee in 2012,100,0.1,Jun/02/2011 01:26:52
705824,2012.REP.NOM.SCARBOROUGH,Joe Scarborough to be Republican Presidential Nominee in 2012,20,0.1,Jun/02/2011 01:26:52
705824,2012.REP.NOM.SCARBOROUGH,Joe Scarborough to be Republican Presidential Nominee in 2012,80,0.1,Jun/02/2011 01:26:52
705824,2012.REP.NOM.SCARBOROUGH,Joe Scarborough to be Republican Presidential Nominee in 2012,4,0.1,Jun/02/2011 14:22:47
705824,2012.REP.NOM.SCARBOROUGH,Joe Scarborough to be Republican Presidential Nominee in 2012,16,0.1,Jun/02/2011 14:22:47
705824,2012.REP.NOM.SCARBOROUGH,Joe Scarborough to be Republican Presidential Nominee in 2012,1,0.1,Jun/02/2011 14:42:30
705824,2012.REP.NOM.SCARBOROUGH,Joe Scarborough to be Republican Presidential Nominee in 2012,20,0.1,Jun/15/2011 06:38:47
705824,2012.REP.NOM.SCARBOROUGH,Joe Scarborough to be Republican Presidential Nominee in 2012,1,0.1,Jun/16/2011 01:12:44
705824,2012.REP.NOM.SCARBOROUGH,Joe Scarborough to be Republican Presidential Nominee in 2012,1,0.1,Jun/16/2011 01:30:14
705824,2012.REP.NOM.SCARBOROUGH,Joe Scarborough to be Republican Presidential Nominee in 2012,10,0.1,Jun/16/2011 01:36:30
705824,2012.REP.NOM.SCARBOROUGH,Joe Scarborough to be Republican Presidential Nominee in 2012,20,0.1,Jul/04/2011 01:46:54
705824,2012.REP.NOM.SCARBOROUGH,Joe Scarborough to be Republican Presidential Nominee in 2012,2000,0.1,Aug/06/2011 19:44:12
705824,2012.REP.NOM.SCARBOROUGH,Joe Scarborough to be Republican Presidential Nominee in 2012,790,0.1,Aug/06/2011 19:44:12
705824,2012.REP.NOM.SCARBOROUGH,Joe Scarborough to be Republican Presidential Nominee in 2012,20,0.1,Aug/20/2011 03:54:06
705824,2012.REP.NOM.SCARBOROUGH,Joe Scarborough to be Republican Presidential Nominee in 2012,450,0.1,Aug/20/2011 03:54:06
705824,2012.REP.NOM.SCARBOROUGH,Joe Scarborough to be Republican Presidential Nominee in 2012,340,0.1,Aug/20/2011 03:54:06
705824,2012.REP.NOM.SCARBOROUGH,Joe Scarborough to be Republican Presidential Nominee in 2012,33,0.1,Aug/20/2011 03:54:06
705824,2012.REP.NOM.SCARBOROUGH,Joe Scarborough to be Republican Presidential Nominee in 2012,135,0.1,Aug/20/2011 03:54:06
705824,2012.REP.NOM.SCARBOROUGH,Joe Scarborough to be Republican Presidential Nominee in 2012,250,0.1,Aug/20/2011 03:54:06
705824,2012.REP.NOM.SCARBOROUGH,Joe Scarborough to be Republican Presidential Nominee in 2012,10,0.2,Aug/20/2011 03:54:30
705824,2012.REP.NOM.SCARBOROUGH,Joe Scarborough to be Republican Presidential Nominee in 2012,89,0.2,Aug/20/2011 03:54:30
705824,2012.REP.NOM.SCARBOROUGH,Joe Scarborough to be Republican Presidential Nominee in 2012,84,0.2,Aug/20/2011 03:54:30
705824,2012.REP.NOM.SCARBOROUGH,Joe Scarborough to be Republican Presidential Nominee in 2012,59,0.2,Aug/20/2011 03:54:30
705824,2012.REP.NOM.SCARBOROUGH,Joe Scarborough to be Republican Presidential Nominee in 2012,81,0.2,Aug/20/2011 03:54:30
705824,2012.REP.NOM.SCARBOROUGH,Joe Scarborough to be Republican Presidential Nominee in 2012,100,0.3,Aug/20/2011 03:54:44
705824,2012.REP.NOM.SCARBOROUGH,Joe Scarborough to be Republican Presidential Nominee in 2012,10,0.3,Aug/20/2011 03:54:44
705824,2012.REP.NOM.SCARBOROUGH,Joe Scarborough to be Republican Presidential Nominee in 2012,88,0.4,Aug/20/2011 03:55:04
705824,2012.REP.NOM.SCARBOROUGH,Joe Scarborough to be Republican Presidential Nominee in 2012,10,0.4,Aug/20/2011 03:55:04
705824,2012.REP.NOM.SCARBOROUGH,Joe Scarborough to be Republican Presidential Nominee in 2012,25,0.4,Aug/20/2011 03:55:04
705824,2012.REP.NOM.SCARBOROUGH,Joe Scarborough to be Republican Presidential Nominee in 2012,160,0.3,Aug/20/2011 03:55:25
705824,2012.REP.NOM.SCARBOROUGH,Joe Scarborough to be Republican Presidential Nominee in 2012,296,0.5,Aug/20/2011 03:55:40
705824,2012.REP.NOM.SCARBOROUGH,Joe Scarborough to be Republican Presidential Nominee in 2012,10,0.5,Aug/20/2011 03:55:40
705824,2012.REP.NOM.SCARBOROUGH,Joe Scarborough to be Republican Presidential Nominee in 2012,1,0.1,Aug/20/2011 04:06:06
705824,2012.REP.NOM.SCARBOROUGH,Joe Scarborough to be Republican Presidential Nominee in 2012,36,0.1,Aug/20/2011 04:24:23
705824,2012.REP.NOM.SCARBOROUGH,Joe Scarborough to be Republican Presidential Nominee in 2012,24,0.1,Aug/20/2011 04:24:23
705824,2012.REP.NOM.SCARBOROUGH,Joe Scarborough to be Republican Presidential Nominee in 2012,30,0.1,Aug/20/2011 12:27:04
705824,2012.REP.NOM.SCARBOROUGH,Joe Scarborough to be Republican Presidential Nominee in 2012,1,0.1,Aug/20/2011 12:29:43
705824,2012.REP.NOM.SCARBOROUGH,Joe Scarborough to be Republican Presidential Nominee in 2012,5,0.1,Aug/20/2011 12:51:46
705824,2012.REP.NOM.SCARBOROUGH,Joe Scarborough to be Republican Presidential Nominee in 2012,1,0.1,Aug/20/2011 14:28:03
705824,2012.REP.NOM.SCARBOROUGH,Joe Scarborough to be Republican Presidential Nominee in 2012,20,0.1,Aug/20/2011 15:50:02
705824,2012.REP.NOM.SCARBOROUGH,Joe Scarborough to be Republican Presidential Nominee in 2012,4,0.1,Aug/20/2011 15:50:47
705824,2012.REP.NOM.SCARBOROUGH,Joe Scarborough to be Republican Presidential Nominee in 2012,10,0.1,Aug/20/2011 16:29:58
705824,2012.REP.NOM.SCARBOROUGH,Joe Scarborough to be Republican Presidential Nominee in 2012,7,0.1,Aug/20/2011 16:32:33
705824,2012.REP.NOM.SCARBOROUGH,Joe Scarborough to be Republican Presidential Nominee in 2012,86,0.1,Aug/20/2011 16:45:35
705824,2012.REP.NOM.SCARBOROUGH,Joe Scarborough to be Republican Presidential Nominee in 2012,114,0.1,Aug/20/2011 16:45:35
705824,2012.REP.NOM.SCARBOROUGH,Joe Scarborough to be Republican Presidential Nominee in 2012,2,0.1,Aug/20/2011 17:11:08
705824,2012.REP.NOM.SCARBOROUGH,Joe Scarborough to be Republican Presidential Nominee in 2012,50,0.1,Aug/20/2011 17:17:51
705824,2012.REP.NOM.SCARBOROUGH,Joe Scarborough to be Republican Presidential Nominee in 2012,19,0.1,Aug/20/2011 18:20:21
705824,2012.REP.NOM.SCARBOROUGH,Joe Scarborough to be Republican Presidential Nominee in 2012,1,0.1,Aug/20/2011 18:20:57
705824,2012.REP.NOM.SCARBOROUGH,Joe Scarborough to be Republican Presidential Nominee in 2012,34,0.1,Aug/20/2011 19:20:20
705824,2012.REP.NOM.SCARBOROUGH,Joe Scarborough to be Republican Presidential Nominee in 2012,66,0.1,Aug/23/2011 20:08:39
705824,2012.REP.NOM.SCARBOROUGH,Joe Scarborough to be Republican Presidential Nominee in 2012,10,0.1,Aug/23/2011 20:08:39
705824,2012.REP.NOM.SCARBOROUGH,Joe Scarborough to be Republican Presidential Nominee in 2012,10,0.1,Aug/24/2011 04:55:59
705824,2012.REP.NOM.SCARBOROUGH,Joe Scarborough to be Republican Presidential Nominee in 2012,110,0.1,Sep/01/2011 21:03:33
705824,2012.REP.NOM.SCARBOROUGH,Joe Scarborough to be Republican Presidential Nominee in 2012,2,0.1,Nov/11/2011 10:48:30
705824,2012.REP.NOM.SCARBOROUGH,Joe Scarborough to be Republican Presidential Nominee in 2012,76,0.1,Nov/11/2011 10:48:30
705824,2012.REP.NOM.SCARBOROUGH,Joe Scarborough to be Republican Presidential Nominee in 2012,10,0.1,Nov/11/2011 10:48:30
705824,2012.REP.NOM.SCARBOROUGH,Joe Scarborough to be Republican Presidential Nominee in 2012,500,0.1,Jan/21/2012 18:18:50
705824,2012.REP.NOM.SCARBOROUGH,Joe Scarborough to be Republican Presidential Nominee in 2012,996,0.1,Feb/13/2012 02:26:38
705824,2012.REP.NOM.SCARBOROUGH,Joe Scarborough to be Republican Presidential Nominee in 2012,1000,0.1,Feb/13/2012 02:26:38
705824,2012.REP.NOM.SCARBOROUGH,Joe Scarborough to be Republican Presidential Nominee in 2012,6,0.1,Feb/13/2012 02:26:38
705824,2012.REP.NOM.SCARBOROUGH,Joe Scarborough to be Republican Presidential Nominee in 2012,498,0.1,Feb/13/2012 02:26:38
705824,2012.REP.NOM.SCARBOROUGH,Joe Scarborough to be Republican Presidential Nominee in 2012,257,0.1,Feb/14/2012 00:43:19
705824,2012.REP.NOM.SCARBOROUGH,Joe Scarborough to be Republican Presidential Nominee in 2012,1000,0.1,Feb/14/2012 00:43:19
705824,2012.REP.NOM.SCARBOROUGH,Joe Scarborough to be Republican Presidential Nominee in 2012,37,0.1,Feb/14/2012 00:43:19
705824,2012.REP.NOM.SCARBOROUGH,Joe Scarborough to be Republican Presidential Nominee in 2012,706,0.1,Feb/14/2012 00:43:19
705824,2012.REP.NOM.SCARBOROUGH,Joe Scarborough to be Republican Presidential Nominee in 2012,500,0.1,Feb/15/2012 00:35:33
705824,2012.REP.NOM.SCARBOROUGH,Joe Scarborough to be Republican Presidential Nominee in 2012,500,0.1,Feb/15/2012 19:27:15
705824,2012.REP.NOM.SCARBOROUGH,Joe Scarborough to be Republican Presidential Nominee in 2012,5,0.1,Mar/07/2012 23:34:59
705824,2012.REP.NOM.SCARBOROUGH,Joe Scarborough to be Republican Presidential Nominee in 2012,5,0.1,Mar/07/2012 23:36:27
705824,2012.REP.NOM.SCARBOROUGH,Joe Scarborough to be Republican Presidential Nominee in 2012,5,0.1,Mar/07/2012 23:37:49
705824,2012.REP.NOM.SCARBOROUGH,Joe Scarborough to be Republican Presidential Nominee in 2012,5,0.1,Mar/11/2012 16:58:48
