market id,market symbol,market name,trade quantity,trade price,date/time [utc]
714095,2012.REP.NOM.COBURN,Tom Coburn to be Republican Presidential Nominee in 2012,1,0.5,Mar/04/2010 07:34:23
714095,2012.REP.NOM.COBURN,Tom Coburn to be Republican Presidential Nominee in 2012,1,0.5,Mar/04/2010 07:35:27
714095,2012.REP.NOM.COBURN,Tom Coburn to be Republican Presidential Nominee in 2012,1,0.5,Mar/04/2010 07:35:34
714095,2012.REP.NOM.COBURN,Tom Coburn to be Republican Presidential Nominee in 2012,1,0.5,Mar/04/2010 07:35:40
714095,2012.REP.NOM.COBURN,Tom Coburn to be Republican Presidential Nominee in 2012,1,0.5,Mar/04/2010 07:36:01
714095,2012.REP.NOM.COBURN,Tom Coburn to be Republican Presidential Nominee in 2012,1,0.5,Mar/04/2010 07:36:06
714095,2012.REP.NOM.COBURN,Tom Coburn to be Republican Presidential Nominee in 2012,1,0.5,Mar/04/2010 07:36:12
714095,2012.REP.NOM.COBURN,Tom Coburn to be Republican Presidential Nominee in 2012,1,0.5,Mar/04/2010 07:36:19
714095,2012.REP.NOM.COBURN,Tom Coburn to be Republican Presidential Nominee in 2012,2,0.5,Mar/04/2010 07:36:26
714095,2012.REP.NOM.COBURN,Tom Coburn to be Republican Presidential Nominee in 2012,2,0.5,Mar/04/2010 07:36:32
714095,2012.REP.NOM.COBURN,Tom Coburn to be Republican Presidential Nominee in 2012,1,0.5,Mar/04/2010 07:36:44
714095,2012.REP.NOM.COBURN,Tom Coburn to be Republican Presidential Nominee in 2012,1,0.5,Mar/04/2010 07:36:49
714095,2012.REP.NOM.COBURN,Tom Coburn to be Republican Presidential Nominee in 2012,2,0.5,Mar/04/2010 07:36:55
714095,2012.REP.NOM.COBURN,Tom Coburn to be Republican Presidential Nominee in 2012,1,0.5,Mar/04/2010 07:37:02
714095,2012.REP.NOM.COBURN,Tom Coburn to be Republican Presidential Nominee in 2012,3,0.5,Mar/04/2010 07:37:10
714095,2012.REP.NOM.COBURN,Tom Coburn to be Republican Presidential Nominee in 2012,2,0.4,Mar/04/2010 07:37:16
714095,2012.REP.NOM.COBURN,Tom Coburn to be Republican Presidential Nominee in 2012,2,0.1,Mar/04/2010 07:37:22
714095,2012.REP.NOM.COBURN,Tom Coburn to be Republican Presidential Nominee in 2012,1,0.1,Mar/04/2010 07:37:28
714095,2012.REP.NOM.COBURN,Tom Coburn to be Republican Presidential Nominee in 2012,1,0.1,Mar/04/2010 07:37:35
714095,2012.REP.NOM.COBURN,Tom Coburn to be Republican Presidential Nominee in 2012,1,0.1,Mar/04/2010 07:37:43
714095,2012.REP.NOM.COBURN,Tom Coburn to be Republican Presidential Nominee in 2012,1,0.1,Mar/04/2010 07:37:49
714095,2012.REP.NOM.COBURN,Tom Coburn to be Republican Presidential Nominee in 2012,2,0.1,Mar/04/2010 07:37:54
714095,2012.REP.NOM.COBURN,Tom Coburn to be Republican Presidential Nominee in 2012,2,0.1,Mar/04/2010 07:38:00
714095,2012.REP.NOM.COBURN,Tom Coburn to be Republican Presidential Nominee in 2012,3,0.1,Mar/04/2010 07:38:10
714095,2012.REP.NOM.COBURN,Tom Coburn to be Republican Presidential Nominee in 2012,2,0.1,Mar/04/2010 07:38:20
714095,2012.REP.NOM.COBURN,Tom Coburn to be Republican Presidential Nominee in 2012,2,0.1,Mar/04/2010 07:38:26
714095,2012.REP.NOM.COBURN,Tom Coburn to be Republican Presidential Nominee in 2012,2,0.1,Mar/04/2010 07:38:37
714095,2012.REP.NOM.COBURN,Tom Coburn to be Republican Presidential Nominee in 2012,2,0.1,Mar/04/2010 07:38:44
714095,2012.REP.NOM.COBURN,Tom Coburn to be Republican Presidential Nominee in 2012,2,0.1,Mar/04/2010 07:38:49
714095,2012.REP.NOM.COBURN,Tom Coburn to be Republican Presidential Nominee in 2012,2,0.1,Mar/04/2010 07:38:56
714095,2012.REP.NOM.COBURN,Tom Coburn to be Republican Presidential Nominee in 2012,1,0.1,Mar/04/2010 07:39:04
714095,2012.REP.NOM.COBURN,Tom Coburn to be Republican Presidential Nominee in 2012,1,0.2,Mar/05/2010 14:51:16
714095,2012.REP.NOM.COBURN,Tom Coburn to be Republican Presidential Nominee in 2012,1,0.2,Mar/05/2010 14:51:23
714095,2012.REP.NOM.COBURN,Tom Coburn to be Republican Presidential Nominee in 2012,2,0.2,Mar/05/2010 14:51:27
714095,2012.REP.NOM.COBURN,Tom Coburn to be Republican Presidential Nominee in 2012,3,0.2,Mar/05/2010 14:51:33
714095,2012.REP.NOM.COBURN,Tom Coburn to be Republican Presidential Nominee in 2012,1,0.2,Mar/05/2010 14:51:39
714095,2012.REP.NOM.COBURN,Tom Coburn to be Republican Presidential Nominee in 2012,1,0.2,Mar/05/2010 14:51:45
714095,2012.REP.NOM.COBURN,Tom Coburn to be Republican Presidential Nominee in 2012,1,0.2,Mar/05/2010 14:51:50
714095,2012.REP.NOM.COBURN,Tom Coburn to be Republican Presidential Nominee in 2012,1,0.2,Mar/05/2010 14:51:57
714095,2012.REP.NOM.COBURN,Tom Coburn to be Republican Presidential Nominee in 2012,1,0.2,Mar/05/2010 14:52:03
714095,2012.REP.NOM.COBURN,Tom Coburn to be Republican Presidential Nominee in 2012,1,0.2,Mar/05/2010 14:52:09
714095,2012.REP.NOM.COBURN,Tom Coburn to be Republican Presidential Nominee in 2012,1,0.2,Mar/05/2010 14:52:14
714095,2012.REP.NOM.COBURN,Tom Coburn to be Republican Presidential Nominee in 2012,1,0.2,Mar/05/2010 14:52:21
714095,2012.REP.NOM.COBURN,Tom Coburn to be Republican Presidential Nominee in 2012,2,0.2,Mar/05/2010 14:52:26
714095,2012.REP.NOM.COBURN,Tom Coburn to be Republican Presidential Nominee in 2012,1,0.2,Mar/05/2010 14:52:31
714095,2012.REP.NOM.COBURN,Tom Coburn to be Republican Presidential Nominee in 2012,1,0.2,Mar/05/2010 14:52:37
714095,2012.REP.NOM.COBURN,Tom Coburn to be Republican Presidential Nominee in 2012,2,0.2,Mar/05/2010 14:52:42
714095,2012.REP.NOM.COBURN,Tom Coburn to be Republican Presidential Nominee in 2012,1,0.2,Mar/08/2010 05:45:28
714095,2012.REP.NOM.COBURN,Tom Coburn to be Republican Presidential Nominee in 2012,1,0.2,Mar/08/2010 05:45:33
714095,2012.REP.NOM.COBURN,Tom Coburn to be Republican Presidential Nominee in 2012,1,0.2,Mar/08/2010 05:45:38
714095,2012.REP.NOM.COBURN,Tom Coburn to be Republican Presidential Nominee in 2012,1,0.2,Mar/08/2010 05:45:45
714095,2012.REP.NOM.COBURN,Tom Coburn to be Republican Presidential Nominee in 2012,1,0.2,Mar/08/2010 05:45:49
714095,2012.REP.NOM.COBURN,Tom Coburn to be Republican Presidential Nominee in 2012,1,0.2,Mar/08/2010 05:45:53
714095,2012.REP.NOM.COBURN,Tom Coburn to be Republican Presidential Nominee in 2012,1,0.2,Mar/08/2010 05:46:13
714095,2012.REP.NOM.COBURN,Tom Coburn to be Republican Presidential Nominee in 2012,2,0.2,Mar/08/2010 05:46:22
714095,2012.REP.NOM.COBURN,Tom Coburn to be Republican Presidential Nominee in 2012,1,0.2,Mar/08/2010 05:46:30
714095,2012.REP.NOM.COBURN,Tom Coburn to be Republican Presidential Nominee in 2012,1,0.2,Mar/08/2010 05:46:49
714095,2012.REP.NOM.COBURN,Tom Coburn to be Republican Presidential Nominee in 2012,1,0.2,Mar/08/2010 05:46:54
714095,2012.REP.NOM.COBURN,Tom Coburn to be Republican Presidential Nominee in 2012,1,0.2,Mar/08/2010 05:46:59
714095,2012.REP.NOM.COBURN,Tom Coburn to be Republican Presidential Nominee in 2012,1,0.2,Mar/08/2010 05:47:03
714095,2012.REP.NOM.COBURN,Tom Coburn to be Republican Presidential Nominee in 2012,1,0.2,Mar/08/2010 05:47:16
714095,2012.REP.NOM.COBURN,Tom Coburn to be Republican Presidential Nominee in 2012,1,0.2,Mar/08/2010 05:47:25
714095,2012.REP.NOM.COBURN,Tom Coburn to be Republican Presidential Nominee in 2012,1,0.2,Mar/08/2010 05:47:30
714095,2012.REP.NOM.COBURN,Tom Coburn to be Republican Presidential Nominee in 2012,1,0.2,Mar/08/2010 05:47:38
714095,2012.REP.NOM.COBURN,Tom Coburn to be Republican Presidential Nominee in 2012,1,0.2,Mar/08/2010 05:47:44
714095,2012.REP.NOM.COBURN,Tom Coburn to be Republican Presidential Nominee in 2012,4,0.2,Mar/08/2010 05:47:50
714095,2012.REP.NOM.COBURN,Tom Coburn to be Republican Presidential Nominee in 2012,1,0.2,Mar/08/2010 05:48:11
714095,2012.REP.NOM.COBURN,Tom Coburn to be Republican Presidential Nominee in 2012,1,0.2,Mar/08/2010 05:48:19
714095,2012.REP.NOM.COBURN,Tom Coburn to be Republican Presidential Nominee in 2012,4,0.2,Mar/08/2010 05:48:26
714095,2012.REP.NOM.COBURN,Tom Coburn to be Republican Presidential Nominee in 2012,1,0.2,Mar/08/2010 05:48:26
714095,2012.REP.NOM.COBURN,Tom Coburn to be Republican Presidential Nominee in 2012,4,0.2,Mar/08/2010 05:48:38
714095,2012.REP.NOM.COBURN,Tom Coburn to be Republican Presidential Nominee in 2012,1,0.2,Mar/08/2010 05:48:48
714095,2012.REP.NOM.COBURN,Tom Coburn to be Republican Presidential Nominee in 2012,1,0.2,Mar/08/2010 05:48:56
714095,2012.REP.NOM.COBURN,Tom Coburn to be Republican Presidential Nominee in 2012,1,0.2,Mar/08/2010 05:49:04
714095,2012.REP.NOM.COBURN,Tom Coburn to be Republican Presidential Nominee in 2012,1,0.2,Mar/08/2010 05:49:13
714095,2012.REP.NOM.COBURN,Tom Coburn to be Republican Presidential Nominee in 2012,1,0.2,Mar/08/2010 05:49:22
714095,2012.REP.NOM.COBURN,Tom Coburn to be Republican Presidential Nominee in 2012,1,0.2,Mar/10/2010 07:41:54
714095,2012.REP.NOM.COBURN,Tom Coburn to be Republican Presidential Nominee in 2012,1,0.2,Mar/10/2010 07:42:02
714095,2012.REP.NOM.COBURN,Tom Coburn to be Republican Presidential Nominee in 2012,1,0.2,Mar/10/2010 07:42:09
714095,2012.REP.NOM.COBURN,Tom Coburn to be Republican Presidential Nominee in 2012,3,0.2,Mar/10/2010 07:42:14
714095,2012.REP.NOM.COBURN,Tom Coburn to be Republican Presidential Nominee in 2012,1,0.2,Mar/10/2010 07:42:39
714095,2012.REP.NOM.COBURN,Tom Coburn to be Republican Presidential Nominee in 2012,2,0.2,Mar/10/2010 07:42:48
714095,2012.REP.NOM.COBURN,Tom Coburn to be Republican Presidential Nominee in 2012,1,0.2,Mar/10/2010 07:42:54
714095,2012.REP.NOM.COBURN,Tom Coburn to be Republican Presidential Nominee in 2012,1,0.2,Mar/23/2010 06:56:34
714095,2012.REP.NOM.COBURN,Tom Coburn to be Republican Presidential Nominee in 2012,1,0.2,Mar/23/2010 06:56:42
714095,2012.REP.NOM.COBURN,Tom Coburn to be Republican Presidential Nominee in 2012,1,0.2,Mar/23/2010 06:56:50
714095,2012.REP.NOM.COBURN,Tom Coburn to be Republican Presidential Nominee in 2012,1,0.2,Mar/23/2010 06:57:12
714095,2012.REP.NOM.COBURN,Tom Coburn to be Republican Presidential Nominee in 2012,1,0.2,Mar/23/2010 06:57:21
714095,2012.REP.NOM.COBURN,Tom Coburn to be Republican Presidential Nominee in 2012,3,0.2,Mar/23/2010 06:57:31
714095,2012.REP.NOM.COBURN,Tom Coburn to be Republican Presidential Nominee in 2012,1,0.2,Mar/23/2010 06:57:45
714095,2012.REP.NOM.COBURN,Tom Coburn to be Republican Presidential Nominee in 2012,1,0.2,Mar/23/2010 06:57:51
714095,2012.REP.NOM.COBURN,Tom Coburn to be Republican Presidential Nominee in 2012,1,0.2,Mar/23/2010 06:58:04
714095,2012.REP.NOM.COBURN,Tom Coburn to be Republican Presidential Nominee in 2012,1,0.2,Mar/23/2010 06:58:17
714095,2012.REP.NOM.COBURN,Tom Coburn to be Republican Presidential Nominee in 2012,1,0.2,Mar/23/2010 06:58:25
714095,2012.REP.NOM.COBURN,Tom Coburn to be Republican Presidential Nominee in 2012,1,0.2,Mar/23/2010 06:58:32
714095,2012.REP.NOM.COBURN,Tom Coburn to be Republican Presidential Nominee in 2012,1,0.2,Mar/23/2010 06:58:39
714095,2012.REP.NOM.COBURN,Tom Coburn to be Republican Presidential Nominee in 2012,1,0.2,Mar/23/2010 06:58:47
714095,2012.REP.NOM.COBURN,Tom Coburn to be Republican Presidential Nominee in 2012,4,0.2,Mar/23/2010 06:58:55
714095,2012.REP.NOM.COBURN,Tom Coburn to be Republican Presidential Nominee in 2012,2,0.2,Mar/23/2010 06:59:03
714095,2012.REP.NOM.COBURN,Tom Coburn to be Republican Presidential Nominee in 2012,1,0.2,Mar/25/2010 22:40:56
714095,2012.REP.NOM.COBURN,Tom Coburn to be Republican Presidential Nominee in 2012,1,0.2,Mar/25/2010 22:41:01
714095,2012.REP.NOM.COBURN,Tom Coburn to be Republican Presidential Nominee in 2012,3,0.2,Mar/25/2010 22:41:19
714095,2012.REP.NOM.COBURN,Tom Coburn to be Republican Presidential Nominee in 2012,2,0.2,Mar/25/2010 22:41:27
714095,2012.REP.NOM.COBURN,Tom Coburn to be Republican Presidential Nominee in 2012,1,0.2,Mar/25/2010 22:41:34
714095,2012.REP.NOM.COBURN,Tom Coburn to be Republican Presidential Nominee in 2012,2,0.2,Mar/25/2010 22:41:40
714095,2012.REP.NOM.COBURN,Tom Coburn to be Republican Presidential Nominee in 2012,1,0.2,Mar/25/2010 22:42:05
714095,2012.REP.NOM.COBURN,Tom Coburn to be Republican Presidential Nominee in 2012,2,0.2,Mar/25/2010 22:42:12
714095,2012.REP.NOM.COBURN,Tom Coburn to be Republican Presidential Nominee in 2012,2,0.2,Mar/25/2010 22:42:18
714095,2012.REP.NOM.COBURN,Tom Coburn to be Republican Presidential Nominee in 2012,1,0.2,Mar/25/2010 22:42:26
714095,2012.REP.NOM.COBURN,Tom Coburn to be Republican Presidential Nominee in 2012,1,0.2,Mar/25/2010 22:42:33
714095,2012.REP.NOM.COBURN,Tom Coburn to be Republican Presidential Nominee in 2012,1,0.2,Mar/25/2010 22:42:40
714095,2012.REP.NOM.COBURN,Tom Coburn to be Republican Presidential Nominee in 2012,1,0.2,Mar/25/2010 22:42:47
714095,2012.REP.NOM.COBURN,Tom Coburn to be Republican Presidential Nominee in 2012,1,0.2,Mar/25/2010 22:42:55
714095,2012.REP.NOM.COBURN,Tom Coburn to be Republican Presidential Nominee in 2012,1,0.2,Mar/25/2010 22:43:02
714095,2012.REP.NOM.COBURN,Tom Coburn to be Republican Presidential Nominee in 2012,1,0.2,Mar/25/2010 22:43:09
714095,2012.REP.NOM.COBURN,Tom Coburn to be Republican Presidential Nominee in 2012,1,0.2,Mar/25/2010 22:43:16
714095,2012.REP.NOM.COBURN,Tom Coburn to be Republican Presidential Nominee in 2012,1,0.2,Mar/25/2010 22:43:24
714095,2012.REP.NOM.COBURN,Tom Coburn to be Republican Presidential Nominee in 2012,1,0.2,Mar/25/2010 22:43:31
714095,2012.REP.NOM.COBURN,Tom Coburn to be Republican Presidential Nominee in 2012,1,0.2,Mar/25/2010 22:43:39
714095,2012.REP.NOM.COBURN,Tom Coburn to be Republican Presidential Nominee in 2012,1,0.2,Mar/25/2010 22:43:47
714095,2012.REP.NOM.COBURN,Tom Coburn to be Republican Presidential Nominee in 2012,1,0.2,May/17/2010 10:08:12
714095,2012.REP.NOM.COBURN,Tom Coburn to be Republican Presidential Nominee in 2012,1,0.2,May/17/2010 10:09:33
714095,2012.REP.NOM.COBURN,Tom Coburn to be Republican Presidential Nominee in 2012,1,0.2,May/17/2010 10:09:40
714095,2012.REP.NOM.COBURN,Tom Coburn to be Republican Presidential Nominee in 2012,1,0.2,May/17/2010 10:10:09
714095,2012.REP.NOM.COBURN,Tom Coburn to be Republican Presidential Nominee in 2012,1,0.2,May/17/2010 10:10:24
714095,2012.REP.NOM.COBURN,Tom Coburn to be Republican Presidential Nominee in 2012,1,0.2,May/17/2010 10:10:36
714095,2012.REP.NOM.COBURN,Tom Coburn to be Republican Presidential Nominee in 2012,1,0.2,May/17/2010 10:10:45
714095,2012.REP.NOM.COBURN,Tom Coburn to be Republican Presidential Nominee in 2012,1,0.2,May/17/2010 10:10:57
714095,2012.REP.NOM.COBURN,Tom Coburn to be Republican Presidential Nominee in 2012,1,0.2,May/17/2010 10:11:07
714095,2012.REP.NOM.COBURN,Tom Coburn to be Republican Presidential Nominee in 2012,2,0.2,May/17/2010 10:11:15
714095,2012.REP.NOM.COBURN,Tom Coburn to be Republican Presidential Nominee in 2012,1,0.2,May/17/2010 10:11:24
714095,2012.REP.NOM.COBURN,Tom Coburn to be Republican Presidential Nominee in 2012,1,0.2,May/17/2010 10:11:33
714095,2012.REP.NOM.COBURN,Tom Coburn to be Republican Presidential Nominee in 2012,1,0.2,May/17/2010 10:11:42
714095,2012.REP.NOM.COBURN,Tom Coburn to be Republican Presidential Nominee in 2012,3,0.2,May/17/2010 10:11:51
714095,2012.REP.NOM.COBURN,Tom Coburn to be Republican Presidential Nominee in 2012,1,0.2,May/17/2010 10:12:45
714095,2012.REP.NOM.COBURN,Tom Coburn to be Republican Presidential Nominee in 2012,1,0.2,May/17/2010 10:13:03
714095,2012.REP.NOM.COBURN,Tom Coburn to be Republican Presidential Nominee in 2012,1,0.2,May/17/2010 10:13:16
714095,2012.REP.NOM.COBURN,Tom Coburn to be Republican Presidential Nominee in 2012,1,0.2,May/17/2010 10:13:26
714095,2012.REP.NOM.COBURN,Tom Coburn to be Republican Presidential Nominee in 2012,1,0.2,May/17/2010 10:13:31
714095,2012.REP.NOM.COBURN,Tom Coburn to be Republican Presidential Nominee in 2012,1,0.2,May/17/2010 10:13:36
714095,2012.REP.NOM.COBURN,Tom Coburn to be Republican Presidential Nominee in 2012,1,0.2,May/17/2010 10:13:41
714095,2012.REP.NOM.COBURN,Tom Coburn to be Republican Presidential Nominee in 2012,1,0.2,May/17/2010 10:13:53
714095,2012.REP.NOM.COBURN,Tom Coburn to be Republican Presidential Nominee in 2012,1,0.2,May/17/2010 10:14:04
714095,2012.REP.NOM.COBURN,Tom Coburn to be Republican Presidential Nominee in 2012,1,0.2,May/17/2010 10:14:13
714095,2012.REP.NOM.COBURN,Tom Coburn to be Republican Presidential Nominee in 2012,2,0.2,May/17/2010 10:14:23
714095,2012.REP.NOM.COBURN,Tom Coburn to be Republican Presidential Nominee in 2012,1,0.2,May/17/2010 10:14:30
714095,2012.REP.NOM.COBURN,Tom Coburn to be Republican Presidential Nominee in 2012,1,0.2,May/17/2010 10:14:41
714095,2012.REP.NOM.COBURN,Tom Coburn to be Republican Presidential Nominee in 2012,1,0.2,May/17/2010 10:14:50
714095,2012.REP.NOM.COBURN,Tom Coburn to be Republican Presidential Nominee in 2012,2,0.2,May/17/2010 10:14:59
714095,2012.REP.NOM.COBURN,Tom Coburn to be Republican Presidential Nominee in 2012,1,0.2,May/17/2010 10:15:09
714095,2012.REP.NOM.COBURN,Tom Coburn to be Republican Presidential Nominee in 2012,1,0.2,May/17/2010 10:15:17
714095,2012.REP.NOM.COBURN,Tom Coburn to be Republican Presidential Nominee in 2012,1,0.1,May/17/2010 10:15:27
714095,2012.REP.NOM.COBURN,Tom Coburn to be Republican Presidential Nominee in 2012,1,0.1,May/17/2010 10:15:38
714095,2012.REP.NOM.COBURN,Tom Coburn to be Republican Presidential Nominee in 2012,1,0.1,May/17/2010 10:15:48
714095,2012.REP.NOM.COBURN,Tom Coburn to be Republican Presidential Nominee in 2012,50,0.1,May/27/2010 11:27:07
714095,2012.REP.NOM.COBURN,Tom Coburn to be Republican Presidential Nominee in 2012,24,0.1,May/28/2010 12:32:47
714095,2012.REP.NOM.COBURN,Tom Coburn to be Republican Presidential Nominee in 2012,20,0.1,Jun/01/2010 17:35:51
714095,2012.REP.NOM.COBURN,Tom Coburn to be Republican Presidential Nominee in 2012,4,0.1,Jun/01/2010 20:39:59
714095,2012.REP.NOM.COBURN,Tom Coburn to be Republican Presidential Nominee in 2012,1,0.1,Jun/02/2010 10:26:01
714095,2012.REP.NOM.COBURN,Tom Coburn to be Republican Presidential Nominee in 2012,5,0.1,Jun/03/2010 12:27:36
714095,2012.REP.NOM.COBURN,Tom Coburn to be Republican Presidential Nominee in 2012,5,0.8,Jun/03/2010 13:07:17
714095,2012.REP.NOM.COBURN,Tom Coburn to be Republican Presidential Nominee in 2012,2,0.9,Jun/03/2010 13:07:31
714095,2012.REP.NOM.COBURN,Tom Coburn to be Republican Presidential Nominee in 2012,50,1.0,Jun/03/2010 13:08:16
714095,2012.REP.NOM.COBURN,Tom Coburn to be Republican Presidential Nominee in 2012,50,1.0,Jun/03/2010 13:11:32
714095,2012.REP.NOM.COBURN,Tom Coburn to be Republican Presidential Nominee in 2012,2,0.2,Jun/03/2010 20:17:06
714095,2012.REP.NOM.COBURN,Tom Coburn to be Republican Presidential Nominee in 2012,20,1.0,Jun/03/2010 20:25:02
714095,2012.REP.NOM.COBURN,Tom Coburn to be Republican Presidential Nominee in 2012,17,0.2,Jun/04/2010 10:36:03
714095,2012.REP.NOM.COBURN,Tom Coburn to be Republican Presidential Nominee in 2012,14,0.1,Jun/04/2010 10:36:03
714095,2012.REP.NOM.COBURN,Tom Coburn to be Republican Presidential Nominee in 2012,20,0.3,Jun/04/2010 21:46:22
714095,2012.REP.NOM.COBURN,Tom Coburn to be Republican Presidential Nominee in 2012,10,0.3,Jun/04/2010 22:55:46
714095,2012.REP.NOM.COBURN,Tom Coburn to be Republican Presidential Nominee in 2012,8,0.1,Jun/09/2010 20:22:32
714095,2012.REP.NOM.COBURN,Tom Coburn to be Republican Presidential Nominee in 2012,1,0.2,Jun/11/2010 09:56:15
714095,2012.REP.NOM.COBURN,Tom Coburn to be Republican Presidential Nominee in 2012,22,0.2,Jun/29/2010 10:47:22
714095,2012.REP.NOM.COBURN,Tom Coburn to be Republican Presidential Nominee in 2012,8,0.2,Jun/29/2010 10:47:41
714095,2012.REP.NOM.COBURN,Tom Coburn to be Republican Presidential Nominee in 2012,45,0.1,Jul/12/2010 06:43:04
714095,2012.REP.NOM.COBURN,Tom Coburn to be Republican Presidential Nominee in 2012,3,0.1,Jul/12/2010 06:43:04
714095,2012.REP.NOM.COBURN,Tom Coburn to be Republican Presidential Nominee in 2012,19,0.2,Jul/12/2010 06:43:04
714095,2012.REP.NOM.COBURN,Tom Coburn to be Republican Presidential Nominee in 2012,18,0.1,Jul/12/2010 21:16:43
714095,2012.REP.NOM.COBURN,Tom Coburn to be Republican Presidential Nominee in 2012,3,0.1,Jul/12/2010 21:16:54
714095,2012.REP.NOM.COBURN,Tom Coburn to be Republican Presidential Nominee in 2012,2,0.1,Jul/13/2010 05:45:27
714095,2012.REP.NOM.COBURN,Tom Coburn to be Republican Presidential Nominee in 2012,10,0.2,Jul/13/2010 19:28:18
714095,2012.REP.NOM.COBURN,Tom Coburn to be Republican Presidential Nominee in 2012,29,0.1,Jul/13/2010 19:28:18
714095,2012.REP.NOM.COBURN,Tom Coburn to be Republican Presidential Nominee in 2012,100,0.1,Jul/17/2010 19:13:30
714095,2012.REP.NOM.COBURN,Tom Coburn to be Republican Presidential Nominee in 2012,10,0.2,Jul/21/2010 01:21:27
714095,2012.REP.NOM.COBURN,Tom Coburn to be Republican Presidential Nominee in 2012,30,0.5,Jul/21/2010 01:21:57
714095,2012.REP.NOM.COBURN,Tom Coburn to be Republican Presidential Nominee in 2012,10,0.2,Jul/22/2010 19:33:58
714095,2012.REP.NOM.COBURN,Tom Coburn to be Republican Presidential Nominee in 2012,2,0.2,Jul/22/2010 19:33:58
714095,2012.REP.NOM.COBURN,Tom Coburn to be Republican Presidential Nominee in 2012,10,0.2,Jul/23/2010 20:24:16
714095,2012.REP.NOM.COBURN,Tom Coburn to be Republican Presidential Nominee in 2012,10,0.2,Jul/27/2010 23:51:26
714095,2012.REP.NOM.COBURN,Tom Coburn to be Republican Presidential Nominee in 2012,1,0.2,Aug/02/2010 23:05:20
714095,2012.REP.NOM.COBURN,Tom Coburn to be Republican Presidential Nominee in 2012,9,0.2,Aug/02/2010 23:06:01
714095,2012.REP.NOM.COBURN,Tom Coburn to be Republican Presidential Nominee in 2012,10,0.2,Sep/15/2010 17:03:15
714095,2012.REP.NOM.COBURN,Tom Coburn to be Republican Presidential Nominee in 2012,61,0.1,Nov/05/2010 17:48:57
714095,2012.REP.NOM.COBURN,Tom Coburn to be Republican Presidential Nominee in 2012,10,0.1,Nov/05/2010 17:48:57
714095,2012.REP.NOM.COBURN,Tom Coburn to be Republican Presidential Nominee in 2012,3,0.1,Nov/05/2010 17:50:56
714095,2012.REP.NOM.COBURN,Tom Coburn to be Republican Presidential Nominee in 2012,39,0.1,Nov/05/2010 17:50:56
714095,2012.REP.NOM.COBURN,Tom Coburn to be Republican Presidential Nominee in 2012,36,0.1,Nov/05/2010 17:50:56
714095,2012.REP.NOM.COBURN,Tom Coburn to be Republican Presidential Nominee in 2012,9,0.1,Nov/05/2010 17:53:39
714095,2012.REP.NOM.COBURN,Tom Coburn to be Republican Presidential Nominee in 2012,2,0.1,Nov/05/2010 18:00:37
714095,2012.REP.NOM.COBURN,Tom Coburn to be Republican Presidential Nominee in 2012,1,0.1,Nov/15/2010 17:50:34
714095,2012.REP.NOM.COBURN,Tom Coburn to be Republican Presidential Nominee in 2012,13,0.2,Jan/01/2011 14:34:37
714095,2012.REP.NOM.COBURN,Tom Coburn to be Republican Presidential Nominee in 2012,25,0.2,Jan/01/2011 14:34:37
714095,2012.REP.NOM.COBURN,Tom Coburn to be Republican Presidential Nominee in 2012,12,0.3,Jan/01/2011 14:34:37
714095,2012.REP.NOM.COBURN,Tom Coburn to be Republican Presidential Nominee in 2012,20,0.1,Jan/01/2011 20:01:26
714095,2012.REP.NOM.COBURN,Tom Coburn to be Republican Presidential Nominee in 2012,10,0.1,Jan/03/2011 22:10:45
714095,2012.REP.NOM.COBURN,Tom Coburn to be Republican Presidential Nominee in 2012,10,0.1,Jan/04/2011 22:47:07
714095,2012.REP.NOM.COBURN,Tom Coburn to be Republican Presidential Nominee in 2012,80,0.1,Jan/04/2011 22:47:07
714095,2012.REP.NOM.COBURN,Tom Coburn to be Republican Presidential Nominee in 2012,5,0.1,Jan/04/2011 22:47:07
714095,2012.REP.NOM.COBURN,Tom Coburn to be Republican Presidential Nominee in 2012,55,0.1,Jan/04/2011 22:56:23
714095,2012.REP.NOM.COBURN,Tom Coburn to be Republican Presidential Nominee in 2012,15,0.1,Jan/06/2011 02:30:24
714095,2012.REP.NOM.COBURN,Tom Coburn to be Republican Presidential Nominee in 2012,10,0.1,Jan/06/2011 02:30:24
714095,2012.REP.NOM.COBURN,Tom Coburn to be Republican Presidential Nominee in 2012,10,0.1,Jan/08/2011 01:47:40
714095,2012.REP.NOM.COBURN,Tom Coburn to be Republican Presidential Nominee in 2012,10,0.1,Jan/08/2011 02:38:42
714095,2012.REP.NOM.COBURN,Tom Coburn to be Republican Presidential Nominee in 2012,1,0.1,Jan/08/2011 17:40:18
714095,2012.REP.NOM.COBURN,Tom Coburn to be Republican Presidential Nominee in 2012,6,0.1,Jan/08/2011 17:40:25
714095,2012.REP.NOM.COBURN,Tom Coburn to be Republican Presidential Nominee in 2012,1,0.1,Jan/08/2011 17:47:44
714095,2012.REP.NOM.COBURN,Tom Coburn to be Republican Presidential Nominee in 2012,2,0.1,Jan/08/2011 17:47:50
714095,2012.REP.NOM.COBURN,Tom Coburn to be Republican Presidential Nominee in 2012,10,0.1,Jan/08/2011 17:47:56
714095,2012.REP.NOM.COBURN,Tom Coburn to be Republican Presidential Nominee in 2012,2,0.1,Jan/08/2011 17:48:02
714095,2012.REP.NOM.COBURN,Tom Coburn to be Republican Presidential Nominee in 2012,4,0.1,Jan/08/2011 17:48:08
714095,2012.REP.NOM.COBURN,Tom Coburn to be Republican Presidential Nominee in 2012,3,0.1,Jan/08/2011 17:48:14
714095,2012.REP.NOM.COBURN,Tom Coburn to be Republican Presidential Nominee in 2012,1,0.1,Jan/08/2011 17:48:20
714095,2012.REP.NOM.COBURN,Tom Coburn to be Republican Presidential Nominee in 2012,2,0.1,Jan/08/2011 17:48:26
714095,2012.REP.NOM.COBURN,Tom Coburn to be Republican Presidential Nominee in 2012,1,0.1,Jan/08/2011 17:48:32
714095,2012.REP.NOM.COBURN,Tom Coburn to be Republican Presidential Nominee in 2012,2,0.1,Jan/08/2011 17:48:38
714095,2012.REP.NOM.COBURN,Tom Coburn to be Republican Presidential Nominee in 2012,4,0.1,Jan/08/2011 17:48:44
714095,2012.REP.NOM.COBURN,Tom Coburn to be Republican Presidential Nominee in 2012,2,0.1,Jan/08/2011 17:48:50
714095,2012.REP.NOM.COBURN,Tom Coburn to be Republican Presidential Nominee in 2012,1,0.1,Jan/08/2011 17:48:56
714095,2012.REP.NOM.COBURN,Tom Coburn to be Republican Presidential Nominee in 2012,10,0.1,Jan/08/2011 17:49:02
714095,2012.REP.NOM.COBURN,Tom Coburn to be Republican Presidential Nominee in 2012,3,0.1,Jan/08/2011 18:02:08
714095,2012.REP.NOM.COBURN,Tom Coburn to be Republican Presidential Nominee in 2012,10,0.1,Jan/09/2011 06:02:07
714095,2012.REP.NOM.COBURN,Tom Coburn to be Republican Presidential Nominee in 2012,90,0.1,Jan/09/2011 06:02:07
714095,2012.REP.NOM.COBURN,Tom Coburn to be Republican Presidential Nominee in 2012,87,0.1,Jan/23/2011 19:59:36
714095,2012.REP.NOM.COBURN,Tom Coburn to be Republican Presidential Nominee in 2012,5,0.1,Jan/23/2011 19:59:36
714095,2012.REP.NOM.COBURN,Tom Coburn to be Republican Presidential Nominee in 2012,10,0.1,Jan/23/2011 19:59:36
714095,2012.REP.NOM.COBURN,Tom Coburn to be Republican Presidential Nominee in 2012,98,0.1,Jan/23/2011 19:59:36
714095,2012.REP.NOM.COBURN,Tom Coburn to be Republican Presidential Nominee in 2012,100,0.1,Feb/15/2011 02:27:52
714095,2012.REP.NOM.COBURN,Tom Coburn to be Republican Presidential Nominee in 2012,50,0.1,Feb/20/2011 19:13:49
714095,2012.REP.NOM.COBURN,Tom Coburn to be Republican Presidential Nominee in 2012,1,0.1,Jun/16/2011 01:08:14
714095,2012.REP.NOM.COBURN,Tom Coburn to be Republican Presidential Nominee in 2012,1,0.1,Jun/16/2011 01:28:07
714095,2012.REP.NOM.COBURN,Tom Coburn to be Republican Presidential Nominee in 2012,119,0.1,Jun/20/2011 16:31:30
714095,2012.REP.NOM.COBURN,Tom Coburn to be Republican Presidential Nominee in 2012,390,0.1,Jun/20/2011 16:31:30
714095,2012.REP.NOM.COBURN,Tom Coburn to be Republican Presidential Nominee in 2012,180,0.1,Jun/20/2011 16:31:30
714095,2012.REP.NOM.COBURN,Tom Coburn to be Republican Presidential Nominee in 2012,150,0.1,Jun/20/2011 16:31:30
714095,2012.REP.NOM.COBURN,Tom Coburn to be Republican Presidential Nominee in 2012,161,0.1,Jun/20/2011 16:31:30
714095,2012.REP.NOM.COBURN,Tom Coburn to be Republican Presidential Nominee in 2012,119,0.1,Jun/20/2011 16:31:57
714095,2012.REP.NOM.COBURN,Tom Coburn to be Republican Presidential Nominee in 2012,200,0.1,Jun/20/2011 16:31:57
714095,2012.REP.NOM.COBURN,Tom Coburn to be Republican Presidential Nominee in 2012,200,0.1,Jun/20/2011 16:31:57
714095,2012.REP.NOM.COBURN,Tom Coburn to be Republican Presidential Nominee in 2012,100,0.1,Jun/20/2011 16:31:57
714095,2012.REP.NOM.COBURN,Tom Coburn to be Republican Presidential Nominee in 2012,100,0.1,Jun/20/2011 16:31:57
714095,2012.REP.NOM.COBURN,Tom Coburn to be Republican Presidential Nominee in 2012,200,0.1,Jun/20/2011 16:31:57
714095,2012.REP.NOM.COBURN,Tom Coburn to be Republican Presidential Nominee in 2012,81,0.1,Jun/20/2011 16:31:57
714095,2012.REP.NOM.COBURN,Tom Coburn to be Republican Presidential Nominee in 2012,18,0.1,Jun/20/2011 17:24:48
714095,2012.REP.NOM.COBURN,Tom Coburn to be Republican Presidential Nominee in 2012,27,0.1,Jun/20/2011 21:26:16
714095,2012.REP.NOM.COBURN,Tom Coburn to be Republican Presidential Nominee in 2012,63,0.1,Jun/20/2011 21:26:16
714095,2012.REP.NOM.COBURN,Tom Coburn to be Republican Presidential Nominee in 2012,500,0.1,Jun/21/2011 00:38:10
714095,2012.REP.NOM.COBURN,Tom Coburn to be Republican Presidential Nominee in 2012,500,0.1,Jun/21/2011 00:38:10
714095,2012.REP.NOM.COBURN,Tom Coburn to be Republican Presidential Nominee in 2012,500,0.1,Jun/21/2011 00:38:10
714095,2012.REP.NOM.COBURN,Tom Coburn to be Republican Presidential Nominee in 2012,500,0.1,Jun/21/2011 00:38:10
714095,2012.REP.NOM.COBURN,Tom Coburn to be Republican Presidential Nominee in 2012,500,0.1,Jun/21/2011 00:38:10
714095,2012.REP.NOM.COBURN,Tom Coburn to be Republican Presidential Nominee in 2012,500,0.1,Jun/21/2011 00:38:10
714095,2012.REP.NOM.COBURN,Tom Coburn to be Republican Presidential Nominee in 2012,555,0.1,Jun/21/2011 00:38:10
714095,2012.REP.NOM.COBURN,Tom Coburn to be Republican Presidential Nominee in 2012,300,0.1,Jun/21/2011 00:38:10
714095,2012.REP.NOM.COBURN,Tom Coburn to be Republican Presidential Nominee in 2012,300,0.1,Jun/21/2011 00:38:10
714095,2012.REP.NOM.COBURN,Tom Coburn to be Republican Presidential Nominee in 2012,18,0.1,Jun/21/2011 00:38:10
714095,2012.REP.NOM.COBURN,Tom Coburn to be Republican Presidential Nominee in 2012,373,0.1,Jun/21/2011 00:38:10
714095,2012.REP.NOM.COBURN,Tom Coburn to be Republican Presidential Nominee in 2012,18,0.2,Jun/21/2011 02:52:53
714095,2012.REP.NOM.COBURN,Tom Coburn to be Republican Presidential Nominee in 2012,30,0.2,Jun/21/2011 02:52:53
714095,2012.REP.NOM.COBURN,Tom Coburn to be Republican Presidential Nominee in 2012,100,0.2,Jun/21/2011 02:52:53
714095,2012.REP.NOM.COBURN,Tom Coburn to be Republican Presidential Nominee in 2012,25,0.2,Jun/21/2011 04:24:22
714095,2012.REP.NOM.COBURN,Tom Coburn to be Republican Presidential Nominee in 2012,30,0.2,Jun/21/2011 04:45:14
714095,2012.REP.NOM.COBURN,Tom Coburn to be Republican Presidential Nominee in 2012,394,0.1,Jun/21/2011 08:05:08
714095,2012.REP.NOM.COBURN,Tom Coburn to be Republican Presidential Nominee in 2012,152,0.2,Jun/21/2011 08:05:08
714095,2012.REP.NOM.COBURN,Tom Coburn to be Republican Presidential Nominee in 2012,454,0.1,Jun/21/2011 08:05:08
714095,2012.REP.NOM.COBURN,Tom Coburn to be Republican Presidential Nominee in 2012,1000,0.1,Jun/21/2011 08:05:48
714095,2012.REP.NOM.COBURN,Tom Coburn to be Republican Presidential Nominee in 2012,1500,0.1,Jun/21/2011 10:46:02
714095,2012.REP.NOM.COBURN,Tom Coburn to be Republican Presidential Nominee in 2012,1,0.2,Jun/21/2011 14:37:41
714095,2012.REP.NOM.COBURN,Tom Coburn to be Republican Presidential Nominee in 2012,5,0.2,Jun/21/2011 17:55:49
714095,2012.REP.NOM.COBURN,Tom Coburn to be Republican Presidential Nominee in 2012,200,0.1,Jun/21/2011 18:25:13
714095,2012.REP.NOM.COBURN,Tom Coburn to be Republican Presidential Nominee in 2012,55,0.2,Jun/21/2011 21:33:24
714095,2012.REP.NOM.COBURN,Tom Coburn to be Republican Presidential Nominee in 2012,1,0.2,Jun/22/2011 22:31:30
714095,2012.REP.NOM.COBURN,Tom Coburn to be Republican Presidential Nominee in 2012,87,0.1,Jun/23/2011 13:41:46
714095,2012.REP.NOM.COBURN,Tom Coburn to be Republican Presidential Nominee in 2012,150,0.1,Jun/23/2011 21:41:10
714095,2012.REP.NOM.COBURN,Tom Coburn to be Republican Presidential Nominee in 2012,20,0.1,Jun/24/2011 03:23:54
714095,2012.REP.NOM.COBURN,Tom Coburn to be Republican Presidential Nominee in 2012,69,0.1,Jun/24/2011 16:21:18
714095,2012.REP.NOM.COBURN,Tom Coburn to be Republican Presidential Nominee in 2012,30,0.1,Jun/24/2011 16:24:39
714095,2012.REP.NOM.COBURN,Tom Coburn to be Republican Presidential Nominee in 2012,1,0.1,Jun/24/2011 19:10:54
714095,2012.REP.NOM.COBURN,Tom Coburn to be Republican Presidential Nominee in 2012,1,0.1,Jun/26/2011 07:10:50
714095,2012.REP.NOM.COBURN,Tom Coburn to be Republican Presidential Nominee in 2012,1,0.1,Jun/26/2011 07:14:47
714095,2012.REP.NOM.COBURN,Tom Coburn to be Republican Presidential Nominee in 2012,30,0.1,Jun/26/2011 14:43:30
714095,2012.REP.NOM.COBURN,Tom Coburn to be Republican Presidential Nominee in 2012,50,0.1,Jun/26/2011 17:33:37
714095,2012.REP.NOM.COBURN,Tom Coburn to be Republican Presidential Nominee in 2012,30,0.1,Jun/26/2011 17:46:37
714095,2012.REP.NOM.COBURN,Tom Coburn to be Republican Presidential Nominee in 2012,440,0.1,Jun/30/2011 15:19:06
714095,2012.REP.NOM.COBURN,Tom Coburn to be Republican Presidential Nominee in 2012,3,0.1,Jul/01/2011 03:19:05
714095,2012.REP.NOM.COBURN,Tom Coburn to be Republican Presidential Nominee in 2012,997,0.1,Jul/01/2011 03:19:05
714095,2012.REP.NOM.COBURN,Tom Coburn to be Republican Presidential Nominee in 2012,30,0.1,Jul/01/2011 05:45:33
714095,2012.REP.NOM.COBURN,Tom Coburn to be Republican Presidential Nominee in 2012,10,0.1,Jul/01/2011 05:45:33
714095,2012.REP.NOM.COBURN,Tom Coburn to be Republican Presidential Nominee in 2012,37,0.1,Jul/01/2011 05:45:33
714095,2012.REP.NOM.COBURN,Tom Coburn to be Republican Presidential Nominee in 2012,20,0.1,Jul/04/2011 01:46:16
714095,2012.REP.NOM.COBURN,Tom Coburn to be Republican Presidential Nominee in 2012,803,0.1,Jul/20/2011 13:30:57
714095,2012.REP.NOM.COBURN,Tom Coburn to be Republican Presidential Nominee in 2012,600,0.1,Jul/20/2011 13:30:57
714095,2012.REP.NOM.COBURN,Tom Coburn to be Republican Presidential Nominee in 2012,600,0.1,Jul/20/2011 13:30:57
714095,2012.REP.NOM.COBURN,Tom Coburn to be Republican Presidential Nominee in 2012,128,0.1,Jul/20/2011 13:30:57
714095,2012.REP.NOM.COBURN,Tom Coburn to be Republican Presidential Nominee in 2012,3,0.1,Jul/20/2011 16:47:24
714095,2012.REP.NOM.COBURN,Tom Coburn to be Republican Presidential Nominee in 2012,2,0.1,Jul/20/2011 16:49:00
714095,2012.REP.NOM.COBURN,Tom Coburn to be Republican Presidential Nominee in 2012,500,0.1,Jul/20/2011 17:03:15
714095,2012.REP.NOM.COBURN,Tom Coburn to be Republican Presidential Nominee in 2012,50,0.1,Jul/20/2011 17:03:32
714095,2012.REP.NOM.COBURN,Tom Coburn to be Republican Presidential Nominee in 2012,4,0.1,Jul/20/2011 17:10:25
714095,2012.REP.NOM.COBURN,Tom Coburn to be Republican Presidential Nominee in 2012,2,0.1,Jul/20/2011 17:16:47
714095,2012.REP.NOM.COBURN,Tom Coburn to be Republican Presidential Nominee in 2012,2,0.1,Jul/20/2011 17:33:12
714095,2012.REP.NOM.COBURN,Tom Coburn to be Republican Presidential Nominee in 2012,2,0.1,Jul/20/2011 17:37:53
714095,2012.REP.NOM.COBURN,Tom Coburn to be Republican Presidential Nominee in 2012,30,0.1,Jul/20/2011 17:40:46
714095,2012.REP.NOM.COBURN,Tom Coburn to be Republican Presidential Nominee in 2012,4,0.1,Jul/20/2011 18:21:14
714095,2012.REP.NOM.COBURN,Tom Coburn to be Republican Presidential Nominee in 2012,5,0.1,Jul/20/2011 18:23:35
714095,2012.REP.NOM.COBURN,Tom Coburn to be Republican Presidential Nominee in 2012,5,0.1,Jul/20/2011 19:22:14
714095,2012.REP.NOM.COBURN,Tom Coburn to be Republican Presidential Nominee in 2012,1,0.1,Jul/20/2011 19:50:43
714095,2012.REP.NOM.COBURN,Tom Coburn to be Republican Presidential Nominee in 2012,1,0.1,Jul/20/2011 19:53:11
714095,2012.REP.NOM.COBURN,Tom Coburn to be Republican Presidential Nominee in 2012,1,0.1,Jul/20/2011 20:08:59
714095,2012.REP.NOM.COBURN,Tom Coburn to be Republican Presidential Nominee in 2012,10,0.1,Jul/20/2011 21:37:50
714095,2012.REP.NOM.COBURN,Tom Coburn to be Republican Presidential Nominee in 2012,7,0.1,Jul/20/2011 22:23:27
714095,2012.REP.NOM.COBURN,Tom Coburn to be Republican Presidential Nominee in 2012,2,0.1,Jul/20/2011 23:06:39
714095,2012.REP.NOM.COBURN,Tom Coburn to be Republican Presidential Nominee in 2012,8,0.1,Jul/20/2011 23:17:22
714095,2012.REP.NOM.COBURN,Tom Coburn to be Republican Presidential Nominee in 2012,1,0.1,Jul/21/2011 00:05:11
714095,2012.REP.NOM.COBURN,Tom Coburn to be Republican Presidential Nominee in 2012,1,0.1,Jul/21/2011 00:35:28
714095,2012.REP.NOM.COBURN,Tom Coburn to be Republican Presidential Nominee in 2012,1,0.1,Jul/21/2011 00:39:00
714095,2012.REP.NOM.COBURN,Tom Coburn to be Republican Presidential Nominee in 2012,2,0.1,Jul/21/2011 01:39:44
714095,2012.REP.NOM.COBURN,Tom Coburn to be Republican Presidential Nominee in 2012,1,0.1,Jul/21/2011 13:42:47
714095,2012.REP.NOM.COBURN,Tom Coburn to be Republican Presidential Nominee in 2012,3,0.1,Jul/21/2011 14:34:02
714095,2012.REP.NOM.COBURN,Tom Coburn to be Republican Presidential Nominee in 2012,4,0.1,Jul/21/2011 14:34:36
714095,2012.REP.NOM.COBURN,Tom Coburn to be Republican Presidential Nominee in 2012,2,0.1,Jul/21/2011 15:26:25
714095,2012.REP.NOM.COBURN,Tom Coburn to be Republican Presidential Nominee in 2012,8,0.1,Jul/21/2011 15:30:08
714095,2012.REP.NOM.COBURN,Tom Coburn to be Republican Presidential Nominee in 2012,3,0.1,Jul/21/2011 15:39:54
714095,2012.REP.NOM.COBURN,Tom Coburn to be Republican Presidential Nominee in 2012,1,0.1,Jul/21/2011 15:40:15
714095,2012.REP.NOM.COBURN,Tom Coburn to be Republican Presidential Nominee in 2012,1,0.1,Jul/21/2011 16:32:29
714095,2012.REP.NOM.COBURN,Tom Coburn to be Republican Presidential Nominee in 2012,1,0.1,Jul/21/2011 17:43:20
714095,2012.REP.NOM.COBURN,Tom Coburn to be Republican Presidential Nominee in 2012,10,0.1,Jul/21/2011 17:43:55
714095,2012.REP.NOM.COBURN,Tom Coburn to be Republican Presidential Nominee in 2012,1,0.1,Jul/21/2011 22:00:14
714095,2012.REP.NOM.COBURN,Tom Coburn to be Republican Presidential Nominee in 2012,2,0.1,Jul/21/2011 23:04:05
714095,2012.REP.NOM.COBURN,Tom Coburn to be Republican Presidential Nominee in 2012,3,0.1,Jul/21/2011 23:47:10
714095,2012.REP.NOM.COBURN,Tom Coburn to be Republican Presidential Nominee in 2012,4,0.1,Jul/22/2011 00:27:39
714095,2012.REP.NOM.COBURN,Tom Coburn to be Republican Presidential Nominee in 2012,5,0.1,Jul/22/2011 00:52:18
714095,2012.REP.NOM.COBURN,Tom Coburn to be Republican Presidential Nominee in 2012,2,0.1,Jul/22/2011 01:26:06
714095,2012.REP.NOM.COBURN,Tom Coburn to be Republican Presidential Nominee in 2012,3,0.1,Jul/22/2011 02:30:58
714095,2012.REP.NOM.COBURN,Tom Coburn to be Republican Presidential Nominee in 2012,2,0.1,Jul/22/2011 02:32:14
714095,2012.REP.NOM.COBURN,Tom Coburn to be Republican Presidential Nominee in 2012,1,0.1,Jul/22/2011 02:32:54
714095,2012.REP.NOM.COBURN,Tom Coburn to be Republican Presidential Nominee in 2012,1,0.1,Jul/22/2011 14:15:04
714095,2012.REP.NOM.COBURN,Tom Coburn to be Republican Presidential Nominee in 2012,1,0.1,Jul/22/2011 14:15:40
714095,2012.REP.NOM.COBURN,Tom Coburn to be Republican Presidential Nominee in 2012,3,0.1,Jul/22/2011 14:18:56
714095,2012.REP.NOM.COBURN,Tom Coburn to be Republican Presidential Nominee in 2012,2,0.1,Jul/22/2011 14:37:54
714095,2012.REP.NOM.COBURN,Tom Coburn to be Republican Presidential Nominee in 2012,4,0.1,Jul/22/2011 15:39:33
714095,2012.REP.NOM.COBURN,Tom Coburn to be Republican Presidential Nominee in 2012,1,0.1,Jul/22/2011 15:52:17
714095,2012.REP.NOM.COBURN,Tom Coburn to be Republican Presidential Nominee in 2012,11,0.1,Jul/22/2011 15:54:35
714095,2012.REP.NOM.COBURN,Tom Coburn to be Republican Presidential Nominee in 2012,1,0.1,Jul/22/2011 15:56:57
714095,2012.REP.NOM.COBURN,Tom Coburn to be Republican Presidential Nominee in 2012,2,0.1,Jul/22/2011 15:59:57
714095,2012.REP.NOM.COBURN,Tom Coburn to be Republican Presidential Nominee in 2012,1,0.1,Jul/22/2011 16:05:33
714095,2012.REP.NOM.COBURN,Tom Coburn to be Republican Presidential Nominee in 2012,5,0.1,Jul/22/2011 16:05:54
714095,2012.REP.NOM.COBURN,Tom Coburn to be Republican Presidential Nominee in 2012,3,0.1,Jul/22/2011 16:27:08
714095,2012.REP.NOM.COBURN,Tom Coburn to be Republican Presidential Nominee in 2012,4,0.1,Jul/22/2011 16:46:36
714095,2012.REP.NOM.COBURN,Tom Coburn to be Republican Presidential Nominee in 2012,6,0.1,Jul/22/2011 18:03:03
714095,2012.REP.NOM.COBURN,Tom Coburn to be Republican Presidential Nominee in 2012,3,0.1,Jul/22/2011 19:58:19
714095,2012.REP.NOM.COBURN,Tom Coburn to be Republican Presidential Nominee in 2012,100,0.1,Jul/23/2011 05:36:08
714095,2012.REP.NOM.COBURN,Tom Coburn to be Republican Presidential Nominee in 2012,1,0.1,Jul/23/2011 17:23:59
714095,2012.REP.NOM.COBURN,Tom Coburn to be Republican Presidential Nominee in 2012,37,0.1,Jul/23/2011 22:40:08
714095,2012.REP.NOM.COBURN,Tom Coburn to be Republican Presidential Nominee in 2012,1,0.1,Jul/25/2011 18:18:56
714095,2012.REP.NOM.COBURN,Tom Coburn to be Republican Presidential Nominee in 2012,2,0.1,Jul/25/2011 19:59:55
714095,2012.REP.NOM.COBURN,Tom Coburn to be Republican Presidential Nominee in 2012,1,0.1,Jul/26/2011 14:18:23
714095,2012.REP.NOM.COBURN,Tom Coburn to be Republican Presidential Nominee in 2012,1,0.1,Jul/26/2011 14:19:18
714095,2012.REP.NOM.COBURN,Tom Coburn to be Republican Presidential Nominee in 2012,1,0.1,Jul/26/2011 14:19:37
714095,2012.REP.NOM.COBURN,Tom Coburn to be Republican Presidential Nominee in 2012,1,0.1,Jul/26/2011 14:19:53
714095,2012.REP.NOM.COBURN,Tom Coburn to be Republican Presidential Nominee in 2012,2,0.1,Jul/26/2011 14:20:04
714095,2012.REP.NOM.COBURN,Tom Coburn to be Republican Presidential Nominee in 2012,1,0.1,Jul/26/2011 15:38:35
714095,2012.REP.NOM.COBURN,Tom Coburn to be Republican Presidential Nominee in 2012,1,0.1,Jul/26/2011 16:53:59
714095,2012.REP.NOM.COBURN,Tom Coburn to be Republican Presidential Nominee in 2012,1,0.1,Jul/26/2011 22:19:13
714095,2012.REP.NOM.COBURN,Tom Coburn to be Republican Presidential Nominee in 2012,2,0.1,Jul/26/2011 22:33:03
714095,2012.REP.NOM.COBURN,Tom Coburn to be Republican Presidential Nominee in 2012,4,0.1,Jul/27/2011 02:20:24
714095,2012.REP.NOM.COBURN,Tom Coburn to be Republican Presidential Nominee in 2012,5,0.1,Jul/27/2011 21:40:19
714095,2012.REP.NOM.COBURN,Tom Coburn to be Republican Presidential Nominee in 2012,1,0.1,Jul/27/2011 22:05:36
714095,2012.REP.NOM.COBURN,Tom Coburn to be Republican Presidential Nominee in 2012,1,0.1,Jul/27/2011 22:06:46
714095,2012.REP.NOM.COBURN,Tom Coburn to be Republican Presidential Nominee in 2012,4,0.1,Jul/28/2011 00:05:57
714095,2012.REP.NOM.COBURN,Tom Coburn to be Republican Presidential Nominee in 2012,60,0.1,Jul/28/2011 23:55:49
714095,2012.REP.NOM.COBURN,Tom Coburn to be Republican Presidential Nominee in 2012,100,0.1,Aug/03/2011 04:09:42
714095,2012.REP.NOM.COBURN,Tom Coburn to be Republican Presidential Nominee in 2012,1,0.1,Aug/05/2011 22:25:18
714095,2012.REP.NOM.COBURN,Tom Coburn to be Republican Presidential Nominee in 2012,1,0.1,Aug/05/2011 23:25:32
714095,2012.REP.NOM.COBURN,Tom Coburn to be Republican Presidential Nominee in 2012,1,0.1,Aug/06/2011 01:09:24
714095,2012.REP.NOM.COBURN,Tom Coburn to be Republican Presidential Nominee in 2012,1,0.1,Aug/06/2011 19:41:44
714095,2012.REP.NOM.COBURN,Tom Coburn to be Republican Presidential Nominee in 2012,80,0.1,Aug/06/2011 19:51:41
714095,2012.REP.NOM.COBURN,Tom Coburn to be Republican Presidential Nominee in 2012,79,0.1,Aug/07/2011 17:17:41
714095,2012.REP.NOM.COBURN,Tom Coburn to be Republican Presidential Nominee in 2012,1,0.1,Aug/08/2011 16:51:21
714095,2012.REP.NOM.COBURN,Tom Coburn to be Republican Presidential Nominee in 2012,26,0.1,Aug/08/2011 21:07:31
714095,2012.REP.NOM.COBURN,Tom Coburn to be Republican Presidential Nominee in 2012,4,0.1,Aug/08/2011 22:18:44
714095,2012.REP.NOM.COBURN,Tom Coburn to be Republican Presidential Nominee in 2012,5,0.1,Aug/08/2011 22:37:42
714095,2012.REP.NOM.COBURN,Tom Coburn to be Republican Presidential Nominee in 2012,1,0.1,Aug/09/2011 16:17:55
714095,2012.REP.NOM.COBURN,Tom Coburn to be Republican Presidential Nominee in 2012,1,0.1,Aug/09/2011 21:40:07
714095,2012.REP.NOM.COBURN,Tom Coburn to be Republican Presidential Nominee in 2012,10,0.1,Aug/10/2011 01:21:39
714095,2012.REP.NOM.COBURN,Tom Coburn to be Republican Presidential Nominee in 2012,280,0.1,Aug/10/2011 02:24:41
714095,2012.REP.NOM.COBURN,Tom Coburn to be Republican Presidential Nominee in 2012,41,0.1,Aug/10/2011 08:48:48
714095,2012.REP.NOM.COBURN,Tom Coburn to be Republican Presidential Nominee in 2012,1,0.1,Aug/10/2011 10:04:03
714095,2012.REP.NOM.COBURN,Tom Coburn to be Republican Presidential Nominee in 2012,20,0.1,Aug/11/2011 02:23:10
714095,2012.REP.NOM.COBURN,Tom Coburn to be Republican Presidential Nominee in 2012,6,0.1,Aug/11/2011 17:15:40
714095,2012.REP.NOM.COBURN,Tom Coburn to be Republican Presidential Nominee in 2012,3,0.1,Aug/11/2011 18:59:45
714095,2012.REP.NOM.COBURN,Tom Coburn to be Republican Presidential Nominee in 2012,20,0.1,Aug/12/2011 00:17:29
714095,2012.REP.NOM.COBURN,Tom Coburn to be Republican Presidential Nominee in 2012,5,0.1,Aug/12/2011 03:16:39
714095,2012.REP.NOM.COBURN,Tom Coburn to be Republican Presidential Nominee in 2012,30,0.1,Aug/12/2011 03:21:00
714095,2012.REP.NOM.COBURN,Tom Coburn to be Republican Presidential Nominee in 2012,8,0.1,Aug/12/2011 13:11:11
714095,2012.REP.NOM.COBURN,Tom Coburn to be Republican Presidential Nominee in 2012,50,0.1,Aug/12/2011 14:17:22
714095,2012.REP.NOM.COBURN,Tom Coburn to be Republican Presidential Nominee in 2012,2,0.1,Aug/12/2011 15:24:49
714095,2012.REP.NOM.COBURN,Tom Coburn to be Republican Presidential Nominee in 2012,20,0.1,Aug/12/2011 18:55:34
714095,2012.REP.NOM.COBURN,Tom Coburn to be Republican Presidential Nominee in 2012,20,0.1,Aug/12/2011 20:10:04
714095,2012.REP.NOM.COBURN,Tom Coburn to be Republican Presidential Nominee in 2012,20,0.1,Aug/12/2011 21:27:28
714095,2012.REP.NOM.COBURN,Tom Coburn to be Republican Presidential Nominee in 2012,20,0.1,Aug/12/2011 21:36:05
714095,2012.REP.NOM.COBURN,Tom Coburn to be Republican Presidential Nominee in 2012,5,0.1,Aug/12/2011 22:25:54
714095,2012.REP.NOM.COBURN,Tom Coburn to be Republican Presidential Nominee in 2012,20,0.1,Aug/12/2011 22:29:49
714095,2012.REP.NOM.COBURN,Tom Coburn to be Republican Presidential Nominee in 2012,11,0.1,Aug/13/2011 00:11:09
714095,2012.REP.NOM.COBURN,Tom Coburn to be Republican Presidential Nominee in 2012,9,0.1,Aug/14/2011 14:38:23
714095,2012.REP.NOM.COBURN,Tom Coburn to be Republican Presidential Nominee in 2012,190,0.1,Aug/14/2011 14:38:23
714095,2012.REP.NOM.COBURN,Tom Coburn to be Republican Presidential Nominee in 2012,200,0.1,Aug/14/2011 14:38:23
714095,2012.REP.NOM.COBURN,Tom Coburn to be Republican Presidential Nominee in 2012,1,0.1,Aug/14/2011 15:47:13
714095,2012.REP.NOM.COBURN,Tom Coburn to be Republican Presidential Nominee in 2012,19,0.1,Aug/14/2011 15:55:59
714095,2012.REP.NOM.COBURN,Tom Coburn to be Republican Presidential Nominee in 2012,20,0.1,Aug/14/2011 16:39:56
714095,2012.REP.NOM.COBURN,Tom Coburn to be Republican Presidential Nominee in 2012,20,0.1,Aug/14/2011 22:48:09
714095,2012.REP.NOM.COBURN,Tom Coburn to be Republican Presidential Nominee in 2012,41,0.1,Aug/14/2011 23:00:20
714095,2012.REP.NOM.COBURN,Tom Coburn to be Republican Presidential Nominee in 2012,19,0.1,Aug/14/2011 23:35:43
714095,2012.REP.NOM.COBURN,Tom Coburn to be Republican Presidential Nominee in 2012,20,0.1,Aug/15/2011 03:22:59
714095,2012.REP.NOM.COBURN,Tom Coburn to be Republican Presidential Nominee in 2012,20,0.1,Aug/15/2011 14:17:44
714095,2012.REP.NOM.COBURN,Tom Coburn to be Republican Presidential Nominee in 2012,20,0.1,Aug/15/2011 22:08:48
714095,2012.REP.NOM.COBURN,Tom Coburn to be Republican Presidential Nominee in 2012,10,0.1,Aug/16/2011 22:58:14
714095,2012.REP.NOM.COBURN,Tom Coburn to be Republican Presidential Nominee in 2012,30,0.1,Aug/16/2011 23:18:25
714095,2012.REP.NOM.COBURN,Tom Coburn to be Republican Presidential Nominee in 2012,110,0.1,Aug/16/2011 23:22:18
714095,2012.REP.NOM.COBURN,Tom Coburn to be Republican Presidential Nominee in 2012,71,0.1,Aug/17/2011 00:33:26
714095,2012.REP.NOM.COBURN,Tom Coburn to be Republican Presidential Nominee in 2012,20,0.1,Aug/17/2011 21:38:22
714095,2012.REP.NOM.COBURN,Tom Coburn to be Republican Presidential Nominee in 2012,10,0.1,Aug/20/2011 00:23:38
714095,2012.REP.NOM.COBURN,Tom Coburn to be Republican Presidential Nominee in 2012,1,0.1,Aug/20/2011 04:06:06
714095,2012.REP.NOM.COBURN,Tom Coburn to be Republican Presidential Nominee in 2012,71,0.1,Aug/20/2011 04:28:01
714095,2012.REP.NOM.COBURN,Tom Coburn to be Republican Presidential Nominee in 2012,69,0.1,Aug/20/2011 04:28:01
714095,2012.REP.NOM.COBURN,Tom Coburn to be Republican Presidential Nominee in 2012,29,0.1,Aug/20/2011 12:27:04
714095,2012.REP.NOM.COBURN,Tom Coburn to be Republican Presidential Nominee in 2012,9,0.1,Aug/21/2011 23:20:28
714095,2012.REP.NOM.COBURN,Tom Coburn to be Republican Presidential Nominee in 2012,5,0.1,Aug/22/2011 17:38:03
714095,2012.REP.NOM.COBURN,Tom Coburn to be Republican Presidential Nominee in 2012,50,0.1,Aug/23/2011 03:15:18
714095,2012.REP.NOM.COBURN,Tom Coburn to be Republican Presidential Nominee in 2012,136,0.1,Aug/24/2011 03:26:46
714095,2012.REP.NOM.COBURN,Tom Coburn to be Republican Presidential Nominee in 2012,19,0.1,Aug/24/2011 05:08:20
714095,2012.REP.NOM.COBURN,Tom Coburn to be Republican Presidential Nominee in 2012,450,0.1,Oct/04/2011 22:37:24
714095,2012.REP.NOM.COBURN,Tom Coburn to be Republican Presidential Nominee in 2012,800,0.1,Oct/04/2011 22:37:24
714095,2012.REP.NOM.COBURN,Tom Coburn to be Republican Presidential Nominee in 2012,50,0.1,Oct/04/2011 22:37:24
714095,2012.REP.NOM.COBURN,Tom Coburn to be Republican Presidential Nominee in 2012,10,0.1,Oct/04/2011 22:37:24
714095,2012.REP.NOM.COBURN,Tom Coburn to be Republican Presidential Nominee in 2012,65,0.1,Oct/04/2011 22:37:24
714095,2012.REP.NOM.COBURN,Tom Coburn to be Republican Presidential Nominee in 2012,2,0.1,Oct/04/2011 22:55:19
714095,2012.REP.NOM.COBURN,Tom Coburn to be Republican Presidential Nominee in 2012,3,0.1,Oct/04/2011 22:55:59
714095,2012.REP.NOM.COBURN,Tom Coburn to be Republican Presidential Nominee in 2012,156,0.2,Oct/04/2011 22:57:05
714095,2012.REP.NOM.COBURN,Tom Coburn to be Republican Presidential Nominee in 2012,50,0.2,Oct/04/2011 22:57:05
714095,2012.REP.NOM.COBURN,Tom Coburn to be Republican Presidential Nominee in 2012,10,0.2,Oct/04/2011 22:57:05
714095,2012.REP.NOM.COBURN,Tom Coburn to be Republican Presidential Nominee in 2012,10,0.3,Oct/04/2011 22:57:05
714095,2012.REP.NOM.COBURN,Tom Coburn to be Republican Presidential Nominee in 2012,10,0.2,Oct/04/2011 22:57:05
714095,2012.REP.NOM.COBURN,Tom Coburn to be Republican Presidential Nominee in 2012,100,0.2,Oct/04/2011 22:57:05
714095,2012.REP.NOM.COBURN,Tom Coburn to be Republican Presidential Nominee in 2012,1503,0.3,Oct/04/2011 22:57:05
714095,2012.REP.NOM.COBURN,Tom Coburn to be Republican Presidential Nominee in 2012,61,0.2,Oct/04/2011 22:57:05
714095,2012.REP.NOM.COBURN,Tom Coburn to be Republican Presidential Nominee in 2012,97,0.3,Oct/04/2011 22:57:11
714095,2012.REP.NOM.COBURN,Tom Coburn to be Republican Presidential Nominee in 2012,100,0.3,Oct/04/2011 23:05:24
714095,2012.REP.NOM.COBURN,Tom Coburn to be Republican Presidential Nominee in 2012,57,0.3,Oct/04/2011 23:05:24
714095,2012.REP.NOM.COBURN,Tom Coburn to be Republican Presidential Nominee in 2012,100,0.3,Oct/04/2011 23:08:48
714095,2012.REP.NOM.COBURN,Tom Coburn to be Republican Presidential Nominee in 2012,100,0.3,Oct/04/2011 23:20:25
714095,2012.REP.NOM.COBURN,Tom Coburn to be Republican Presidential Nominee in 2012,100,0.3,Oct/04/2011 23:23:52
714095,2012.REP.NOM.COBURN,Tom Coburn to be Republican Presidential Nominee in 2012,550,0.3,Oct/04/2011 23:23:52
714095,2012.REP.NOM.COBURN,Tom Coburn to be Republican Presidential Nominee in 2012,100,0.3,Oct/04/2011 23:26:49
714095,2012.REP.NOM.COBURN,Tom Coburn to be Republican Presidential Nominee in 2012,500,0.3,Oct/04/2011 23:32:45
714095,2012.REP.NOM.COBURN,Tom Coburn to be Republican Presidential Nominee in 2012,500,0.3,Oct/04/2011 23:38:39
714095,2012.REP.NOM.COBURN,Tom Coburn to be Republican Presidential Nominee in 2012,500,0.3,Oct/04/2011 23:49:52
714095,2012.REP.NOM.COBURN,Tom Coburn to be Republican Presidential Nominee in 2012,500,0.3,Oct/04/2011 23:54:34
714095,2012.REP.NOM.COBURN,Tom Coburn to be Republican Presidential Nominee in 2012,5,0.2,Oct/05/2011 00:52:27
714095,2012.REP.NOM.COBURN,Tom Coburn to be Republican Presidential Nominee in 2012,995,0.2,Oct/05/2011 01:21:00
714095,2012.REP.NOM.COBURN,Tom Coburn to be Republican Presidential Nominee in 2012,1,0.3,Oct/05/2011 01:56:13
714095,2012.REP.NOM.COBURN,Tom Coburn to be Republican Presidential Nominee in 2012,5,0.2,Oct/06/2011 00:45:26
714095,2012.REP.NOM.COBURN,Tom Coburn to be Republican Presidential Nominee in 2012,40,0.2,Oct/06/2011 00:45:26
714095,2012.REP.NOM.COBURN,Tom Coburn to be Republican Presidential Nominee in 2012,384,0.1,Oct/07/2011 04:42:17
714095,2012.REP.NOM.COBURN,Tom Coburn to be Republican Presidential Nominee in 2012,5,0.1,Oct/07/2011 09:06:30
714095,2012.REP.NOM.COBURN,Tom Coburn to be Republican Presidential Nominee in 2012,12,0.1,Oct/07/2011 09:14:11
714095,2012.REP.NOM.COBURN,Tom Coburn to be Republican Presidential Nominee in 2012,2,0.1,Oct/07/2011 11:24:50
714095,2012.REP.NOM.COBURN,Tom Coburn to be Republican Presidential Nominee in 2012,5,0.1,Oct/07/2011 11:55:20
714095,2012.REP.NOM.COBURN,Tom Coburn to be Republican Presidential Nominee in 2012,44,0.1,Oct/07/2011 13:34:29
714095,2012.REP.NOM.COBURN,Tom Coburn to be Republican Presidential Nominee in 2012,33,0.1,Oct/07/2011 14:10:47
714095,2012.REP.NOM.COBURN,Tom Coburn to be Republican Presidential Nominee in 2012,7,0.1,Oct/07/2011 14:41:50
714095,2012.REP.NOM.COBURN,Tom Coburn to be Republican Presidential Nominee in 2012,10,0.1,Oct/07/2011 14:41:50
714095,2012.REP.NOM.COBURN,Tom Coburn to be Republican Presidential Nominee in 2012,23,0.1,Oct/07/2011 14:43:11
714095,2012.REP.NOM.COBURN,Tom Coburn to be Republican Presidential Nominee in 2012,1,0.1,Oct/07/2011 15:04:49
714095,2012.REP.NOM.COBURN,Tom Coburn to be Republican Presidential Nominee in 2012,1,0.1,Oct/07/2011 15:05:04
714095,2012.REP.NOM.COBURN,Tom Coburn to be Republican Presidential Nominee in 2012,5,0.1,Oct/07/2011 15:06:57
714095,2012.REP.NOM.COBURN,Tom Coburn to be Republican Presidential Nominee in 2012,1,0.1,Oct/07/2011 15:07:18
714095,2012.REP.NOM.COBURN,Tom Coburn to be Republican Presidential Nominee in 2012,5,0.1,Oct/07/2011 15:08:21
714095,2012.REP.NOM.COBURN,Tom Coburn to be Republican Presidential Nominee in 2012,1,0.1,Oct/07/2011 15:08:56
714095,2012.REP.NOM.COBURN,Tom Coburn to be Republican Presidential Nominee in 2012,5,0.1,Oct/07/2011 15:10:02
714095,2012.REP.NOM.COBURN,Tom Coburn to be Republican Presidential Nominee in 2012,8,0.1,Oct/07/2011 15:10:38
714095,2012.REP.NOM.COBURN,Tom Coburn to be Republican Presidential Nominee in 2012,1,0.1,Oct/07/2011 15:20:09
714095,2012.REP.NOM.COBURN,Tom Coburn to be Republican Presidential Nominee in 2012,1,0.1,Oct/07/2011 15:31:30
714095,2012.REP.NOM.COBURN,Tom Coburn to be Republican Presidential Nominee in 2012,18,0.1,Oct/07/2011 15:34:01
714095,2012.REP.NOM.COBURN,Tom Coburn to be Republican Presidential Nominee in 2012,2,0.1,Oct/07/2011 15:34:57
714095,2012.REP.NOM.COBURN,Tom Coburn to be Republican Presidential Nominee in 2012,18,0.1,Oct/07/2011 15:41:33
714095,2012.REP.NOM.COBURN,Tom Coburn to be Republican Presidential Nominee in 2012,1,0.1,Oct/07/2011 15:47:39
714095,2012.REP.NOM.COBURN,Tom Coburn to be Republican Presidential Nominee in 2012,8,0.1,Oct/07/2011 21:28:23
714095,2012.REP.NOM.COBURN,Tom Coburn to be Republican Presidential Nominee in 2012,16,0.1,Oct/07/2011 21:29:29
714095,2012.REP.NOM.COBURN,Tom Coburn to be Republican Presidential Nominee in 2012,20,0.1,Oct/07/2011 21:45:34
714095,2012.REP.NOM.COBURN,Tom Coburn to be Republican Presidential Nominee in 2012,1,0.1,Oct/07/2011 23:01:45
714095,2012.REP.NOM.COBURN,Tom Coburn to be Republican Presidential Nominee in 2012,1,0.1,Oct/07/2011 23:02:31
714095,2012.REP.NOM.COBURN,Tom Coburn to be Republican Presidential Nominee in 2012,12,0.1,Oct/07/2011 23:03:52
714095,2012.REP.NOM.COBURN,Tom Coburn to be Republican Presidential Nominee in 2012,20,0.1,Oct/07/2011 23:05:13
714095,2012.REP.NOM.COBURN,Tom Coburn to be Republican Presidential Nominee in 2012,10,0.1,Oct/07/2011 23:05:53
714095,2012.REP.NOM.COBURN,Tom Coburn to be Republican Presidential Nominee in 2012,10,0.1,Oct/08/2011 00:58:20
714095,2012.REP.NOM.COBURN,Tom Coburn to be Republican Presidential Nominee in 2012,37,0.2,Oct/08/2011 02:47:41
714095,2012.REP.NOM.COBURN,Tom Coburn to be Republican Presidential Nominee in 2012,944,0.2,Oct/08/2011 02:47:41
714095,2012.REP.NOM.COBURN,Tom Coburn to be Republican Presidential Nominee in 2012,1,0.1,Oct/08/2011 04:06:45
714095,2012.REP.NOM.COBURN,Tom Coburn to be Republican Presidential Nominee in 2012,10,0.1,Oct/08/2011 16:53:05
714095,2012.REP.NOM.COBURN,Tom Coburn to be Republican Presidential Nominee in 2012,15,0.1,Oct/08/2011 16:53:20
714095,2012.REP.NOM.COBURN,Tom Coburn to be Republican Presidential Nominee in 2012,25,0.1,Oct/08/2011 16:54:01
714095,2012.REP.NOM.COBURN,Tom Coburn to be Republican Presidential Nominee in 2012,16,0.1,Oct/08/2011 16:54:12
714095,2012.REP.NOM.COBURN,Tom Coburn to be Republican Presidential Nominee in 2012,1,0.1,Oct/08/2011 17:16:28
714095,2012.REP.NOM.COBURN,Tom Coburn to be Republican Presidential Nominee in 2012,11,0.1,Oct/08/2011 17:20:34
714095,2012.REP.NOM.COBURN,Tom Coburn to be Republican Presidential Nominee in 2012,1,0.1,Oct/08/2011 17:44:57
714095,2012.REP.NOM.COBURN,Tom Coburn to be Republican Presidential Nominee in 2012,34,0.1,Oct/08/2011 18:03:31
714095,2012.REP.NOM.COBURN,Tom Coburn to be Republican Presidential Nominee in 2012,1,0.2,Oct/09/2011 01:58:33
714095,2012.REP.NOM.COBURN,Tom Coburn to be Republican Presidential Nominee in 2012,500,0.2,Oct/09/2011 01:58:33
714095,2012.REP.NOM.COBURN,Tom Coburn to be Republican Presidential Nominee in 2012,50,0.2,Oct/09/2011 01:58:33
714095,2012.REP.NOM.COBURN,Tom Coburn to be Republican Presidential Nominee in 2012,40,0.2,Oct/09/2011 01:58:33
714095,2012.REP.NOM.COBURN,Tom Coburn to be Republican Presidential Nominee in 2012,56,0.2,Oct/09/2011 01:58:33
714095,2012.REP.NOM.COBURN,Tom Coburn to be Republican Presidential Nominee in 2012,3,0.2,Oct/09/2011 01:58:33
714095,2012.REP.NOM.COBURN,Tom Coburn to be Republican Presidential Nominee in 2012,3,0.1,Oct/10/2011 12:13:30
714095,2012.REP.NOM.COBURN,Tom Coburn to be Republican Presidential Nominee in 2012,5,0.1,Oct/10/2011 13:05:01
714095,2012.REP.NOM.COBURN,Tom Coburn to be Republican Presidential Nominee in 2012,1,0.1,Oct/10/2011 15:22:03
714095,2012.REP.NOM.COBURN,Tom Coburn to be Republican Presidential Nominee in 2012,3,0.1,Oct/10/2011 15:26:29
714095,2012.REP.NOM.COBURN,Tom Coburn to be Republican Presidential Nominee in 2012,4,0.1,Oct/10/2011 15:37:09
714095,2012.REP.NOM.COBURN,Tom Coburn to be Republican Presidential Nominee in 2012,6,0.1,Oct/10/2011 15:38:14
714095,2012.REP.NOM.COBURN,Tom Coburn to be Republican Presidential Nominee in 2012,4,0.1,Oct/10/2011 15:44:47
714095,2012.REP.NOM.COBURN,Tom Coburn to be Republican Presidential Nominee in 2012,30,0.1,Oct/10/2011 16:56:09
714095,2012.REP.NOM.COBURN,Tom Coburn to be Republican Presidential Nominee in 2012,664,0.1,Oct/10/2011 16:56:09
714095,2012.REP.NOM.COBURN,Tom Coburn to be Republican Presidential Nominee in 2012,206,0.1,Oct/10/2011 16:56:09
714095,2012.REP.NOM.COBURN,Tom Coburn to be Republican Presidential Nominee in 2012,100,0.1,Oct/10/2011 16:56:09
714095,2012.REP.NOM.COBURN,Tom Coburn to be Republican Presidential Nominee in 2012,7,0.1,Oct/10/2011 17:45:29
714095,2012.REP.NOM.COBURN,Tom Coburn to be Republican Presidential Nominee in 2012,28,0.1,Oct/11/2011 15:49:35
714095,2012.REP.NOM.COBURN,Tom Coburn to be Republican Presidential Nominee in 2012,4,0.1,Oct/12/2011 19:54:34
714095,2012.REP.NOM.COBURN,Tom Coburn to be Republican Presidential Nominee in 2012,20,0.1,Oct/13/2011 08:11:55
714095,2012.REP.NOM.COBURN,Tom Coburn to be Republican Presidential Nominee in 2012,3,0.1,Oct/14/2011 10:05:25
714095,2012.REP.NOM.COBURN,Tom Coburn to be Republican Presidential Nominee in 2012,85,0.1,Oct/14/2011 10:05:25
714095,2012.REP.NOM.COBURN,Tom Coburn to be Republican Presidential Nominee in 2012,20,0.1,Dec/06/2011 17:20:39
714095,2012.REP.NOM.COBURN,Tom Coburn to be Republican Presidential Nominee in 2012,230,0.1,Feb/19/2012 05:22:58
714095,2012.REP.NOM.COBURN,Tom Coburn to be Republican Presidential Nominee in 2012,1700,0.1,Feb/19/2012 05:22:58
714095,2012.REP.NOM.COBURN,Tom Coburn to be Republican Presidential Nominee in 2012,1100,0.1,Feb/19/2012 05:22:58
714095,2012.REP.NOM.COBURN,Tom Coburn to be Republican Presidential Nominee in 2012,1114,0.1,Feb/19/2012 05:22:58
714095,2012.REP.NOM.COBURN,Tom Coburn to be Republican Presidential Nominee in 2012,491,0.1,Feb/19/2012 05:22:58
714095,2012.REP.NOM.COBURN,Tom Coburn to be Republican Presidential Nominee in 2012,5365,0.1,Feb/19/2012 05:22:58
714095,2012.REP.NOM.COBURN,Tom Coburn to be Republican Presidential Nominee in 2012,57,0.1,Feb/19/2012 05:23:25
714095,2012.REP.NOM.COBURN,Tom Coburn to be Republican Presidential Nominee in 2012,2300,0.1,Feb/19/2012 05:23:25
714095,2012.REP.NOM.COBURN,Tom Coburn to be Republican Presidential Nominee in 2012,198,0.1,Feb/19/2012 05:23:25
714095,2012.REP.NOM.COBURN,Tom Coburn to be Republican Presidential Nominee in 2012,1975,0.1,Feb/19/2012 05:23:25
714095,2012.REP.NOM.COBURN,Tom Coburn to be Republican Presidential Nominee in 2012,37,0.1,Feb/19/2012 05:23:25
714095,2012.REP.NOM.COBURN,Tom Coburn to be Republican Presidential Nominee in 2012,3635,0.1,Feb/19/2012 05:23:25
714095,2012.REP.NOM.COBURN,Tom Coburn to be Republican Presidential Nominee in 2012,208,0.1,Feb/19/2012 05:23:25
714095,2012.REP.NOM.COBURN,Tom Coburn to be Republican Presidential Nominee in 2012,187,0.1,Feb/19/2012 05:51:07
714095,2012.REP.NOM.COBURN,Tom Coburn to be Republican Presidential Nominee in 2012,2,0.1,Feb/19/2012 16:14:36
714095,2012.REP.NOM.COBURN,Tom Coburn to be Republican Presidential Nominee in 2012,5,0.1,Feb/19/2012 17:19:27
714095,2012.REP.NOM.COBURN,Tom Coburn to be Republican Presidential Nominee in 2012,200,0.1,Feb/19/2012 18:12:41
714095,2012.REP.NOM.COBURN,Tom Coburn to be Republican Presidential Nominee in 2012,5,0.1,Feb/19/2012 18:15:59
714095,2012.REP.NOM.COBURN,Tom Coburn to be Republican Presidential Nominee in 2012,5,0.1,Feb/19/2012 18:16:34
714095,2012.REP.NOM.COBURN,Tom Coburn to be Republican Presidential Nominee in 2012,5,0.1,Feb/19/2012 18:16:53
714095,2012.REP.NOM.COBURN,Tom Coburn to be Republican Presidential Nominee in 2012,5,0.1,Feb/19/2012 18:17:11
714095,2012.REP.NOM.COBURN,Tom Coburn to be Republican Presidential Nominee in 2012,5,0.1,Feb/19/2012 18:18:34
714095,2012.REP.NOM.COBURN,Tom Coburn to be Republican Presidential Nominee in 2012,5,0.1,Feb/19/2012 18:19:22
714095,2012.REP.NOM.COBURN,Tom Coburn to be Republican Presidential Nominee in 2012,5,0.1,Feb/19/2012 19:42:19
714095,2012.REP.NOM.COBURN,Tom Coburn to be Republican Presidential Nominee in 2012,5,0.1,Feb/19/2012 20:49:38
714095,2012.REP.NOM.COBURN,Tom Coburn to be Republican Presidential Nominee in 2012,66,0.1,Feb/20/2012 01:28:12
714095,2012.REP.NOM.COBURN,Tom Coburn to be Republican Presidential Nominee in 2012,1090,0.1,Feb/20/2012 09:26:29
714095,2012.REP.NOM.COBURN,Tom Coburn to be Republican Presidential Nominee in 2012,3910,0.1,Feb/20/2012 09:26:29
714095,2012.REP.NOM.COBURN,Tom Coburn to be Republican Presidential Nominee in 2012,5,0.1,Feb/20/2012 10:19:43
714095,2012.REP.NOM.COBURN,Tom Coburn to be Republican Presidential Nominee in 2012,200,0.1,Feb/20/2012 11:33:07
714095,2012.REP.NOM.COBURN,Tom Coburn to be Republican Presidential Nominee in 2012,5,0.1,Feb/20/2012 14:31:47
714095,2012.REP.NOM.COBURN,Tom Coburn to be Republican Presidential Nominee in 2012,5,0.1,Feb/20/2012 14:45:18
714095,2012.REP.NOM.COBURN,Tom Coburn to be Republican Presidential Nominee in 2012,5,0.1,Feb/20/2012 14:46:09
714095,2012.REP.NOM.COBURN,Tom Coburn to be Republican Presidential Nominee in 2012,200,0.1,Feb/20/2012 17:00:42
714095,2012.REP.NOM.COBURN,Tom Coburn to be Republican Presidential Nominee in 2012,190,0.1,Feb/20/2012 20:20:57
714095,2012.REP.NOM.COBURN,Tom Coburn to be Republican Presidential Nominee in 2012,100,0.1,Feb/21/2012 00:35:47
714095,2012.REP.NOM.COBURN,Tom Coburn to be Republican Presidential Nominee in 2012,5,0.1,Feb/21/2012 03:04:09
714095,2012.REP.NOM.COBURN,Tom Coburn to be Republican Presidential Nominee in 2012,100,0.1,Feb/21/2012 03:04:44
714095,2012.REP.NOM.COBURN,Tom Coburn to be Republican Presidential Nominee in 2012,5,0.1,Feb/21/2012 17:43:51
714095,2012.REP.NOM.COBURN,Tom Coburn to be Republican Presidential Nominee in 2012,50,0.1,Feb/21/2012 17:49:29
714095,2012.REP.NOM.COBURN,Tom Coburn to be Republican Presidential Nominee in 2012,200,0.1,Feb/22/2012 04:09:29
714095,2012.REP.NOM.COBURN,Tom Coburn to be Republican Presidential Nominee in 2012,20,0.1,Feb/22/2012 06:12:18
714095,2012.REP.NOM.COBURN,Tom Coburn to be Republican Presidential Nominee in 2012,163,0.1,Feb/22/2012 06:12:18
714095,2012.REP.NOM.COBURN,Tom Coburn to be Republican Presidential Nominee in 2012,5,0.1,Feb/22/2012 14:45:11
714095,2012.REP.NOM.COBURN,Tom Coburn to be Republican Presidential Nominee in 2012,5,0.1,Feb/22/2012 14:45:27
714095,2012.REP.NOM.COBURN,Tom Coburn to be Republican Presidential Nominee in 2012,5,0.1,Feb/22/2012 14:45:45
714095,2012.REP.NOM.COBURN,Tom Coburn to be Republican Presidential Nominee in 2012,5,0.1,Feb/22/2012 14:46:12
714095,2012.REP.NOM.COBURN,Tom Coburn to be Republican Presidential Nominee in 2012,5,0.1,Feb/22/2012 14:46:35
714095,2012.REP.NOM.COBURN,Tom Coburn to be Republican Presidential Nominee in 2012,5,0.1,Feb/22/2012 14:47:30
714095,2012.REP.NOM.COBURN,Tom Coburn to be Republican Presidential Nominee in 2012,5,0.1,Feb/22/2012 14:47:49
714095,2012.REP.NOM.COBURN,Tom Coburn to be Republican Presidential Nominee in 2012,5,0.1,Feb/22/2012 14:48:12
714095,2012.REP.NOM.COBURN,Tom Coburn to be Republican Presidential Nominee in 2012,47,0.1,Feb/22/2012 15:10:52
714095,2012.REP.NOM.COBURN,Tom Coburn to be Republican Presidential Nominee in 2012,300,0.1,Feb/26/2012 16:16:24
714095,2012.REP.NOM.COBURN,Tom Coburn to be Republican Presidential Nominee in 2012,53,0.1,Feb/27/2012 19:58:12
714095,2012.REP.NOM.COBURN,Tom Coburn to be Republican Presidential Nominee in 2012,47,0.1,Feb/27/2012 19:58:12
714095,2012.REP.NOM.COBURN,Tom Coburn to be Republican Presidential Nominee in 2012,5,0.1,Mar/07/2012 23:34:59
714095,2012.REP.NOM.COBURN,Tom Coburn to be Republican Presidential Nominee in 2012,5,0.1,Mar/07/2012 23:36:27
714095,2012.REP.NOM.COBURN,Tom Coburn to be Republican Presidential Nominee in 2012,5,0.1,Mar/07/2012 23:37:49
714095,2012.REP.NOM.COBURN,Tom Coburn to be Republican Presidential Nominee in 2012,5,0.1,Mar/11/2012 16:58:48
714095,2012.REP.NOM.COBURN,Tom Coburn to be Republican Presidential Nominee in 2012,7,0.1,Mar/12/2012 03:47:39
714095,2012.REP.NOM.COBURN,Tom Coburn to be Republican Presidential Nominee in 2012,25,0.1,Mar/12/2012 03:55:07
714095,2012.REP.NOM.COBURN,Tom Coburn to be Republican Presidential Nominee in 2012,3,0.1,Mar/12/2012 03:55:07
714095,2012.REP.NOM.COBURN,Tom Coburn to be Republican Presidential Nominee in 2012,5,0.1,Mar/12/2012 03:55:07
714095,2012.REP.NOM.COBURN,Tom Coburn to be Republican Presidential Nominee in 2012,26,0.1,Mar/12/2012 03:55:07
714095,2012.REP.NOM.COBURN,Tom Coburn to be Republican Presidential Nominee in 2012,214,0.1,Mar/30/2012 20:59:27
714095,2012.REP.NOM.COBURN,Tom Coburn to be Republican Presidential Nominee in 2012,4,0.1,Mar/30/2012 20:59:27
714095,2012.REP.NOM.COBURN,Tom Coburn to be Republican Presidential Nominee in 2012,13,0.1,Mar/30/2012 20:59:27
714095,2012.REP.NOM.COBURN,Tom Coburn to be Republican Presidential Nominee in 2012,42,0.1,Mar/30/2012 20:59:27
714095,2012.REP.NOM.COBURN,Tom Coburn to be Republican Presidential Nominee in 2012,3,0.1,Mar/30/2012 20:59:27
714095,2012.REP.NOM.COBURN,Tom Coburn to be Republican Presidential Nominee in 2012,33,0.1,Mar/30/2012 20:59:27
714095,2012.REP.NOM.COBURN,Tom Coburn to be Republican Presidential Nominee in 2012,2,0.1,Mar/30/2012 20:59:27
714095,2012.REP.NOM.COBURN,Tom Coburn to be Republican Presidential Nominee in 2012,2,0.1,Mar/30/2012 20:59:27
714095,2012.REP.NOM.COBURN,Tom Coburn to be Republican Presidential Nominee in 2012,5,0.1,Apr/14/2012 11:16:27
714095,2012.REP.NOM.COBURN,Tom Coburn to be Republican Presidential Nominee in 2012,1,0.1,Apr/14/2012 12:19:09
714095,2012.REP.NOM.COBURN,Tom Coburn to be Republican Presidential Nominee in 2012,14,0.1,Apr/14/2012 12:21:29
714095,2012.REP.NOM.COBURN,Tom Coburn to be Republican Presidential Nominee in 2012,1,0.1,Apr/14/2012 12:34:07
714095,2012.REP.NOM.COBURN,Tom Coburn to be Republican Presidential Nominee in 2012,5,0.1,Apr/15/2012 10:03:13
714095,2012.REP.NOM.COBURN,Tom Coburn to be Republican Presidential Nominee in 2012,10,0.1,Jul/25/2012 11:18:09
714095,2012.REP.NOM.COBURN,Tom Coburn to be Republican Presidential Nominee in 2012,13,0.1,Aug/03/2012 09:29:56
714095,2012.REP.NOM.COBURN,Tom Coburn to be Republican Presidential Nominee in 2012,350,0.1,Aug/25/2012 08:59:27
