market id,market symbol,market name,trade quantity,trade price,date/time [utc]
698451,2012.REP.NOM.PATAKI,George Pataki to be Republican Presidential Nominee in 2012,10,0.1,Jan/21/2010 11:10:22
698451,2012.REP.NOM.PATAKI,George Pataki to be Republican Presidential Nominee in 2012,2,0.2,Jan/21/2010 11:10:22
698451,2012.REP.NOM.PATAKI,George Pataki to be Republican Presidential Nominee in 2012,28,0.1,Jan/21/2010 13:52:03
698451,2012.REP.NOM.PATAKI,George Pataki to be Republican Presidential Nominee in 2012,10,0.1,Jan/21/2010 15:50:39
698451,2012.REP.NOM.PATAKI,George Pataki to be Republican Presidential Nominee in 2012,5,0.1,Jan/21/2010 17:46:38
698451,2012.REP.NOM.PATAKI,George Pataki to be Republican Presidential Nominee in 2012,5,0.1,Jan/21/2010 17:46:46
698451,2012.REP.NOM.PATAKI,George Pataki to be Republican Presidential Nominee in 2012,1,0.1,Jan/21/2010 17:47:36
698451,2012.REP.NOM.PATAKI,George Pataki to be Republican Presidential Nominee in 2012,14,0.2,Jan/22/2010 06:22:11
698451,2012.REP.NOM.PATAKI,George Pataki to be Republican Presidential Nominee in 2012,6,0.2,Jan/22/2010 06:22:14
698451,2012.REP.NOM.PATAKI,George Pataki to be Republican Presidential Nominee in 2012,8,0.2,Jan/22/2010 06:22:14
698451,2012.REP.NOM.PATAKI,George Pataki to be Republican Presidential Nominee in 2012,1,0.2,Jan/22/2010 06:22:25
698451,2012.REP.NOM.PATAKI,George Pataki to be Republican Presidential Nominee in 2012,2,0.1,Jan/22/2010 14:42:28
698451,2012.REP.NOM.PATAKI,George Pataki to be Republican Presidential Nominee in 2012,1,0.2,Jan/22/2010 14:42:28
698451,2012.REP.NOM.PATAKI,George Pataki to be Republican Presidential Nominee in 2012,7,0.1,Jan/22/2010 15:55:56
698451,2012.REP.NOM.PATAKI,George Pataki to be Republican Presidential Nominee in 2012,1,0.1,Jan/25/2010 11:13:28
698451,2012.REP.NOM.PATAKI,George Pataki to be Republican Presidential Nominee in 2012,13,0.1,Jan/25/2010 11:13:28
698451,2012.REP.NOM.PATAKI,George Pataki to be Republican Presidential Nominee in 2012,14,0.1,Jan/25/2010 18:33:58
698451,2012.REP.NOM.PATAKI,George Pataki to be Republican Presidential Nominee in 2012,4,0.1,Jan/26/2010 11:04:14
698451,2012.REP.NOM.PATAKI,George Pataki to be Republican Presidential Nominee in 2012,15,0.1,Feb/01/2010 17:13:14
698451,2012.REP.NOM.PATAKI,George Pataki to be Republican Presidential Nominee in 2012,10,0.1,Feb/03/2010 12:15:32
698451,2012.REP.NOM.PATAKI,George Pataki to be Republican Presidential Nominee in 2012,2,0.2,Feb/05/2010 09:58:22
698451,2012.REP.NOM.PATAKI,George Pataki to be Republican Presidential Nominee in 2012,1,0.2,Feb/08/2010 10:21:09
698451,2012.REP.NOM.PATAKI,George Pataki to be Republican Presidential Nominee in 2012,1,0.2,Feb/08/2010 10:21:17
698451,2012.REP.NOM.PATAKI,George Pataki to be Republican Presidential Nominee in 2012,1,0.2,Feb/08/2010 10:21:24
698451,2012.REP.NOM.PATAKI,George Pataki to be Republican Presidential Nominee in 2012,1,0.2,Feb/08/2010 10:21:43
698451,2012.REP.NOM.PATAKI,George Pataki to be Republican Presidential Nominee in 2012,1,0.2,Feb/08/2010 10:21:54
698451,2012.REP.NOM.PATAKI,George Pataki to be Republican Presidential Nominee in 2012,1,0.2,Feb/08/2010 10:22:02
698451,2012.REP.NOM.PATAKI,George Pataki to be Republican Presidential Nominee in 2012,1,0.2,Feb/08/2010 10:22:10
698451,2012.REP.NOM.PATAKI,George Pataki to be Republican Presidential Nominee in 2012,1,0.2,Feb/08/2010 10:22:17
698451,2012.REP.NOM.PATAKI,George Pataki to be Republican Presidential Nominee in 2012,1,0.2,Feb/08/2010 10:22:25
698451,2012.REP.NOM.PATAKI,George Pataki to be Republican Presidential Nominee in 2012,1,0.2,Feb/08/2010 10:22:33
698451,2012.REP.NOM.PATAKI,George Pataki to be Republican Presidential Nominee in 2012,2,0.2,Feb/08/2010 10:22:41
698451,2012.REP.NOM.PATAKI,George Pataki to be Republican Presidential Nominee in 2012,2,0.2,Feb/08/2010 10:22:48
698451,2012.REP.NOM.PATAKI,George Pataki to be Republican Presidential Nominee in 2012,1,0.2,Feb/08/2010 10:23:02
698451,2012.REP.NOM.PATAKI,George Pataki to be Republican Presidential Nominee in 2012,1,0.2,Feb/10/2010 09:57:10
698451,2012.REP.NOM.PATAKI,George Pataki to be Republican Presidential Nominee in 2012,1,0.2,Feb/10/2010 09:57:30
698451,2012.REP.NOM.PATAKI,George Pataki to be Republican Presidential Nominee in 2012,2,0.2,Feb/10/2010 09:57:37
698451,2012.REP.NOM.PATAKI,George Pataki to be Republican Presidential Nominee in 2012,1,0.2,Feb/10/2010 09:57:44
698451,2012.REP.NOM.PATAKI,George Pataki to be Republican Presidential Nominee in 2012,1,0.2,Feb/10/2010 09:57:49
698451,2012.REP.NOM.PATAKI,George Pataki to be Republican Presidential Nominee in 2012,1,0.2,Feb/10/2010 09:58:04
698451,2012.REP.NOM.PATAKI,George Pataki to be Republican Presidential Nominee in 2012,1,0.2,Feb/10/2010 09:58:10
698451,2012.REP.NOM.PATAKI,George Pataki to be Republican Presidential Nominee in 2012,1,0.2,Feb/10/2010 09:58:16
698451,2012.REP.NOM.PATAKI,George Pataki to be Republican Presidential Nominee in 2012,1,0.2,Feb/10/2010 09:58:21
698451,2012.REP.NOM.PATAKI,George Pataki to be Republican Presidential Nominee in 2012,1,0.2,Feb/10/2010 09:58:27
698451,2012.REP.NOM.PATAKI,George Pataki to be Republican Presidential Nominee in 2012,1,0.2,Feb/10/2010 09:58:31
698451,2012.REP.NOM.PATAKI,George Pataki to be Republican Presidential Nominee in 2012,1,0.2,Feb/10/2010 09:58:36
698451,2012.REP.NOM.PATAKI,George Pataki to be Republican Presidential Nominee in 2012,1,0.2,Feb/10/2010 09:58:41
698451,2012.REP.NOM.PATAKI,George Pataki to be Republican Presidential Nominee in 2012,1,0.2,Feb/10/2010 09:58:50
698451,2012.REP.NOM.PATAKI,George Pataki to be Republican Presidential Nominee in 2012,1,0.2,Feb/10/2010 09:58:57
698451,2012.REP.NOM.PATAKI,George Pataki to be Republican Presidential Nominee in 2012,1,0.2,Feb/10/2010 09:59:03
698451,2012.REP.NOM.PATAKI,George Pataki to be Republican Presidential Nominee in 2012,1,0.2,Feb/10/2010 09:59:13
698451,2012.REP.NOM.PATAKI,George Pataki to be Republican Presidential Nominee in 2012,2,0.2,Feb/10/2010 09:59:18
698451,2012.REP.NOM.PATAKI,George Pataki to be Republican Presidential Nominee in 2012,1,0.2,Feb/10/2010 09:59:32
698451,2012.REP.NOM.PATAKI,George Pataki to be Republican Presidential Nominee in 2012,2,0.2,Feb/10/2010 09:59:38
698451,2012.REP.NOM.PATAKI,George Pataki to be Republican Presidential Nominee in 2012,1,0.2,Feb/10/2010 09:59:44
698451,2012.REP.NOM.PATAKI,George Pataki to be Republican Presidential Nominee in 2012,1,0.2,Feb/14/2010 16:45:13
698451,2012.REP.NOM.PATAKI,George Pataki to be Republican Presidential Nominee in 2012,1,0.2,Feb/14/2010 16:45:19
698451,2012.REP.NOM.PATAKI,George Pataki to be Republican Presidential Nominee in 2012,1,0.2,Feb/14/2010 16:45:37
698451,2012.REP.NOM.PATAKI,George Pataki to be Republican Presidential Nominee in 2012,1,0.2,Feb/14/2010 16:45:45
698451,2012.REP.NOM.PATAKI,George Pataki to be Republican Presidential Nominee in 2012,3,0.2,Feb/15/2010 09:59:08
698451,2012.REP.NOM.PATAKI,George Pataki to be Republican Presidential Nominee in 2012,2,0.2,Feb/15/2010 09:59:14
698451,2012.REP.NOM.PATAKI,George Pataki to be Republican Presidential Nominee in 2012,3,0.2,Feb/15/2010 09:59:23
698451,2012.REP.NOM.PATAKI,George Pataki to be Republican Presidential Nominee in 2012,5,0.2,Feb/15/2010 09:59:28
698451,2012.REP.NOM.PATAKI,George Pataki to be Republican Presidential Nominee in 2012,2,0.2,Feb/15/2010 09:59:37
698451,2012.REP.NOM.PATAKI,George Pataki to be Republican Presidential Nominee in 2012,8,0.2,Feb/15/2010 11:58:22
698451,2012.REP.NOM.PATAKI,George Pataki to be Republican Presidential Nominee in 2012,8,0.2,Feb/15/2010 11:58:29
698451,2012.REP.NOM.PATAKI,George Pataki to be Republican Presidential Nominee in 2012,11,0.2,Feb/15/2010 11:58:37
698451,2012.REP.NOM.PATAKI,George Pataki to be Republican Presidential Nominee in 2012,11,0.2,Feb/15/2010 11:58:42
698451,2012.REP.NOM.PATAKI,George Pataki to be Republican Presidential Nominee in 2012,2,0.2,Feb/15/2010 11:58:47
698451,2012.REP.NOM.PATAKI,George Pataki to be Republican Presidential Nominee in 2012,2,0.2,Feb/15/2010 11:58:47
698451,2012.REP.NOM.PATAKI,George Pataki to be Republican Presidential Nominee in 2012,3,0.2,Feb/15/2010 11:58:54
698451,2012.REP.NOM.PATAKI,George Pataki to be Republican Presidential Nominee in 2012,2,0.2,Feb/15/2010 11:58:59
698451,2012.REP.NOM.PATAKI,George Pataki to be Republican Presidential Nominee in 2012,1,0.2,Feb/15/2010 11:59:04
698451,2012.REP.NOM.PATAKI,George Pataki to be Republican Presidential Nominee in 2012,1,0.2,Feb/15/2010 11:59:09
698451,2012.REP.NOM.PATAKI,George Pataki to be Republican Presidential Nominee in 2012,1,0.2,Feb/15/2010 11:59:14
698451,2012.REP.NOM.PATAKI,George Pataki to be Republican Presidential Nominee in 2012,1,0.2,Feb/15/2010 11:59:20
698451,2012.REP.NOM.PATAKI,George Pataki to be Republican Presidential Nominee in 2012,2,0.2,Feb/15/2010 11:59:27
698451,2012.REP.NOM.PATAKI,George Pataki to be Republican Presidential Nominee in 2012,5,0.2,Feb/15/2010 11:59:32
698451,2012.REP.NOM.PATAKI,George Pataki to be Republican Presidential Nominee in 2012,1,0.2,Feb/15/2010 11:59:38
698451,2012.REP.NOM.PATAKI,George Pataki to be Republican Presidential Nominee in 2012,1,0.2,Feb/15/2010 11:59:42
698451,2012.REP.NOM.PATAKI,George Pataki to be Republican Presidential Nominee in 2012,1,0.1,Feb/15/2010 11:59:47
698451,2012.REP.NOM.PATAKI,George Pataki to be Republican Presidential Nominee in 2012,1,0.1,Feb/15/2010 11:59:54
698451,2012.REP.NOM.PATAKI,George Pataki to be Republican Presidential Nominee in 2012,1,0.1,Feb/15/2010 12:00:00
698451,2012.REP.NOM.PATAKI,George Pataki to be Republican Presidential Nominee in 2012,2,0.1,Feb/15/2010 12:00:04
698451,2012.REP.NOM.PATAKI,George Pataki to be Republican Presidential Nominee in 2012,1,0.1,Feb/15/2010 12:00:11
698451,2012.REP.NOM.PATAKI,George Pataki to be Republican Presidential Nominee in 2012,1,0.2,Feb/17/2010 14:25:01
698451,2012.REP.NOM.PATAKI,George Pataki to be Republican Presidential Nominee in 2012,1,0.2,Feb/17/2010 14:25:07
698451,2012.REP.NOM.PATAKI,George Pataki to be Republican Presidential Nominee in 2012,1,0.2,Feb/17/2010 14:25:12
698451,2012.REP.NOM.PATAKI,George Pataki to be Republican Presidential Nominee in 2012,2,0.2,Feb/17/2010 14:25:18
698451,2012.REP.NOM.PATAKI,George Pataki to be Republican Presidential Nominee in 2012,1,0.1,Feb/19/2010 17:58:35
698451,2012.REP.NOM.PATAKI,George Pataki to be Republican Presidential Nominee in 2012,1,0.1,Feb/19/2010 18:00:06
698451,2012.REP.NOM.PATAKI,George Pataki to be Republican Presidential Nominee in 2012,1,0.1,Feb/19/2010 18:00:17
698451,2012.REP.NOM.PATAKI,George Pataki to be Republican Presidential Nominee in 2012,1,0.1,Feb/19/2010 18:00:25
698451,2012.REP.NOM.PATAKI,George Pataki to be Republican Presidential Nominee in 2012,1,0.1,Feb/19/2010 18:00:31
698451,2012.REP.NOM.PATAKI,George Pataki to be Republican Presidential Nominee in 2012,1,0.1,Feb/19/2010 18:00:37
698451,2012.REP.NOM.PATAKI,George Pataki to be Republican Presidential Nominee in 2012,1,0.1,Feb/19/2010 18:00:45
698451,2012.REP.NOM.PATAKI,George Pataki to be Republican Presidential Nominee in 2012,1,0.1,Feb/19/2010 18:01:08
698451,2012.REP.NOM.PATAKI,George Pataki to be Republican Presidential Nominee in 2012,3,0.1,Feb/19/2010 18:01:14
698451,2012.REP.NOM.PATAKI,George Pataki to be Republican Presidential Nominee in 2012,1,0.1,Feb/19/2010 18:01:21
698451,2012.REP.NOM.PATAKI,George Pataki to be Republican Presidential Nominee in 2012,1,0.1,Feb/19/2010 18:01:28
698451,2012.REP.NOM.PATAKI,George Pataki to be Republican Presidential Nominee in 2012,2,0.1,Feb/19/2010 18:01:36
698451,2012.REP.NOM.PATAKI,George Pataki to be Republican Presidential Nominee in 2012,5,0.3,Feb/19/2010 18:10:34
698451,2012.REP.NOM.PATAKI,George Pataki to be Republican Presidential Nominee in 2012,1,0.3,Feb/24/2010 11:35:13
698451,2012.REP.NOM.PATAKI,George Pataki to be Republican Presidential Nominee in 2012,1,0.3,Feb/24/2010 11:35:21
698451,2012.REP.NOM.PATAKI,George Pataki to be Republican Presidential Nominee in 2012,1,0.3,Feb/24/2010 11:35:26
698451,2012.REP.NOM.PATAKI,George Pataki to be Republican Presidential Nominee in 2012,1,0.3,Feb/24/2010 11:35:33
698451,2012.REP.NOM.PATAKI,George Pataki to be Republican Presidential Nominee in 2012,1,0.3,Feb/24/2010 11:35:38
698451,2012.REP.NOM.PATAKI,George Pataki to be Republican Presidential Nominee in 2012,2,0.2,Feb/24/2010 11:35:43
698451,2012.REP.NOM.PATAKI,George Pataki to be Republican Presidential Nominee in 2012,1,0.2,Feb/24/2010 11:35:48
698451,2012.REP.NOM.PATAKI,George Pataki to be Republican Presidential Nominee in 2012,1,0.2,Feb/24/2010 11:35:53
698451,2012.REP.NOM.PATAKI,George Pataki to be Republican Presidential Nominee in 2012,1,0.2,Feb/24/2010 11:35:58
698451,2012.REP.NOM.PATAKI,George Pataki to be Republican Presidential Nominee in 2012,1,0.2,Feb/24/2010 11:36:03
698451,2012.REP.NOM.PATAKI,George Pataki to be Republican Presidential Nominee in 2012,1,0.2,Feb/24/2010 11:36:09
698451,2012.REP.NOM.PATAKI,George Pataki to be Republican Presidential Nominee in 2012,1,0.2,Feb/24/2010 11:36:15
698451,2012.REP.NOM.PATAKI,George Pataki to be Republican Presidential Nominee in 2012,6,0.2,Feb/24/2010 11:36:21
698451,2012.REP.NOM.PATAKI,George Pataki to be Republican Presidential Nominee in 2012,1,0.2,Feb/24/2010 11:36:26
698451,2012.REP.NOM.PATAKI,George Pataki to be Republican Presidential Nominee in 2012,1,0.2,Feb/24/2010 11:36:31
698451,2012.REP.NOM.PATAKI,George Pataki to be Republican Presidential Nominee in 2012,3,0.2,Feb/24/2010 11:36:38
698451,2012.REP.NOM.PATAKI,George Pataki to be Republican Presidential Nominee in 2012,3,0.2,Feb/24/2010 11:36:52
698451,2012.REP.NOM.PATAKI,George Pataki to be Republican Presidential Nominee in 2012,2,0.2,Feb/24/2010 11:37:00
698451,2012.REP.NOM.PATAKI,George Pataki to be Republican Presidential Nominee in 2012,1,0.2,Feb/24/2010 11:37:05
698451,2012.REP.NOM.PATAKI,George Pataki to be Republican Presidential Nominee in 2012,1,0.2,Feb/24/2010 11:37:10
698451,2012.REP.NOM.PATAKI,George Pataki to be Republican Presidential Nominee in 2012,2,0.2,Feb/24/2010 11:37:16
698451,2012.REP.NOM.PATAKI,George Pataki to be Republican Presidential Nominee in 2012,3,0.2,Feb/24/2010 11:37:32
698451,2012.REP.NOM.PATAKI,George Pataki to be Republican Presidential Nominee in 2012,4,0.2,Feb/24/2010 11:37:38
698451,2012.REP.NOM.PATAKI,George Pataki to be Republican Presidential Nominee in 2012,1,0.2,Feb/24/2010 11:37:44
698451,2012.REP.NOM.PATAKI,George Pataki to be Republican Presidential Nominee in 2012,1,0.2,Feb/24/2010 11:37:51
698451,2012.REP.NOM.PATAKI,George Pataki to be Republican Presidential Nominee in 2012,3,0.2,Feb/24/2010 11:38:07
698451,2012.REP.NOM.PATAKI,George Pataki to be Republican Presidential Nominee in 2012,4,0.2,Feb/24/2010 11:38:15
698451,2012.REP.NOM.PATAKI,George Pataki to be Republican Presidential Nominee in 2012,1,0.2,Feb/24/2010 16:58:16
698451,2012.REP.NOM.PATAKI,George Pataki to be Republican Presidential Nominee in 2012,2,0.2,Feb/24/2010 16:58:51
698451,2012.REP.NOM.PATAKI,George Pataki to be Republican Presidential Nominee in 2012,2,0.2,Feb/24/2010 16:59:06
698451,2012.REP.NOM.PATAKI,George Pataki to be Republican Presidential Nominee in 2012,1,0.2,Mar/01/2010 06:00:50
698451,2012.REP.NOM.PATAKI,George Pataki to be Republican Presidential Nominee in 2012,1,0.2,Mar/01/2010 06:00:55
698451,2012.REP.NOM.PATAKI,George Pataki to be Republican Presidential Nominee in 2012,1,0.2,Mar/01/2010 06:02:22
698451,2012.REP.NOM.PATAKI,George Pataki to be Republican Presidential Nominee in 2012,1,0.2,Mar/01/2010 06:02:28
698451,2012.REP.NOM.PATAKI,George Pataki to be Republican Presidential Nominee in 2012,1,0.2,Mar/01/2010 06:02:34
698451,2012.REP.NOM.PATAKI,George Pataki to be Republican Presidential Nominee in 2012,1,0.2,Mar/01/2010 06:02:43
698451,2012.REP.NOM.PATAKI,George Pataki to be Republican Presidential Nominee in 2012,1,0.2,Mar/01/2010 06:02:49
698451,2012.REP.NOM.PATAKI,George Pataki to be Republican Presidential Nominee in 2012,1,0.2,Mar/04/2010 07:34:23
698451,2012.REP.NOM.PATAKI,George Pataki to be Republican Presidential Nominee in 2012,1,0.2,Mar/04/2010 07:35:27
698451,2012.REP.NOM.PATAKI,George Pataki to be Republican Presidential Nominee in 2012,1,0.2,Mar/04/2010 07:35:34
698451,2012.REP.NOM.PATAKI,George Pataki to be Republican Presidential Nominee in 2012,1,0.2,Mar/04/2010 07:35:40
698451,2012.REP.NOM.PATAKI,George Pataki to be Republican Presidential Nominee in 2012,1,0.2,Mar/04/2010 07:36:01
698451,2012.REP.NOM.PATAKI,George Pataki to be Republican Presidential Nominee in 2012,1,0.2,Mar/04/2010 07:36:06
698451,2012.REP.NOM.PATAKI,George Pataki to be Republican Presidential Nominee in 2012,1,0.2,Mar/04/2010 07:36:12
698451,2012.REP.NOM.PATAKI,George Pataki to be Republican Presidential Nominee in 2012,1,0.2,Mar/04/2010 07:36:19
698451,2012.REP.NOM.PATAKI,George Pataki to be Republican Presidential Nominee in 2012,2,0.2,Mar/04/2010 07:36:26
698451,2012.REP.NOM.PATAKI,George Pataki to be Republican Presidential Nominee in 2012,2,0.2,Mar/04/2010 07:36:32
698451,2012.REP.NOM.PATAKI,George Pataki to be Republican Presidential Nominee in 2012,1,0.2,Mar/04/2010 07:36:44
698451,2012.REP.NOM.PATAKI,George Pataki to be Republican Presidential Nominee in 2012,1,0.2,Mar/04/2010 07:36:49
698451,2012.REP.NOM.PATAKI,George Pataki to be Republican Presidential Nominee in 2012,2,0.2,Mar/04/2010 07:36:55
698451,2012.REP.NOM.PATAKI,George Pataki to be Republican Presidential Nominee in 2012,1,0.2,Mar/04/2010 07:37:02
698451,2012.REP.NOM.PATAKI,George Pataki to be Republican Presidential Nominee in 2012,3,0.2,Mar/04/2010 07:37:10
698451,2012.REP.NOM.PATAKI,George Pataki to be Republican Presidential Nominee in 2012,2,0.2,Mar/04/2010 07:37:16
698451,2012.REP.NOM.PATAKI,George Pataki to be Republican Presidential Nominee in 2012,2,0.2,Mar/04/2010 07:37:22
698451,2012.REP.NOM.PATAKI,George Pataki to be Republican Presidential Nominee in 2012,1,0.2,Mar/04/2010 07:37:28
698451,2012.REP.NOM.PATAKI,George Pataki to be Republican Presidential Nominee in 2012,1,0.2,Mar/04/2010 07:37:35
698451,2012.REP.NOM.PATAKI,George Pataki to be Republican Presidential Nominee in 2012,1,0.2,Mar/04/2010 07:37:43
698451,2012.REP.NOM.PATAKI,George Pataki to be Republican Presidential Nominee in 2012,1,0.2,Mar/04/2010 07:37:49
698451,2012.REP.NOM.PATAKI,George Pataki to be Republican Presidential Nominee in 2012,2,0.2,Mar/04/2010 07:37:54
698451,2012.REP.NOM.PATAKI,George Pataki to be Republican Presidential Nominee in 2012,2,0.2,Mar/04/2010 07:38:00
698451,2012.REP.NOM.PATAKI,George Pataki to be Republican Presidential Nominee in 2012,3,0.2,Mar/04/2010 07:38:10
698451,2012.REP.NOM.PATAKI,George Pataki to be Republican Presidential Nominee in 2012,2,0.2,Mar/04/2010 07:38:20
698451,2012.REP.NOM.PATAKI,George Pataki to be Republican Presidential Nominee in 2012,2,0.2,Mar/04/2010 07:38:26
698451,2012.REP.NOM.PATAKI,George Pataki to be Republican Presidential Nominee in 2012,2,0.2,Mar/04/2010 07:38:37
698451,2012.REP.NOM.PATAKI,George Pataki to be Republican Presidential Nominee in 2012,2,0.2,Mar/04/2010 07:38:44
698451,2012.REP.NOM.PATAKI,George Pataki to be Republican Presidential Nominee in 2012,2,0.2,Mar/04/2010 07:38:49
698451,2012.REP.NOM.PATAKI,George Pataki to be Republican Presidential Nominee in 2012,2,0.2,Mar/04/2010 07:38:56
698451,2012.REP.NOM.PATAKI,George Pataki to be Republican Presidential Nominee in 2012,1,0.2,Mar/04/2010 07:39:04
698451,2012.REP.NOM.PATAKI,George Pataki to be Republican Presidential Nominee in 2012,1,0.2,Mar/05/2010 14:51:16
698451,2012.REP.NOM.PATAKI,George Pataki to be Republican Presidential Nominee in 2012,1,0.2,Mar/05/2010 14:51:23
698451,2012.REP.NOM.PATAKI,George Pataki to be Republican Presidential Nominee in 2012,2,0.2,Mar/05/2010 14:51:27
698451,2012.REP.NOM.PATAKI,George Pataki to be Republican Presidential Nominee in 2012,3,0.2,Mar/05/2010 14:51:33
698451,2012.REP.NOM.PATAKI,George Pataki to be Republican Presidential Nominee in 2012,1,0.2,Mar/05/2010 14:51:39
698451,2012.REP.NOM.PATAKI,George Pataki to be Republican Presidential Nominee in 2012,1,0.2,Mar/05/2010 14:51:45
698451,2012.REP.NOM.PATAKI,George Pataki to be Republican Presidential Nominee in 2012,1,0.2,Mar/05/2010 14:51:50
698451,2012.REP.NOM.PATAKI,George Pataki to be Republican Presidential Nominee in 2012,1,0.2,Mar/05/2010 14:51:57
698451,2012.REP.NOM.PATAKI,George Pataki to be Republican Presidential Nominee in 2012,1,0.2,Mar/05/2010 14:52:03
698451,2012.REP.NOM.PATAKI,George Pataki to be Republican Presidential Nominee in 2012,1,0.2,Mar/05/2010 14:52:09
698451,2012.REP.NOM.PATAKI,George Pataki to be Republican Presidential Nominee in 2012,1,0.2,Mar/05/2010 14:52:14
698451,2012.REP.NOM.PATAKI,George Pataki to be Republican Presidential Nominee in 2012,1,0.2,Mar/05/2010 14:52:21
698451,2012.REP.NOM.PATAKI,George Pataki to be Republican Presidential Nominee in 2012,2,0.2,Mar/05/2010 14:52:26
698451,2012.REP.NOM.PATAKI,George Pataki to be Republican Presidential Nominee in 2012,1,0.2,Mar/05/2010 14:52:31
698451,2012.REP.NOM.PATAKI,George Pataki to be Republican Presidential Nominee in 2012,1,0.2,Mar/05/2010 14:52:37
698451,2012.REP.NOM.PATAKI,George Pataki to be Republican Presidential Nominee in 2012,2,0.2,Mar/05/2010 14:52:42
698451,2012.REP.NOM.PATAKI,George Pataki to be Republican Presidential Nominee in 2012,1,0.2,Mar/08/2010 05:45:28
698451,2012.REP.NOM.PATAKI,George Pataki to be Republican Presidential Nominee in 2012,1,0.2,Mar/08/2010 05:45:33
698451,2012.REP.NOM.PATAKI,George Pataki to be Republican Presidential Nominee in 2012,1,0.2,Mar/08/2010 05:45:38
698451,2012.REP.NOM.PATAKI,George Pataki to be Republican Presidential Nominee in 2012,1,0.2,Mar/08/2010 05:45:45
698451,2012.REP.NOM.PATAKI,George Pataki to be Republican Presidential Nominee in 2012,1,0.2,Mar/08/2010 05:45:49
698451,2012.REP.NOM.PATAKI,George Pataki to be Republican Presidential Nominee in 2012,1,0.2,Mar/08/2010 05:45:53
698451,2012.REP.NOM.PATAKI,George Pataki to be Republican Presidential Nominee in 2012,1,0.2,Mar/08/2010 05:46:13
698451,2012.REP.NOM.PATAKI,George Pataki to be Republican Presidential Nominee in 2012,2,0.2,Mar/08/2010 05:46:22
698451,2012.REP.NOM.PATAKI,George Pataki to be Republican Presidential Nominee in 2012,1,0.2,Mar/08/2010 05:46:30
698451,2012.REP.NOM.PATAKI,George Pataki to be Republican Presidential Nominee in 2012,1,0.2,Mar/08/2010 05:46:49
698451,2012.REP.NOM.PATAKI,George Pataki to be Republican Presidential Nominee in 2012,1,0.2,Mar/08/2010 05:46:54
698451,2012.REP.NOM.PATAKI,George Pataki to be Republican Presidential Nominee in 2012,1,0.2,Mar/08/2010 05:46:59
698451,2012.REP.NOM.PATAKI,George Pataki to be Republican Presidential Nominee in 2012,1,0.2,Mar/08/2010 05:47:03
698451,2012.REP.NOM.PATAKI,George Pataki to be Republican Presidential Nominee in 2012,1,0.2,Mar/08/2010 05:47:16
698451,2012.REP.NOM.PATAKI,George Pataki to be Republican Presidential Nominee in 2012,1,0.2,Mar/08/2010 05:47:25
698451,2012.REP.NOM.PATAKI,George Pataki to be Republican Presidential Nominee in 2012,1,0.2,Mar/08/2010 05:47:30
698451,2012.REP.NOM.PATAKI,George Pataki to be Republican Presidential Nominee in 2012,1,0.2,Mar/08/2010 05:47:38
698451,2012.REP.NOM.PATAKI,George Pataki to be Republican Presidential Nominee in 2012,1,0.2,Mar/08/2010 05:47:44
698451,2012.REP.NOM.PATAKI,George Pataki to be Republican Presidential Nominee in 2012,4,0.2,Mar/08/2010 05:47:50
698451,2012.REP.NOM.PATAKI,George Pataki to be Republican Presidential Nominee in 2012,1,0.2,Mar/08/2010 05:48:11
698451,2012.REP.NOM.PATAKI,George Pataki to be Republican Presidential Nominee in 2012,1,0.2,Mar/08/2010 05:48:19
698451,2012.REP.NOM.PATAKI,George Pataki to be Republican Presidential Nominee in 2012,5,0.2,Mar/08/2010 05:48:26
698451,2012.REP.NOM.PATAKI,George Pataki to be Republican Presidential Nominee in 2012,2,0.2,Mar/08/2010 05:48:38
698451,2012.REP.NOM.PATAKI,George Pataki to be Republican Presidential Nominee in 2012,2,0.2,Mar/08/2010 05:48:38
698451,2012.REP.NOM.PATAKI,George Pataki to be Republican Presidential Nominee in 2012,1,0.2,Mar/08/2010 05:48:48
698451,2012.REP.NOM.PATAKI,George Pataki to be Republican Presidential Nominee in 2012,1,0.2,Mar/08/2010 05:48:56
698451,2012.REP.NOM.PATAKI,George Pataki to be Republican Presidential Nominee in 2012,1,0.2,Mar/08/2010 05:49:04
698451,2012.REP.NOM.PATAKI,George Pataki to be Republican Presidential Nominee in 2012,1,0.2,Mar/08/2010 05:49:13
698451,2012.REP.NOM.PATAKI,George Pataki to be Republican Presidential Nominee in 2012,1,0.2,Mar/08/2010 05:49:22
698451,2012.REP.NOM.PATAKI,George Pataki to be Republican Presidential Nominee in 2012,1,0.2,Mar/10/2010 07:41:54
698451,2012.REP.NOM.PATAKI,George Pataki to be Republican Presidential Nominee in 2012,1,0.2,Mar/10/2010 07:42:02
698451,2012.REP.NOM.PATAKI,George Pataki to be Republican Presidential Nominee in 2012,1,0.2,Mar/10/2010 07:42:09
698451,2012.REP.NOM.PATAKI,George Pataki to be Republican Presidential Nominee in 2012,3,0.2,Mar/10/2010 07:42:14
698451,2012.REP.NOM.PATAKI,George Pataki to be Republican Presidential Nominee in 2012,1,0.2,Mar/10/2010 07:42:39
698451,2012.REP.NOM.PATAKI,George Pataki to be Republican Presidential Nominee in 2012,2,0.2,Mar/10/2010 07:42:48
698451,2012.REP.NOM.PATAKI,George Pataki to be Republican Presidential Nominee in 2012,1,0.2,Mar/10/2010 07:42:54
698451,2012.REP.NOM.PATAKI,George Pataki to be Republican Presidential Nominee in 2012,1,0.2,Mar/23/2010 06:56:34
698451,2012.REP.NOM.PATAKI,George Pataki to be Republican Presidential Nominee in 2012,1,0.2,Mar/23/2010 06:56:42
698451,2012.REP.NOM.PATAKI,George Pataki to be Republican Presidential Nominee in 2012,1,0.2,Mar/23/2010 06:56:50
698451,2012.REP.NOM.PATAKI,George Pataki to be Republican Presidential Nominee in 2012,1,0.2,Mar/23/2010 06:57:12
698451,2012.REP.NOM.PATAKI,George Pataki to be Republican Presidential Nominee in 2012,1,0.2,Mar/23/2010 06:57:21
698451,2012.REP.NOM.PATAKI,George Pataki to be Republican Presidential Nominee in 2012,3,0.2,Mar/23/2010 06:57:31
698451,2012.REP.NOM.PATAKI,George Pataki to be Republican Presidential Nominee in 2012,1,0.2,Mar/23/2010 06:57:45
698451,2012.REP.NOM.PATAKI,George Pataki to be Republican Presidential Nominee in 2012,1,0.2,Mar/23/2010 06:57:51
698451,2012.REP.NOM.PATAKI,George Pataki to be Republican Presidential Nominee in 2012,1,0.2,Mar/23/2010 06:58:04
698451,2012.REP.NOM.PATAKI,George Pataki to be Republican Presidential Nominee in 2012,1,0.2,Mar/23/2010 06:58:17
698451,2012.REP.NOM.PATAKI,George Pataki to be Republican Presidential Nominee in 2012,1,0.2,Mar/23/2010 06:58:25
698451,2012.REP.NOM.PATAKI,George Pataki to be Republican Presidential Nominee in 2012,1,0.2,Mar/23/2010 06:58:32
698451,2012.REP.NOM.PATAKI,George Pataki to be Republican Presidential Nominee in 2012,1,0.2,Mar/23/2010 06:58:39
698451,2012.REP.NOM.PATAKI,George Pataki to be Republican Presidential Nominee in 2012,1,0.2,Mar/23/2010 06:58:47
698451,2012.REP.NOM.PATAKI,George Pataki to be Republican Presidential Nominee in 2012,4,0.2,Mar/23/2010 06:58:55
698451,2012.REP.NOM.PATAKI,George Pataki to be Republican Presidential Nominee in 2012,2,0.2,Mar/23/2010 06:59:03
698451,2012.REP.NOM.PATAKI,George Pataki to be Republican Presidential Nominee in 2012,1,0.2,Mar/23/2010 06:59:10
698451,2012.REP.NOM.PATAKI,George Pataki to be Republican Presidential Nominee in 2012,1,0.2,Mar/25/2010 22:40:56
698451,2012.REP.NOM.PATAKI,George Pataki to be Republican Presidential Nominee in 2012,1,0.2,Mar/25/2010 22:41:01
698451,2012.REP.NOM.PATAKI,George Pataki to be Republican Presidential Nominee in 2012,3,0.2,Mar/25/2010 22:41:19
698451,2012.REP.NOM.PATAKI,George Pataki to be Republican Presidential Nominee in 2012,2,0.2,Mar/25/2010 22:41:27
698451,2012.REP.NOM.PATAKI,George Pataki to be Republican Presidential Nominee in 2012,1,0.2,Mar/25/2010 22:41:34
698451,2012.REP.NOM.PATAKI,George Pataki to be Republican Presidential Nominee in 2012,2,0.2,Mar/25/2010 22:41:40
698451,2012.REP.NOM.PATAKI,George Pataki to be Republican Presidential Nominee in 2012,1,0.2,Mar/25/2010 22:42:05
698451,2012.REP.NOM.PATAKI,George Pataki to be Republican Presidential Nominee in 2012,2,0.2,Mar/25/2010 22:42:12
698451,2012.REP.NOM.PATAKI,George Pataki to be Republican Presidential Nominee in 2012,2,0.2,Mar/25/2010 22:42:18
698451,2012.REP.NOM.PATAKI,George Pataki to be Republican Presidential Nominee in 2012,1,0.2,Mar/25/2010 22:42:26
698451,2012.REP.NOM.PATAKI,George Pataki to be Republican Presidential Nominee in 2012,1,0.2,Mar/25/2010 22:42:33
698451,2012.REP.NOM.PATAKI,George Pataki to be Republican Presidential Nominee in 2012,1,0.2,Mar/25/2010 22:42:40
698451,2012.REP.NOM.PATAKI,George Pataki to be Republican Presidential Nominee in 2012,1,0.2,Mar/25/2010 22:42:47
698451,2012.REP.NOM.PATAKI,George Pataki to be Republican Presidential Nominee in 2012,1,0.2,Mar/25/2010 22:42:55
698451,2012.REP.NOM.PATAKI,George Pataki to be Republican Presidential Nominee in 2012,1,0.2,Mar/25/2010 22:43:02
698451,2012.REP.NOM.PATAKI,George Pataki to be Republican Presidential Nominee in 2012,1,0.2,Mar/25/2010 22:43:09
698451,2012.REP.NOM.PATAKI,George Pataki to be Republican Presidential Nominee in 2012,1,0.2,Mar/25/2010 22:43:16
698451,2012.REP.NOM.PATAKI,George Pataki to be Republican Presidential Nominee in 2012,1,0.2,Mar/25/2010 22:43:24
698451,2012.REP.NOM.PATAKI,George Pataki to be Republican Presidential Nominee in 2012,1,0.2,Mar/25/2010 22:43:31
698451,2012.REP.NOM.PATAKI,George Pataki to be Republican Presidential Nominee in 2012,1,0.2,Mar/25/2010 22:43:39
698451,2012.REP.NOM.PATAKI,George Pataki to be Republican Presidential Nominee in 2012,1,0.2,Mar/25/2010 22:43:47
698451,2012.REP.NOM.PATAKI,George Pataki to be Republican Presidential Nominee in 2012,1,0.4,Apr/15/2010 20:28:23
698451,2012.REP.NOM.PATAKI,George Pataki to be Republican Presidential Nominee in 2012,5,0.5,Apr/15/2010 20:28:33
698451,2012.REP.NOM.PATAKI,George Pataki to be Republican Presidential Nominee in 2012,1,0.6,Apr/15/2010 20:28:43
698451,2012.REP.NOM.PATAKI,George Pataki to be Republican Presidential Nominee in 2012,1,0.7,Apr/15/2010 20:28:56
698451,2012.REP.NOM.PATAKI,George Pataki to be Republican Presidential Nominee in 2012,4,0.9,Apr/15/2010 20:29:07
698451,2012.REP.NOM.PATAKI,George Pataki to be Republican Presidential Nominee in 2012,1,1.1,Apr/15/2010 20:29:51
698451,2012.REP.NOM.PATAKI,George Pataki to be Republican Presidential Nominee in 2012,2,1.2,Apr/15/2010 20:30:01
698451,2012.REP.NOM.PATAKI,George Pataki to be Republican Presidential Nominee in 2012,20,1.3,Apr/15/2010 20:30:11
698451,2012.REP.NOM.PATAKI,George Pataki to be Republican Presidential Nominee in 2012,2,2.0,Apr/15/2010 20:30:54
698451,2012.REP.NOM.PATAKI,George Pataki to be Republican Presidential Nominee in 2012,38,2.0,Apr/15/2010 20:30:54
698451,2012.REP.NOM.PATAKI,George Pataki to be Republican Presidential Nominee in 2012,1,0.5,May/17/2010 10:08:12
698451,2012.REP.NOM.PATAKI,George Pataki to be Republican Presidential Nominee in 2012,1,0.5,May/17/2010 10:09:33
698451,2012.REP.NOM.PATAKI,George Pataki to be Republican Presidential Nominee in 2012,1,0.5,May/17/2010 10:09:40
698451,2012.REP.NOM.PATAKI,George Pataki to be Republican Presidential Nominee in 2012,1,0.5,May/17/2010 10:10:09
698451,2012.REP.NOM.PATAKI,George Pataki to be Republican Presidential Nominee in 2012,1,0.5,May/17/2010 10:10:24
698451,2012.REP.NOM.PATAKI,George Pataki to be Republican Presidential Nominee in 2012,1,0.5,May/17/2010 10:10:36
698451,2012.REP.NOM.PATAKI,George Pataki to be Republican Presidential Nominee in 2012,1,0.5,May/17/2010 10:10:45
698451,2012.REP.NOM.PATAKI,George Pataki to be Republican Presidential Nominee in 2012,1,0.5,May/17/2010 10:10:57
698451,2012.REP.NOM.PATAKI,George Pataki to be Republican Presidential Nominee in 2012,1,0.5,May/17/2010 10:11:07
698451,2012.REP.NOM.PATAKI,George Pataki to be Republican Presidential Nominee in 2012,1,0.5,May/17/2010 10:11:15
698451,2012.REP.NOM.PATAKI,George Pataki to be Republican Presidential Nominee in 2012,1,0.5,May/17/2010 10:11:15
698451,2012.REP.NOM.PATAKI,George Pataki to be Republican Presidential Nominee in 2012,1,0.5,May/17/2010 10:11:24
698451,2012.REP.NOM.PATAKI,George Pataki to be Republican Presidential Nominee in 2012,1,0.5,May/17/2010 10:11:33
698451,2012.REP.NOM.PATAKI,George Pataki to be Republican Presidential Nominee in 2012,1,0.5,May/17/2010 10:11:42
698451,2012.REP.NOM.PATAKI,George Pataki to be Republican Presidential Nominee in 2012,3,0.5,May/17/2010 10:11:51
698451,2012.REP.NOM.PATAKI,George Pataki to be Republican Presidential Nominee in 2012,1,0.5,May/17/2010 10:12:45
698451,2012.REP.NOM.PATAKI,George Pataki to be Republican Presidential Nominee in 2012,1,0.5,May/17/2010 10:13:03
698451,2012.REP.NOM.PATAKI,George Pataki to be Republican Presidential Nominee in 2012,1,0.5,May/17/2010 10:13:16
698451,2012.REP.NOM.PATAKI,George Pataki to be Republican Presidential Nominee in 2012,1,0.5,May/17/2010 10:13:26
698451,2012.REP.NOM.PATAKI,George Pataki to be Republican Presidential Nominee in 2012,1,0.5,May/17/2010 10:13:31
698451,2012.REP.NOM.PATAKI,George Pataki to be Republican Presidential Nominee in 2012,1,0.5,May/17/2010 10:13:36
698451,2012.REP.NOM.PATAKI,George Pataki to be Republican Presidential Nominee in 2012,1,0.4,May/17/2010 10:13:53
698451,2012.REP.NOM.PATAKI,George Pataki to be Republican Presidential Nominee in 2012,1,0.4,May/17/2010 10:14:04
698451,2012.REP.NOM.PATAKI,George Pataki to be Republican Presidential Nominee in 2012,1,0.4,May/17/2010 10:14:13
698451,2012.REP.NOM.PATAKI,George Pataki to be Republican Presidential Nominee in 2012,2,0.4,May/17/2010 10:14:23
698451,2012.REP.NOM.PATAKI,George Pataki to be Republican Presidential Nominee in 2012,1,0.4,May/17/2010 10:14:30
698451,2012.REP.NOM.PATAKI,George Pataki to be Republican Presidential Nominee in 2012,1,0.4,May/17/2010 10:14:41
698451,2012.REP.NOM.PATAKI,George Pataki to be Republican Presidential Nominee in 2012,1,0.4,May/17/2010 10:14:50
698451,2012.REP.NOM.PATAKI,George Pataki to be Republican Presidential Nominee in 2012,2,0.4,May/17/2010 10:14:59
698451,2012.REP.NOM.PATAKI,George Pataki to be Republican Presidential Nominee in 2012,1,0.4,May/17/2010 10:15:09
698451,2012.REP.NOM.PATAKI,George Pataki to be Republican Presidential Nominee in 2012,1,0.4,May/17/2010 10:15:17
698451,2012.REP.NOM.PATAKI,George Pataki to be Republican Presidential Nominee in 2012,1,0.4,May/17/2010 10:15:27
698451,2012.REP.NOM.PATAKI,George Pataki to be Republican Presidential Nominee in 2012,1,0.4,May/17/2010 10:15:38
698451,2012.REP.NOM.PATAKI,George Pataki to be Republican Presidential Nominee in 2012,1,0.4,May/17/2010 10:15:48
698451,2012.REP.NOM.PATAKI,George Pataki to be Republican Presidential Nominee in 2012,5,0.5,May/18/2010 21:52:26
698451,2012.REP.NOM.PATAKI,George Pataki to be Republican Presidential Nominee in 2012,19,0.2,May/27/2010 11:27:07
698451,2012.REP.NOM.PATAKI,George Pataki to be Republican Presidential Nominee in 2012,1,0.3,May/27/2010 11:27:07
698451,2012.REP.NOM.PATAKI,George Pataki to be Republican Presidential Nominee in 2012,8,0.4,May/27/2010 11:27:07
698451,2012.REP.NOM.PATAKI,George Pataki to be Republican Presidential Nominee in 2012,15,0.5,May/27/2010 11:27:07
698451,2012.REP.NOM.PATAKI,George Pataki to be Republican Presidential Nominee in 2012,7,0.3,May/27/2010 11:27:07
698451,2012.REP.NOM.PATAKI,George Pataki to be Republican Presidential Nominee in 2012,24,0.4,May/28/2010 12:32:47
698451,2012.REP.NOM.PATAKI,George Pataki to be Republican Presidential Nominee in 2012,20,0.4,Jun/01/2010 17:35:51
698451,2012.REP.NOM.PATAKI,George Pataki to be Republican Presidential Nominee in 2012,4,0.4,Jun/01/2010 20:39:59
698451,2012.REP.NOM.PATAKI,George Pataki to be Republican Presidential Nominee in 2012,1,0.4,Jun/02/2010 10:26:01
698451,2012.REP.NOM.PATAKI,George Pataki to be Republican Presidential Nominee in 2012,5,0.4,Jun/03/2010 12:27:36
698451,2012.REP.NOM.PATAKI,George Pataki to be Republican Presidential Nominee in 2012,2,0.4,Jun/03/2010 20:17:06
698451,2012.REP.NOM.PATAKI,George Pataki to be Republican Presidential Nominee in 2012,31,0.4,Jun/04/2010 10:36:03
698451,2012.REP.NOM.PATAKI,George Pataki to be Republican Presidential Nominee in 2012,20,0.4,Jun/04/2010 21:46:22
698451,2012.REP.NOM.PATAKI,George Pataki to be Republican Presidential Nominee in 2012,20,0.4,Jun/04/2010 22:55:46
698451,2012.REP.NOM.PATAKI,George Pataki to be Republican Presidential Nominee in 2012,8,0.4,Jun/09/2010 20:22:32
698451,2012.REP.NOM.PATAKI,George Pataki to be Republican Presidential Nominee in 2012,1,0.4,Jun/11/2010 09:56:15
698451,2012.REP.NOM.PATAKI,George Pataki to be Republican Presidential Nominee in 2012,8,0.2,Jun/29/2010 10:47:22
698451,2012.REP.NOM.PATAKI,George Pataki to be Republican Presidential Nominee in 2012,14,0.4,Jun/29/2010 10:47:22
698451,2012.REP.NOM.PATAKI,George Pataki to be Republican Presidential Nominee in 2012,8,0.2,Jun/29/2010 10:47:41
698451,2012.REP.NOM.PATAKI,George Pataki to be Republican Presidential Nominee in 2012,58,0.2,Jul/12/2010 06:43:04
698451,2012.REP.NOM.PATAKI,George Pataki to be Republican Presidential Nominee in 2012,9,0.2,Jul/12/2010 06:43:04
698451,2012.REP.NOM.PATAKI,George Pataki to be Republican Presidential Nominee in 2012,18,0.2,Jul/12/2010 21:16:43
698451,2012.REP.NOM.PATAKI,George Pataki to be Republican Presidential Nominee in 2012,3,0.2,Jul/12/2010 21:16:54
698451,2012.REP.NOM.PATAKI,George Pataki to be Republican Presidential Nominee in 2012,2,0.2,Jul/13/2010 05:45:27
698451,2012.REP.NOM.PATAKI,George Pataki to be Republican Presidential Nominee in 2012,39,0.2,Jul/13/2010 19:28:18
698451,2012.REP.NOM.PATAKI,George Pataki to be Republican Presidential Nominee in 2012,29,0.2,Jul/17/2010 19:13:30
698451,2012.REP.NOM.PATAKI,George Pataki to be Republican Presidential Nominee in 2012,71,0.2,Jul/17/2010 19:13:30
698451,2012.REP.NOM.PATAKI,George Pataki to be Republican Presidential Nominee in 2012,75,0.2,Oct/16/2010 15:52:15
698451,2012.REP.NOM.PATAKI,George Pataki to be Republican Presidential Nominee in 2012,71,0.2,Nov/05/2010 17:48:57
698451,2012.REP.NOM.PATAKI,George Pataki to be Republican Presidential Nominee in 2012,78,0.2,Nov/05/2010 17:50:56
698451,2012.REP.NOM.PATAKI,George Pataki to be Republican Presidential Nominee in 2012,9,0.2,Nov/05/2010 17:53:39
698451,2012.REP.NOM.PATAKI,George Pataki to be Republican Presidential Nominee in 2012,2,0.2,Nov/05/2010 18:00:37
698451,2012.REP.NOM.PATAKI,George Pataki to be Republican Presidential Nominee in 2012,1,0.2,Nov/05/2010 20:22:48
698451,2012.REP.NOM.PATAKI,George Pataki to be Republican Presidential Nominee in 2012,40,0.2,Nov/05/2010 22:26:27
698451,2012.REP.NOM.PATAKI,George Pataki to be Republican Presidential Nominee in 2012,50,0.2,Nov/06/2010 21:37:19
698451,2012.REP.NOM.PATAKI,George Pataki to be Republican Presidential Nominee in 2012,20,0.2,Nov/07/2010 21:41:40
698451,2012.REP.NOM.PATAKI,George Pataki to be Republican Presidential Nominee in 2012,20,0.2,Nov/08/2010 06:10:33
698451,2012.REP.NOM.PATAKI,George Pataki to be Republican Presidential Nominee in 2012,5,0.2,Nov/08/2010 11:41:38
698451,2012.REP.NOM.PATAKI,George Pataki to be Republican Presidential Nominee in 2012,10,0.3,Nov/09/2010 03:40:18
698451,2012.REP.NOM.PATAKI,George Pataki to be Republican Presidential Nominee in 2012,5,0.3,Nov/09/2010 03:40:18
698451,2012.REP.NOM.PATAKI,George Pataki to be Republican Presidential Nominee in 2012,1,0.3,Nov/09/2010 03:40:18
698451,2012.REP.NOM.PATAKI,George Pataki to be Republican Presidential Nominee in 2012,50,0.3,Nov/09/2010 03:40:18
698451,2012.REP.NOM.PATAKI,George Pataki to be Republican Presidential Nominee in 2012,10,0.3,Nov/09/2010 03:40:18
698451,2012.REP.NOM.PATAKI,George Pataki to be Republican Presidential Nominee in 2012,40,0.2,Nov/09/2010 21:22:01
698451,2012.REP.NOM.PATAKI,George Pataki to be Republican Presidential Nominee in 2012,29,0.2,Nov/10/2010 06:54:40
698451,2012.REP.NOM.PATAKI,George Pataki to be Republican Presidential Nominee in 2012,10,0.5,Nov/10/2010 16:27:04
698451,2012.REP.NOM.PATAKI,George Pataki to be Republican Presidential Nominee in 2012,15,0.5,Nov/10/2010 16:27:04
698451,2012.REP.NOM.PATAKI,George Pataki to be Republican Presidential Nominee in 2012,10,0.3,Nov/10/2010 16:27:04
698451,2012.REP.NOM.PATAKI,George Pataki to be Republican Presidential Nominee in 2012,15,0.3,Nov/10/2010 16:27:04
698451,2012.REP.NOM.PATAKI,George Pataki to be Republican Presidential Nominee in 2012,6,0.5,Nov/10/2010 17:23:28
698451,2012.REP.NOM.PATAKI,George Pataki to be Republican Presidential Nominee in 2012,8,0.5,Nov/11/2010 07:51:56
698451,2012.REP.NOM.PATAKI,George Pataki to be Republican Presidential Nominee in 2012,9,0.2,Nov/15/2010 08:03:10
698451,2012.REP.NOM.PATAKI,George Pataki to be Republican Presidential Nominee in 2012,14,0.3,Nov/15/2010 08:03:10
698451,2012.REP.NOM.PATAKI,George Pataki to be Republican Presidential Nominee in 2012,10,0.3,Nov/15/2010 08:03:10
698451,2012.REP.NOM.PATAKI,George Pataki to be Republican Presidential Nominee in 2012,10,0.3,Nov/15/2010 08:03:10
698451,2012.REP.NOM.PATAKI,George Pataki to be Republican Presidential Nominee in 2012,10,0.3,Nov/15/2010 08:03:10
698451,2012.REP.NOM.PATAKI,George Pataki to be Republican Presidential Nominee in 2012,10,0.3,Nov/15/2010 17:10:59
698451,2012.REP.NOM.PATAKI,George Pataki to be Republican Presidential Nominee in 2012,2,0.4,Nov/15/2010 17:23:45
698451,2012.REP.NOM.PATAKI,George Pataki to be Republican Presidential Nominee in 2012,1,0.2,Nov/16/2010 07:19:42
698451,2012.REP.NOM.PATAKI,George Pataki to be Republican Presidential Nominee in 2012,15,0.2,Nov/16/2010 07:19:42
698451,2012.REP.NOM.PATAKI,George Pataki to be Republican Presidential Nominee in 2012,1,0.3,Nov/16/2010 07:19:42
698451,2012.REP.NOM.PATAKI,George Pataki to be Republican Presidential Nominee in 2012,1,0.2,Nov/16/2010 09:41:41
698451,2012.REP.NOM.PATAKI,George Pataki to be Republican Presidential Nominee in 2012,1,0.2,Nov/16/2010 09:41:45
698451,2012.REP.NOM.PATAKI,George Pataki to be Republican Presidential Nominee in 2012,1,0.2,Nov/16/2010 09:41:49
698451,2012.REP.NOM.PATAKI,George Pataki to be Republican Presidential Nominee in 2012,1,0.2,Nov/16/2010 09:42:14
698451,2012.REP.NOM.PATAKI,George Pataki to be Republican Presidential Nominee in 2012,1,0.2,Nov/16/2010 09:42:18
698451,2012.REP.NOM.PATAKI,George Pataki to be Republican Presidential Nominee in 2012,1,0.2,Nov/16/2010 09:42:21
698451,2012.REP.NOM.PATAKI,George Pataki to be Republican Presidential Nominee in 2012,1,0.2,Nov/16/2010 09:42:24
698451,2012.REP.NOM.PATAKI,George Pataki to be Republican Presidential Nominee in 2012,1,0.2,Nov/16/2010 09:42:30
698451,2012.REP.NOM.PATAKI,George Pataki to be Republican Presidential Nominee in 2012,1,0.2,Nov/16/2010 09:42:36
698451,2012.REP.NOM.PATAKI,George Pataki to be Republican Presidential Nominee in 2012,1,0.2,Nov/16/2010 09:42:39
698451,2012.REP.NOM.PATAKI,George Pataki to be Republican Presidential Nominee in 2012,1,0.2,Nov/16/2010 09:42:43
698451,2012.REP.NOM.PATAKI,George Pataki to be Republican Presidential Nominee in 2012,1,0.2,Nov/16/2010 09:42:50
698451,2012.REP.NOM.PATAKI,George Pataki to be Republican Presidential Nominee in 2012,1,0.2,Nov/16/2010 09:42:54
698451,2012.REP.NOM.PATAKI,George Pataki to be Republican Presidential Nominee in 2012,19,0.2,Nov/17/2010 07:36:28
698451,2012.REP.NOM.PATAKI,George Pataki to be Republican Presidential Nominee in 2012,25,0.3,Nov/17/2010 07:36:28
698451,2012.REP.NOM.PATAKI,George Pataki to be Republican Presidential Nominee in 2012,10,0.3,Nov/19/2010 08:32:39
698451,2012.REP.NOM.PATAKI,George Pataki to be Republican Presidential Nominee in 2012,10,0.3,Nov/19/2010 08:32:44
698451,2012.REP.NOM.PATAKI,George Pataki to be Republican Presidential Nominee in 2012,1,0.3,Nov/19/2010 19:17:48
698451,2012.REP.NOM.PATAKI,George Pataki to be Republican Presidential Nominee in 2012,4,0.2,Nov/19/2010 19:18:11
698451,2012.REP.NOM.PATAKI,George Pataki to be Republican Presidential Nominee in 2012,4,0.2,Nov/19/2010 19:18:11
698451,2012.REP.NOM.PATAKI,George Pataki to be Republican Presidential Nominee in 2012,4,0.3,Nov/19/2010 19:18:11
698451,2012.REP.NOM.PATAKI,George Pataki to be Republican Presidential Nominee in 2012,2,0.2,Nov/20/2010 18:38:38
698451,2012.REP.NOM.PATAKI,George Pataki to be Republican Presidential Nominee in 2012,8,0.2,Nov/20/2010 18:38:38
698451,2012.REP.NOM.PATAKI,George Pataki to be Republican Presidential Nominee in 2012,10,0.2,Nov/21/2010 08:46:22
698451,2012.REP.NOM.PATAKI,George Pataki to be Republican Presidential Nominee in 2012,11,0.2,Nov/21/2010 23:02:38
698451,2012.REP.NOM.PATAKI,George Pataki to be Republican Presidential Nominee in 2012,15,0.2,Nov/23/2010 16:39:47
698451,2012.REP.NOM.PATAKI,George Pataki to be Republican Presidential Nominee in 2012,40,0.2,Nov/24/2010 10:16:52
698451,2012.REP.NOM.PATAKI,George Pataki to be Republican Presidential Nominee in 2012,10,0.1,Dec/29/2010 14:06:40
698451,2012.REP.NOM.PATAKI,George Pataki to be Republican Presidential Nominee in 2012,7,0.1,Dec/29/2010 22:45:56
698451,2012.REP.NOM.PATAKI,George Pataki to be Republican Presidential Nominee in 2012,5,0.1,Dec/29/2010 22:45:56
698451,2012.REP.NOM.PATAKI,George Pataki to be Republican Presidential Nominee in 2012,4,0.3,Jan/01/2011 21:59:24
698451,2012.REP.NOM.PATAKI,George Pataki to be Republican Presidential Nominee in 2012,20,0.3,Jan/01/2011 21:59:24
698451,2012.REP.NOM.PATAKI,George Pataki to be Republican Presidential Nominee in 2012,50,0.3,Jan/01/2011 21:59:24
698451,2012.REP.NOM.PATAKI,George Pataki to be Republican Presidential Nominee in 2012,5,0.3,Jan/01/2011 21:59:24
698451,2012.REP.NOM.PATAKI,George Pataki to be Republican Presidential Nominee in 2012,15,0.3,Jan/01/2011 21:59:24
698451,2012.REP.NOM.PATAKI,George Pataki to be Republican Presidential Nominee in 2012,5,0.3,Jan/01/2011 21:59:24
698451,2012.REP.NOM.PATAKI,George Pataki to be Republican Presidential Nominee in 2012,5,0.3,Jan/01/2011 21:59:24
698451,2012.REP.NOM.PATAKI,George Pataki to be Republican Presidential Nominee in 2012,5,0.3,Jan/01/2011 21:59:24
698451,2012.REP.NOM.PATAKI,George Pataki to be Republican Presidential Nominee in 2012,5,0.3,Jan/01/2011 21:59:24
698451,2012.REP.NOM.PATAKI,George Pataki to be Republican Presidential Nominee in 2012,5,0.3,Jan/01/2011 21:59:24
698451,2012.REP.NOM.PATAKI,George Pataki to be Republican Presidential Nominee in 2012,5,0.3,Jan/01/2011 21:59:24
698451,2012.REP.NOM.PATAKI,George Pataki to be Republican Presidential Nominee in 2012,5,0.3,Jan/01/2011 21:59:24
698451,2012.REP.NOM.PATAKI,George Pataki to be Republican Presidential Nominee in 2012,5,0.3,Jan/01/2011 21:59:24
698451,2012.REP.NOM.PATAKI,George Pataki to be Republican Presidential Nominee in 2012,5,0.2,Jan/01/2011 21:59:24
698451,2012.REP.NOM.PATAKI,George Pataki to be Republican Presidential Nominee in 2012,10,0.2,Jan/01/2011 21:59:24
698451,2012.REP.NOM.PATAKI,George Pataki to be Republican Presidential Nominee in 2012,5,0.2,Jan/01/2011 21:59:24
698451,2012.REP.NOM.PATAKI,George Pataki to be Republican Presidential Nominee in 2012,5,0.2,Jan/01/2011 21:59:24
698451,2012.REP.NOM.PATAKI,George Pataki to be Republican Presidential Nominee in 2012,5,0.2,Jan/01/2011 21:59:24
698451,2012.REP.NOM.PATAKI,George Pataki to be Republican Presidential Nominee in 2012,5,0.2,Jan/01/2011 21:59:24
698451,2012.REP.NOM.PATAKI,George Pataki to be Republican Presidential Nominee in 2012,5,0.2,Jan/01/2011 21:59:24
698451,2012.REP.NOM.PATAKI,George Pataki to be Republican Presidential Nominee in 2012,5,0.2,Jan/01/2011 21:59:24
698451,2012.REP.NOM.PATAKI,George Pataki to be Republican Presidential Nominee in 2012,5,0.2,Jan/01/2011 21:59:24
698451,2012.REP.NOM.PATAKI,George Pataki to be Republican Presidential Nominee in 2012,5,0.2,Jan/01/2011 21:59:24
698451,2012.REP.NOM.PATAKI,George Pataki to be Republican Presidential Nominee in 2012,5,0.2,Jan/01/2011 21:59:24
698451,2012.REP.NOM.PATAKI,George Pataki to be Republican Presidential Nominee in 2012,5,0.2,Jan/01/2011 21:59:24
698451,2012.REP.NOM.PATAKI,George Pataki to be Republican Presidential Nominee in 2012,5,0.2,Jan/01/2011 21:59:24
698451,2012.REP.NOM.PATAKI,George Pataki to be Republican Presidential Nominee in 2012,5,0.2,Jan/01/2011 21:59:24
698451,2012.REP.NOM.PATAKI,George Pataki to be Republican Presidential Nominee in 2012,5,0.2,Jan/01/2011 21:59:24
698451,2012.REP.NOM.PATAKI,George Pataki to be Republican Presidential Nominee in 2012,5,0.2,Jan/01/2011 21:59:24
698451,2012.REP.NOM.PATAKI,George Pataki to be Republican Presidential Nominee in 2012,5,0.3,Jan/01/2011 21:59:24
698451,2012.REP.NOM.PATAKI,George Pataki to be Republican Presidential Nominee in 2012,5,0.2,Jan/01/2011 21:59:24
698451,2012.REP.NOM.PATAKI,George Pataki to be Republican Presidential Nominee in 2012,5,0.2,Jan/01/2011 21:59:24
698451,2012.REP.NOM.PATAKI,George Pataki to be Republican Presidential Nominee in 2012,10,0.2,Jan/01/2011 21:59:24
698451,2012.REP.NOM.PATAKI,George Pataki to be Republican Presidential Nominee in 2012,10,0.2,Jan/01/2011 21:59:24
698451,2012.REP.NOM.PATAKI,George Pataki to be Republican Presidential Nominee in 2012,10,0.2,Jan/01/2011 21:59:24
698451,2012.REP.NOM.PATAKI,George Pataki to be Republican Presidential Nominee in 2012,10,0.2,Jan/01/2011 21:59:24
698451,2012.REP.NOM.PATAKI,George Pataki to be Republican Presidential Nominee in 2012,5,0.2,Jan/01/2011 21:59:24
698451,2012.REP.NOM.PATAKI,George Pataki to be Republican Presidential Nominee in 2012,1,0.3,Jan/01/2011 22:01:14
698451,2012.REP.NOM.PATAKI,George Pataki to be Republican Presidential Nominee in 2012,8,0.4,Jan/01/2011 22:09:47
698451,2012.REP.NOM.PATAKI,George Pataki to be Republican Presidential Nominee in 2012,2,0.4,Jan/01/2011 22:09:47
698451,2012.REP.NOM.PATAKI,George Pataki to be Republican Presidential Nominee in 2012,5,0.4,Jan/01/2011 22:09:47
698451,2012.REP.NOM.PATAKI,George Pataki to be Republican Presidential Nominee in 2012,5,0.6,Jan/01/2011 22:09:47
698451,2012.REP.NOM.PATAKI,George Pataki to be Republican Presidential Nominee in 2012,5,0.6,Jan/01/2011 22:09:47
698451,2012.REP.NOM.PATAKI,George Pataki to be Republican Presidential Nominee in 2012,14,0.5,Jan/01/2011 22:09:47
698451,2012.REP.NOM.PATAKI,George Pataki to be Republican Presidential Nominee in 2012,10,0.5,Jan/01/2011 22:09:47
698451,2012.REP.NOM.PATAKI,George Pataki to be Republican Presidential Nominee in 2012,5,0.5,Jan/01/2011 22:09:47
698451,2012.REP.NOM.PATAKI,George Pataki to be Republican Presidential Nominee in 2012,5,0.5,Jan/01/2011 22:09:47
698451,2012.REP.NOM.PATAKI,George Pataki to be Republican Presidential Nominee in 2012,5,0.5,Jan/01/2011 22:09:47
698451,2012.REP.NOM.PATAKI,George Pataki to be Republican Presidential Nominee in 2012,5,0.5,Jan/01/2011 22:09:47
698451,2012.REP.NOM.PATAKI,George Pataki to be Republican Presidential Nominee in 2012,5,0.4,Jan/01/2011 22:09:47
698451,2012.REP.NOM.PATAKI,George Pataki to be Republican Presidential Nominee in 2012,200,0.5,Jan/01/2011 23:40:33
698451,2012.REP.NOM.PATAKI,George Pataki to be Republican Presidential Nominee in 2012,146,0.4,Jan/02/2011 10:29:33
698451,2012.REP.NOM.PATAKI,George Pataki to be Republican Presidential Nominee in 2012,10,0.3,Jan/02/2011 16:31:19
698451,2012.REP.NOM.PATAKI,George Pataki to be Republican Presidential Nominee in 2012,12,0.3,Jan/02/2011 20:02:02
698451,2012.REP.NOM.PATAKI,George Pataki to be Republican Presidential Nominee in 2012,20,0.2,Jan/03/2011 15:09:11
698451,2012.REP.NOM.PATAKI,George Pataki to be Republican Presidential Nominee in 2012,10,0.2,Jan/03/2011 15:23:50
698451,2012.REP.NOM.PATAKI,George Pataki to be Republican Presidential Nominee in 2012,1,0.2,Jan/03/2011 18:16:15
698451,2012.REP.NOM.PATAKI,George Pataki to be Republican Presidential Nominee in 2012,10,0.2,Jan/03/2011 18:21:12
698451,2012.REP.NOM.PATAKI,George Pataki to be Republican Presidential Nominee in 2012,10,0.2,Jan/04/2011 03:29:00
698451,2012.REP.NOM.PATAKI,George Pataki to be Republican Presidential Nominee in 2012,10,0.2,Jan/04/2011 22:33:29
698451,2012.REP.NOM.PATAKI,George Pataki to be Republican Presidential Nominee in 2012,10,0.2,Jan/05/2011 04:07:30
698451,2012.REP.NOM.PATAKI,George Pataki to be Republican Presidential Nominee in 2012,5,0.2,Jan/05/2011 22:28:06
698451,2012.REP.NOM.PATAKI,George Pataki to be Republican Presidential Nominee in 2012,5,0.2,Jan/05/2011 22:28:06
698451,2012.REP.NOM.PATAKI,George Pataki to be Republican Presidential Nominee in 2012,10,0.2,Jan/06/2011 19:32:30
698451,2012.REP.NOM.PATAKI,George Pataki to be Republican Presidential Nominee in 2012,10,0.2,Jan/07/2011 01:24:48
698451,2012.REP.NOM.PATAKI,George Pataki to be Republican Presidential Nominee in 2012,10,0.2,Jan/07/2011 14:47:37
698451,2012.REP.NOM.PATAKI,George Pataki to be Republican Presidential Nominee in 2012,4,0.2,Jan/08/2011 01:47:59
698451,2012.REP.NOM.PATAKI,George Pataki to be Republican Presidential Nominee in 2012,6,0.2,Jan/08/2011 17:38:03
698451,2012.REP.NOM.PATAKI,George Pataki to be Republican Presidential Nominee in 2012,10,0.2,Jan/08/2011 17:38:03
698451,2012.REP.NOM.PATAKI,George Pataki to be Republican Presidential Nominee in 2012,1,0.2,Jan/08/2011 17:40:18
698451,2012.REP.NOM.PATAKI,George Pataki to be Republican Presidential Nominee in 2012,6,0.2,Jan/08/2011 17:40:25
698451,2012.REP.NOM.PATAKI,George Pataki to be Republican Presidential Nominee in 2012,3,0.3,Jan/08/2011 17:44:09
698451,2012.REP.NOM.PATAKI,George Pataki to be Republican Presidential Nominee in 2012,10,0.3,Jan/08/2011 17:44:09
698451,2012.REP.NOM.PATAKI,George Pataki to be Republican Presidential Nominee in 2012,164,0.3,Jan/08/2011 17:44:09
698451,2012.REP.NOM.PATAKI,George Pataki to be Republican Presidential Nominee in 2012,1,0.2,Jan/08/2011 17:47:44
698451,2012.REP.NOM.PATAKI,George Pataki to be Republican Presidential Nominee in 2012,2,0.2,Jan/08/2011 17:47:50
698451,2012.REP.NOM.PATAKI,George Pataki to be Republican Presidential Nominee in 2012,10,0.2,Jan/08/2011 17:47:56
698451,2012.REP.NOM.PATAKI,George Pataki to be Republican Presidential Nominee in 2012,2,0.2,Jan/08/2011 17:48:02
698451,2012.REP.NOM.PATAKI,George Pataki to be Republican Presidential Nominee in 2012,4,0.2,Jan/08/2011 17:48:08
698451,2012.REP.NOM.PATAKI,George Pataki to be Republican Presidential Nominee in 2012,3,0.2,Jan/08/2011 17:48:14
698451,2012.REP.NOM.PATAKI,George Pataki to be Republican Presidential Nominee in 2012,1,0.2,Jan/08/2011 17:48:20
698451,2012.REP.NOM.PATAKI,George Pataki to be Republican Presidential Nominee in 2012,2,0.2,Jan/08/2011 17:48:26
698451,2012.REP.NOM.PATAKI,George Pataki to be Republican Presidential Nominee in 2012,1,0.2,Jan/08/2011 17:48:32
698451,2012.REP.NOM.PATAKI,George Pataki to be Republican Presidential Nominee in 2012,2,0.2,Jan/08/2011 17:48:38
698451,2012.REP.NOM.PATAKI,George Pataki to be Republican Presidential Nominee in 2012,4,0.2,Jan/08/2011 17:48:44
698451,2012.REP.NOM.PATAKI,George Pataki to be Republican Presidential Nominee in 2012,2,0.2,Jan/08/2011 17:48:50
698451,2012.REP.NOM.PATAKI,George Pataki to be Republican Presidential Nominee in 2012,1,0.2,Jan/08/2011 17:48:56
698451,2012.REP.NOM.PATAKI,George Pataki to be Republican Presidential Nominee in 2012,10,0.2,Jan/08/2011 17:49:02
698451,2012.REP.NOM.PATAKI,George Pataki to be Republican Presidential Nominee in 2012,354,0.4,Jan/08/2011 18:09:42
698451,2012.REP.NOM.PATAKI,George Pataki to be Republican Presidential Nominee in 2012,20,0.4,Jan/08/2011 18:09:42
698451,2012.REP.NOM.PATAKI,George Pataki to be Republican Presidential Nominee in 2012,536,0.3,Jan/08/2011 18:09:42
698451,2012.REP.NOM.PATAKI,George Pataki to be Republican Presidential Nominee in 2012,4,0.3,Jan/08/2011 18:09:42
698451,2012.REP.NOM.PATAKI,George Pataki to be Republican Presidential Nominee in 2012,10,0.3,Jan/08/2011 18:21:37
698451,2012.REP.NOM.PATAKI,George Pataki to be Republican Presidential Nominee in 2012,10,0.5,Jan/08/2011 18:33:36
698451,2012.REP.NOM.PATAKI,George Pataki to be Republican Presidential Nominee in 2012,10,0.4,Jan/08/2011 18:33:36
698451,2012.REP.NOM.PATAKI,George Pataki to be Republican Presidential Nominee in 2012,10,0.4,Jan/08/2011 18:33:36
698451,2012.REP.NOM.PATAKI,George Pataki to be Republican Presidential Nominee in 2012,1,0.6,Jan/08/2011 22:26:02
698451,2012.REP.NOM.PATAKI,George Pataki to be Republican Presidential Nominee in 2012,19,0.6,Jan/08/2011 22:26:02
698451,2012.REP.NOM.PATAKI,George Pataki to be Republican Presidential Nominee in 2012,20,0.5,Jan/08/2011 22:26:02
698451,2012.REP.NOM.PATAKI,George Pataki to be Republican Presidential Nominee in 2012,20,0.4,Jan/08/2011 22:26:02
698451,2012.REP.NOM.PATAKI,George Pataki to be Republican Presidential Nominee in 2012,5,0.7,Jan/08/2011 22:26:34
698451,2012.REP.NOM.PATAKI,George Pataki to be Republican Presidential Nominee in 2012,5,0.8,Jan/08/2011 22:26:34
698451,2012.REP.NOM.PATAKI,George Pataki to be Republican Presidential Nominee in 2012,5,0.9,Jan/08/2011 22:26:34
698451,2012.REP.NOM.PATAKI,George Pataki to be Republican Presidential Nominee in 2012,400,0.9,Jan/08/2011 22:26:34
698451,2012.REP.NOM.PATAKI,George Pataki to be Republican Presidential Nominee in 2012,20,0.8,Jan/08/2011 22:26:34
698451,2012.REP.NOM.PATAKI,George Pataki to be Republican Presidential Nominee in 2012,20,0.7,Jan/08/2011 22:26:34
698451,2012.REP.NOM.PATAKI,George Pataki to be Republican Presidential Nominee in 2012,1,0.6,Jan/08/2011 22:26:34
698451,2012.REP.NOM.PATAKI,George Pataki to be Republican Presidential Nominee in 2012,10,0.8,Jan/08/2011 22:26:34
698451,2012.REP.NOM.PATAKI,George Pataki to be Republican Presidential Nominee in 2012,500,0.9,Jan/08/2011 22:57:53
698451,2012.REP.NOM.PATAKI,George Pataki to be Republican Presidential Nominee in 2012,100,0.5,Jan/09/2011 01:21:44
698451,2012.REP.NOM.PATAKI,George Pataki to be Republican Presidential Nominee in 2012,10,0.4,Jan/10/2011 20:09:17
698451,2012.REP.NOM.PATAKI,George Pataki to be Republican Presidential Nominee in 2012,6,0.4,Jan/11/2011 00:37:21
698451,2012.REP.NOM.PATAKI,George Pataki to be Republican Presidential Nominee in 2012,10,0.3,Jan/15/2011 18:35:54
698451,2012.REP.NOM.PATAKI,George Pataki to be Republican Presidential Nominee in 2012,10,0.3,Jan/15/2011 18:35:54
698451,2012.REP.NOM.PATAKI,George Pataki to be Republican Presidential Nominee in 2012,10,0.3,Jan/15/2011 18:35:54
698451,2012.REP.NOM.PATAKI,George Pataki to be Republican Presidential Nominee in 2012,10,0.3,Jan/15/2011 18:35:54
698451,2012.REP.NOM.PATAKI,George Pataki to be Republican Presidential Nominee in 2012,10,0.3,Jan/15/2011 18:35:54
698451,2012.REP.NOM.PATAKI,George Pataki to be Republican Presidential Nominee in 2012,11,0.2,Jan/20/2011 21:32:58
698451,2012.REP.NOM.PATAKI,George Pataki to be Republican Presidential Nominee in 2012,10,0.2,Jan/21/2011 04:37:58
698451,2012.REP.NOM.PATAKI,George Pataki to be Republican Presidential Nominee in 2012,10,0.2,Jan/21/2011 16:45:44
698451,2012.REP.NOM.PATAKI,George Pataki to be Republican Presidential Nominee in 2012,4,0.2,Jan/21/2011 18:22:48
698451,2012.REP.NOM.PATAKI,George Pataki to be Republican Presidential Nominee in 2012,6,0.2,Jan/21/2011 18:22:48
698451,2012.REP.NOM.PATAKI,George Pataki to be Republican Presidential Nominee in 2012,10,0.2,Jan/21/2011 19:30:25
698451,2012.REP.NOM.PATAKI,George Pataki to be Republican Presidential Nominee in 2012,10,0.2,Jan/21/2011 19:49:57
698451,2012.REP.NOM.PATAKI,George Pataki to be Republican Presidential Nominee in 2012,10,0.2,Jan/22/2011 02:10:37
698451,2012.REP.NOM.PATAKI,George Pataki to be Republican Presidential Nominee in 2012,10,0.2,Jan/22/2011 04:05:50
698451,2012.REP.NOM.PATAKI,George Pataki to be Republican Presidential Nominee in 2012,10,0.2,Jan/22/2011 15:51:05
698451,2012.REP.NOM.PATAKI,George Pataki to be Republican Presidential Nominee in 2012,10,0.2,Jan/22/2011 20:00:12
698451,2012.REP.NOM.PATAKI,George Pataki to be Republican Presidential Nominee in 2012,10,0.2,Jan/22/2011 20:04:19
698451,2012.REP.NOM.PATAKI,George Pataki to be Republican Presidential Nominee in 2012,10,0.2,Jan/22/2011 20:15:17
698451,2012.REP.NOM.PATAKI,George Pataki to be Republican Presidential Nominee in 2012,10,0.2,Jan/22/2011 20:42:08
698451,2012.REP.NOM.PATAKI,George Pataki to be Republican Presidential Nominee in 2012,4,0.2,Jan/23/2011 16:28:10
698451,2012.REP.NOM.PATAKI,George Pataki to be Republican Presidential Nominee in 2012,6,0.2,Jan/23/2011 16:28:10
698451,2012.REP.NOM.PATAKI,George Pataki to be Republican Presidential Nominee in 2012,10,0.2,Jan/23/2011 16:32:23
698451,2012.REP.NOM.PATAKI,George Pataki to be Republican Presidential Nominee in 2012,10,0.2,Jan/23/2011 20:19:22
698451,2012.REP.NOM.PATAKI,George Pataki to be Republican Presidential Nominee in 2012,10,0.2,Jan/24/2011 04:21:15
698451,2012.REP.NOM.PATAKI,George Pataki to be Republican Presidential Nominee in 2012,10,0.2,Jan/25/2011 10:43:50
698451,2012.REP.NOM.PATAKI,George Pataki to be Republican Presidential Nominee in 2012,10,0.2,Jan/25/2011 10:43:50
698451,2012.REP.NOM.PATAKI,George Pataki to be Republican Presidential Nominee in 2012,10,0.2,Jan/25/2011 15:05:03
698451,2012.REP.NOM.PATAKI,George Pataki to be Republican Presidential Nominee in 2012,10,0.2,Jan/25/2011 15:16:18
698451,2012.REP.NOM.PATAKI,George Pataki to be Republican Presidential Nominee in 2012,10,0.2,Jan/26/2011 00:25:52
698451,2012.REP.NOM.PATAKI,George Pataki to be Republican Presidential Nominee in 2012,10,0.2,Jan/26/2011 01:16:55
698451,2012.REP.NOM.PATAKI,George Pataki to be Republican Presidential Nominee in 2012,10,0.2,Jan/26/2011 15:51:10
698451,2012.REP.NOM.PATAKI,George Pataki to be Republican Presidential Nominee in 2012,10,0.2,Jan/27/2011 03:33:30
698451,2012.REP.NOM.PATAKI,George Pataki to be Republican Presidential Nominee in 2012,11,0.2,Jan/27/2011 21:33:02
698451,2012.REP.NOM.PATAKI,George Pataki to be Republican Presidential Nominee in 2012,10,0.2,Jan/27/2011 23:36:00
698451,2012.REP.NOM.PATAKI,George Pataki to be Republican Presidential Nominee in 2012,10,0.2,Jan/28/2011 01:58:39
698451,2012.REP.NOM.PATAKI,George Pataki to be Republican Presidential Nominee in 2012,10,0.2,Jan/28/2011 03:36:38
698451,2012.REP.NOM.PATAKI,George Pataki to be Republican Presidential Nominee in 2012,10,0.2,Jan/28/2011 17:40:38
698451,2012.REP.NOM.PATAKI,George Pataki to be Republican Presidential Nominee in 2012,10,0.2,Jan/28/2011 22:56:37
698451,2012.REP.NOM.PATAKI,George Pataki to be Republican Presidential Nominee in 2012,10,0.2,Jan/30/2011 22:00:16
698451,2012.REP.NOM.PATAKI,George Pataki to be Republican Presidential Nominee in 2012,10,0.2,Jan/31/2011 03:22:32
698451,2012.REP.NOM.PATAKI,George Pataki to be Republican Presidential Nominee in 2012,10,0.2,Jan/31/2011 04:36:12
698451,2012.REP.NOM.PATAKI,George Pataki to be Republican Presidential Nominee in 2012,10,0.2,Jan/31/2011 15:07:08
698451,2012.REP.NOM.PATAKI,George Pataki to be Republican Presidential Nominee in 2012,10,0.2,Jan/31/2011 15:51:55
698451,2012.REP.NOM.PATAKI,George Pataki to be Republican Presidential Nominee in 2012,10,0.2,Jan/31/2011 17:57:15
698451,2012.REP.NOM.PATAKI,George Pataki to be Republican Presidential Nominee in 2012,10,0.2,Jan/31/2011 18:05:15
698451,2012.REP.NOM.PATAKI,George Pataki to be Republican Presidential Nominee in 2012,10,0.2,Jan/31/2011 23:18:03
698451,2012.REP.NOM.PATAKI,George Pataki to be Republican Presidential Nominee in 2012,10,0.2,Feb/01/2011 12:16:44
698451,2012.REP.NOM.PATAKI,George Pataki to be Republican Presidential Nominee in 2012,10,0.2,Feb/01/2011 12:16:44
698451,2012.REP.NOM.PATAKI,George Pataki to be Republican Presidential Nominee in 2012,10,0.2,Feb/01/2011 12:16:44
698451,2012.REP.NOM.PATAKI,George Pataki to be Republican Presidential Nominee in 2012,10,0.2,Feb/01/2011 12:16:44
698451,2012.REP.NOM.PATAKI,George Pataki to be Republican Presidential Nominee in 2012,155,0.2,Feb/03/2011 03:56:40
698451,2012.REP.NOM.PATAKI,George Pataki to be Republican Presidential Nominee in 2012,100,0.2,Feb/03/2011 05:19:09
698451,2012.REP.NOM.PATAKI,George Pataki to be Republican Presidential Nominee in 2012,68,0.2,Feb/03/2011 08:06:48
698451,2012.REP.NOM.PATAKI,George Pataki to be Republican Presidential Nominee in 2012,10,0.2,Feb/03/2011 08:06:48
698451,2012.REP.NOM.PATAKI,George Pataki to be Republican Presidential Nominee in 2012,20,0.2,Feb/03/2011 08:06:48
698451,2012.REP.NOM.PATAKI,George Pataki to be Republican Presidential Nominee in 2012,20,0.2,Feb/03/2011 08:06:48
698451,2012.REP.NOM.PATAKI,George Pataki to be Republican Presidential Nominee in 2012,20,0.2,Feb/03/2011 08:06:48
698451,2012.REP.NOM.PATAKI,George Pataki to be Republican Presidential Nominee in 2012,1,0.2,Feb/03/2011 08:06:48
698451,2012.REP.NOM.PATAKI,George Pataki to be Republican Presidential Nominee in 2012,20,0.2,Feb/03/2011 08:06:48
698451,2012.REP.NOM.PATAKI,George Pataki to be Republican Presidential Nominee in 2012,20,0.2,Feb/03/2011 08:06:48
698451,2012.REP.NOM.PATAKI,George Pataki to be Republican Presidential Nominee in 2012,20,0.2,Feb/03/2011 08:06:48
698451,2012.REP.NOM.PATAKI,George Pataki to be Republican Presidential Nominee in 2012,20,0.2,Feb/03/2011 08:06:48
698451,2012.REP.NOM.PATAKI,George Pataki to be Republican Presidential Nominee in 2012,20,0.2,Feb/06/2011 04:31:37
698451,2012.REP.NOM.PATAKI,George Pataki to be Republican Presidential Nominee in 2012,20,0.2,Feb/06/2011 04:31:37
698451,2012.REP.NOM.PATAKI,George Pataki to be Republican Presidential Nominee in 2012,20,0.2,Feb/06/2011 04:31:37
698451,2012.REP.NOM.PATAKI,George Pataki to be Republican Presidential Nominee in 2012,90,0.2,Feb/06/2011 09:00:49
698451,2012.REP.NOM.PATAKI,George Pataki to be Republican Presidential Nominee in 2012,80,0.3,Feb/06/2011 09:00:49
698451,2012.REP.NOM.PATAKI,George Pataki to be Republican Presidential Nominee in 2012,1,0.4,Feb/06/2011 09:00:49
698451,2012.REP.NOM.PATAKI,George Pataki to be Republican Presidential Nominee in 2012,10,0.3,Feb/06/2011 09:00:49
698451,2012.REP.NOM.PATAKI,George Pataki to be Republican Presidential Nominee in 2012,9,0.3,Feb/06/2011 09:00:49
698451,2012.REP.NOM.PATAKI,George Pataki to be Republican Presidential Nominee in 2012,13,0.3,Feb/06/2011 09:00:49
698451,2012.REP.NOM.PATAKI,George Pataki to be Republican Presidential Nominee in 2012,40,0.3,Feb/06/2011 09:00:49
698451,2012.REP.NOM.PATAKI,George Pataki to be Republican Presidential Nominee in 2012,20,0.2,Feb/06/2011 09:00:49
698451,2012.REP.NOM.PATAKI,George Pataki to be Republican Presidential Nominee in 2012,20,0.2,Feb/14/2011 03:36:46
698451,2012.REP.NOM.PATAKI,George Pataki to be Republican Presidential Nominee in 2012,20,0.2,Feb/15/2011 00:07:54
698451,2012.REP.NOM.PATAKI,George Pataki to be Republican Presidential Nominee in 2012,20,0.3,Feb/15/2011 02:37:59
698451,2012.REP.NOM.PATAKI,George Pataki to be Republican Presidential Nominee in 2012,13,0.3,Feb/15/2011 02:37:59
698451,2012.REP.NOM.PATAKI,George Pataki to be Republican Presidential Nominee in 2012,20,0.2,Feb/15/2011 22:59:31
698451,2012.REP.NOM.PATAKI,George Pataki to be Republican Presidential Nominee in 2012,20,0.2,Feb/17/2011 19:06:11
698451,2012.REP.NOM.PATAKI,George Pataki to be Republican Presidential Nominee in 2012,20,0.2,Feb/17/2011 19:06:11
698451,2012.REP.NOM.PATAKI,George Pataki to be Republican Presidential Nominee in 2012,20,0.2,Feb/20/2011 19:25:55
698451,2012.REP.NOM.PATAKI,George Pataki to be Republican Presidential Nominee in 2012,10,0.2,Feb/20/2011 19:25:55
698451,2012.REP.NOM.PATAKI,George Pataki to be Republican Presidential Nominee in 2012,10,0.2,Feb/20/2011 19:27:21
698451,2012.REP.NOM.PATAKI,George Pataki to be Republican Presidential Nominee in 2012,20,0.2,Feb/20/2011 19:27:21
698451,2012.REP.NOM.PATAKI,George Pataki to be Republican Presidential Nominee in 2012,20,0.2,Feb/20/2011 19:27:21
698451,2012.REP.NOM.PATAKI,George Pataki to be Republican Presidential Nominee in 2012,20,0.2,Feb/20/2011 19:27:21
698451,2012.REP.NOM.PATAKI,George Pataki to be Republican Presidential Nominee in 2012,10,0.2,Feb/20/2011 19:27:21
698451,2012.REP.NOM.PATAKI,George Pataki to be Republican Presidential Nominee in 2012,10,0.2,Mar/02/2011 17:26:50
698451,2012.REP.NOM.PATAKI,George Pataki to be Republican Presidential Nominee in 2012,20,0.2,Mar/02/2011 17:26:50
698451,2012.REP.NOM.PATAKI,George Pataki to be Republican Presidential Nominee in 2012,20,0.2,Mar/02/2011 17:26:50
698451,2012.REP.NOM.PATAKI,George Pataki to be Republican Presidential Nominee in 2012,20,0.2,Mar/02/2011 17:26:50
698451,2012.REP.NOM.PATAKI,George Pataki to be Republican Presidential Nominee in 2012,20,0.2,Mar/02/2011 17:26:50
698451,2012.REP.NOM.PATAKI,George Pataki to be Republican Presidential Nominee in 2012,10,0.2,Mar/02/2011 17:26:50
698451,2012.REP.NOM.PATAKI,George Pataki to be Republican Presidential Nominee in 2012,5,0.2,Mar/03/2011 02:26:55
698451,2012.REP.NOM.PATAKI,George Pataki to be Republican Presidential Nominee in 2012,5,0.2,Mar/04/2011 01:07:44
698451,2012.REP.NOM.PATAKI,George Pataki to be Republican Presidential Nominee in 2012,20,0.2,Mar/04/2011 01:07:44
698451,2012.REP.NOM.PATAKI,George Pataki to be Republican Presidential Nominee in 2012,50,0.2,Mar/04/2011 01:07:44
698451,2012.REP.NOM.PATAKI,George Pataki to be Republican Presidential Nominee in 2012,50,0.2,Mar/05/2011 18:04:58
698451,2012.REP.NOM.PATAKI,George Pataki to be Republican Presidential Nominee in 2012,20,0.2,Mar/05/2011 18:05:07
698451,2012.REP.NOM.PATAKI,George Pataki to be Republican Presidential Nominee in 2012,20,0.2,Mar/05/2011 18:05:07
698451,2012.REP.NOM.PATAKI,George Pataki to be Republican Presidential Nominee in 2012,10,0.2,Mar/05/2011 18:05:07
698451,2012.REP.NOM.PATAKI,George Pataki to be Republican Presidential Nominee in 2012,10,0.2,Mar/13/2011 15:22:15
698451,2012.REP.NOM.PATAKI,George Pataki to be Republican Presidential Nominee in 2012,20,0.2,Mar/13/2011 15:22:15
698451,2012.REP.NOM.PATAKI,George Pataki to be Republican Presidential Nominee in 2012,20,0.2,Mar/13/2011 15:22:15
698451,2012.REP.NOM.PATAKI,George Pataki to be Republican Presidential Nominee in 2012,20,0.2,Mar/13/2011 15:22:15
698451,2012.REP.NOM.PATAKI,George Pataki to be Republican Presidential Nominee in 2012,20,0.2,Mar/13/2011 15:22:15
698451,2012.REP.NOM.PATAKI,George Pataki to be Republican Presidential Nominee in 2012,20,0.2,Mar/13/2011 15:22:15
698451,2012.REP.NOM.PATAKI,George Pataki to be Republican Presidential Nominee in 2012,20,0.2,Mar/13/2011 15:22:15
698451,2012.REP.NOM.PATAKI,George Pataki to be Republican Presidential Nominee in 2012,20,0.2,Mar/13/2011 15:22:15
698451,2012.REP.NOM.PATAKI,George Pataki to be Republican Presidential Nominee in 2012,20,0.2,Mar/13/2011 15:22:15
698451,2012.REP.NOM.PATAKI,George Pataki to be Republican Presidential Nominee in 2012,20,0.2,Mar/13/2011 15:22:15
698451,2012.REP.NOM.PATAKI,George Pataki to be Republican Presidential Nominee in 2012,20,0.2,Mar/13/2011 15:22:15
698451,2012.REP.NOM.PATAKI,George Pataki to be Republican Presidential Nominee in 2012,20,0.2,Mar/13/2011 15:22:15
698451,2012.REP.NOM.PATAKI,George Pataki to be Republican Presidential Nominee in 2012,20,0.2,Mar/13/2011 15:22:15
698451,2012.REP.NOM.PATAKI,George Pataki to be Republican Presidential Nominee in 2012,20,0.2,Mar/13/2011 15:22:15
698451,2012.REP.NOM.PATAKI,George Pataki to be Republican Presidential Nominee in 2012,20,0.2,Mar/13/2011 15:22:15
698451,2012.REP.NOM.PATAKI,George Pataki to be Republican Presidential Nominee in 2012,20,0.2,Mar/13/2011 15:22:15
698451,2012.REP.NOM.PATAKI,George Pataki to be Republican Presidential Nominee in 2012,20,0.2,Mar/13/2011 15:22:15
698451,2012.REP.NOM.PATAKI,George Pataki to be Republican Presidential Nominee in 2012,20,0.2,Mar/13/2011 15:22:15
698451,2012.REP.NOM.PATAKI,George Pataki to be Republican Presidential Nominee in 2012,20,0.2,Mar/13/2011 15:22:15
698451,2012.REP.NOM.PATAKI,George Pataki to be Republican Presidential Nominee in 2012,20,0.2,Mar/13/2011 15:22:15
698451,2012.REP.NOM.PATAKI,George Pataki to be Republican Presidential Nominee in 2012,40,0.2,Mar/13/2011 17:14:10
698451,2012.REP.NOM.PATAKI,George Pataki to be Republican Presidential Nominee in 2012,570,0.2,Mar/13/2011 18:31:43
698451,2012.REP.NOM.PATAKI,George Pataki to be Republican Presidential Nominee in 2012,55,0.2,Mar/13/2011 18:31:43
698451,2012.REP.NOM.PATAKI,George Pataki to be Republican Presidential Nominee in 2012,7,0.3,Mar/15/2011 08:27:39
698451,2012.REP.NOM.PATAKI,George Pataki to be Republican Presidential Nominee in 2012,20,0.3,Mar/15/2011 08:27:39
698451,2012.REP.NOM.PATAKI,George Pataki to be Republican Presidential Nominee in 2012,20,0.3,Mar/15/2011 08:27:39
698451,2012.REP.NOM.PATAKI,George Pataki to be Republican Presidential Nominee in 2012,20,0.3,Mar/15/2011 08:27:39
698451,2012.REP.NOM.PATAKI,George Pataki to be Republican Presidential Nominee in 2012,20,0.3,Mar/15/2011 08:27:39
698451,2012.REP.NOM.PATAKI,George Pataki to be Republican Presidential Nominee in 2012,10,0.3,Mar/15/2011 08:27:39
698451,2012.REP.NOM.PATAKI,George Pataki to be Republican Presidential Nominee in 2012,10,0.3,Mar/15/2011 08:27:39
698451,2012.REP.NOM.PATAKI,George Pataki to be Republican Presidential Nominee in 2012,20,0.3,Mar/15/2011 08:27:39
698451,2012.REP.NOM.PATAKI,George Pataki to be Republican Presidential Nominee in 2012,20,0.3,Mar/15/2011 08:27:39
698451,2012.REP.NOM.PATAKI,George Pataki to be Republican Presidential Nominee in 2012,20,0.3,Mar/15/2011 08:27:39
698451,2012.REP.NOM.PATAKI,George Pataki to be Republican Presidential Nominee in 2012,19,0.3,Mar/15/2011 08:27:39
698451,2012.REP.NOM.PATAKI,George Pataki to be Republican Presidential Nominee in 2012,14,0.3,Mar/15/2011 08:27:39
698451,2012.REP.NOM.PATAKI,George Pataki to be Republican Presidential Nominee in 2012,4,0.3,Mar/15/2011 11:44:43
698451,2012.REP.NOM.PATAKI,George Pataki to be Republican Presidential Nominee in 2012,13,0.3,Mar/15/2011 11:44:43
698451,2012.REP.NOM.PATAKI,George Pataki to be Republican Presidential Nominee in 2012,41,0.2,Mar/23/2011 11:18:28
698451,2012.REP.NOM.PATAKI,George Pataki to be Republican Presidential Nominee in 2012,5,0.2,Mar/23/2011 11:18:28
698451,2012.REP.NOM.PATAKI,George Pataki to be Republican Presidential Nominee in 2012,200,0.2,Mar/23/2011 14:21:28
698451,2012.REP.NOM.PATAKI,George Pataki to be Republican Presidential Nominee in 2012,7,0.2,Mar/23/2011 14:26:54
698451,2012.REP.NOM.PATAKI,George Pataki to be Republican Presidential Nominee in 2012,7,0.3,Mar/23/2011 14:28:06
698451,2012.REP.NOM.PATAKI,George Pataki to be Republican Presidential Nominee in 2012,20,0.3,Mar/23/2011 14:28:06
698451,2012.REP.NOM.PATAKI,George Pataki to be Republican Presidential Nominee in 2012,20,0.3,Mar/23/2011 14:28:06
698451,2012.REP.NOM.PATAKI,George Pataki to be Republican Presidential Nominee in 2012,20,0.3,Mar/23/2011 14:28:06
698451,2012.REP.NOM.PATAKI,George Pataki to be Republican Presidential Nominee in 2012,15,0.3,Mar/23/2011 14:28:06
698451,2012.REP.NOM.PATAKI,George Pataki to be Republican Presidential Nominee in 2012,18,0.3,Mar/23/2011 14:28:06
698451,2012.REP.NOM.PATAKI,George Pataki to be Republican Presidential Nominee in 2012,15,0.1,Mar/29/2011 11:49:05
698451,2012.REP.NOM.PATAKI,George Pataki to be Republican Presidential Nominee in 2012,292,0.1,Mar/29/2011 11:49:05
698451,2012.REP.NOM.PATAKI,George Pataki to be Republican Presidential Nominee in 2012,14,0.2,Mar/29/2011 14:39:52
698451,2012.REP.NOM.PATAKI,George Pataki to be Republican Presidential Nominee in 2012,286,0.2,Mar/29/2011 14:39:52
698451,2012.REP.NOM.PATAKI,George Pataki to be Republican Presidential Nominee in 2012,10,0.2,Mar/29/2011 14:49:53
698451,2012.REP.NOM.PATAKI,George Pataki to be Republican Presidential Nominee in 2012,490,0.2,Mar/30/2011 13:43:59
698451,2012.REP.NOM.PATAKI,George Pataki to be Republican Presidential Nominee in 2012,10,0.2,Mar/30/2011 13:43:59
698451,2012.REP.NOM.PATAKI,George Pataki to be Republican Presidential Nominee in 2012,10,0.2,Mar/30/2011 19:44:21
698451,2012.REP.NOM.PATAKI,George Pataki to be Republican Presidential Nominee in 2012,45,0.3,Mar/30/2011 19:45:57
698451,2012.REP.NOM.PATAKI,George Pataki to be Republican Presidential Nominee in 2012,1,0.3,Mar/30/2011 19:45:57
698451,2012.REP.NOM.PATAKI,George Pataki to be Republican Presidential Nominee in 2012,57,0.2,Apr/02/2011 04:43:01
698451,2012.REP.NOM.PATAKI,George Pataki to be Republican Presidential Nominee in 2012,25,0.2,Apr/02/2011 04:43:01
698451,2012.REP.NOM.PATAKI,George Pataki to be Republican Presidential Nominee in 2012,16,0.2,Apr/02/2011 12:56:52
698451,2012.REP.NOM.PATAKI,George Pataki to be Republican Presidential Nominee in 2012,9,0.2,Apr/02/2011 16:32:27
698451,2012.REP.NOM.PATAKI,George Pataki to be Republican Presidential Nominee in 2012,11,0.2,Apr/02/2011 16:32:27
698451,2012.REP.NOM.PATAKI,George Pataki to be Republican Presidential Nominee in 2012,20,0.2,Apr/03/2011 16:23:38
698451,2012.REP.NOM.PATAKI,George Pataki to be Republican Presidential Nominee in 2012,19,0.2,Apr/03/2011 21:03:45
698451,2012.REP.NOM.PATAKI,George Pataki to be Republican Presidential Nominee in 2012,1,0.2,Apr/03/2011 21:03:45
698451,2012.REP.NOM.PATAKI,George Pataki to be Republican Presidential Nominee in 2012,20,0.2,Apr/04/2011 22:10:44
698451,2012.REP.NOM.PATAKI,George Pataki to be Republican Presidential Nominee in 2012,4,0.2,Apr/05/2011 14:27:22
698451,2012.REP.NOM.PATAKI,George Pataki to be Republican Presidential Nominee in 2012,16,0.2,Apr/05/2011 14:27:22
698451,2012.REP.NOM.PATAKI,George Pataki to be Republican Presidential Nominee in 2012,20,0.2,Apr/05/2011 17:24:50
698451,2012.REP.NOM.PATAKI,George Pataki to be Republican Presidential Nominee in 2012,14,0.2,Apr/05/2011 21:26:45
698451,2012.REP.NOM.PATAKI,George Pataki to be Republican Presidential Nominee in 2012,6,0.2,Apr/05/2011 21:26:45
698451,2012.REP.NOM.PATAKI,George Pataki to be Republican Presidential Nominee in 2012,20,0.2,Apr/06/2011 20:11:12
698451,2012.REP.NOM.PATAKI,George Pataki to be Republican Presidential Nominee in 2012,20,0.2,Apr/06/2011 23:05:24
698451,2012.REP.NOM.PATAKI,George Pataki to be Republican Presidential Nominee in 2012,4,0.2,Apr/06/2011 23:35:17
698451,2012.REP.NOM.PATAKI,George Pataki to be Republican Presidential Nominee in 2012,36,0.2,Apr/06/2011 23:35:17
698451,2012.REP.NOM.PATAKI,George Pataki to be Republican Presidential Nominee in 2012,20,0.2,Apr/07/2011 02:04:02
698451,2012.REP.NOM.PATAKI,George Pataki to be Republican Presidential Nominee in 2012,20,0.2,Apr/07/2011 14:09:41
698451,2012.REP.NOM.PATAKI,George Pataki to be Republican Presidential Nominee in 2012,20,0.2,Apr/07/2011 15:49:54
698451,2012.REP.NOM.PATAKI,George Pataki to be Republican Presidential Nominee in 2012,100,0.3,Apr/07/2011 15:52:48
698451,2012.REP.NOM.PATAKI,George Pataki to be Republican Presidential Nominee in 2012,55,0.3,Apr/07/2011 15:52:48
698451,2012.REP.NOM.PATAKI,George Pataki to be Republican Presidential Nominee in 2012,10,0.3,Apr/07/2011 15:52:48
698451,2012.REP.NOM.PATAKI,George Pataki to be Republican Presidential Nominee in 2012,11,0.3,Apr/07/2011 15:52:48
698451,2012.REP.NOM.PATAKI,George Pataki to be Republican Presidential Nominee in 2012,1,0.4,Apr/07/2011 15:59:40
698451,2012.REP.NOM.PATAKI,George Pataki to be Republican Presidential Nominee in 2012,10,0.4,Apr/07/2011 15:59:40
698451,2012.REP.NOM.PATAKI,George Pataki to be Republican Presidential Nominee in 2012,1,0.4,Apr/07/2011 15:59:40
698451,2012.REP.NOM.PATAKI,George Pataki to be Republican Presidential Nominee in 2012,12,0.5,Apr/07/2011 15:59:59
698451,2012.REP.NOM.PATAKI,George Pataki to be Republican Presidential Nominee in 2012,20,0.3,Apr/08/2011 14:28:09
698451,2012.REP.NOM.PATAKI,George Pataki to be Republican Presidential Nominee in 2012,5,0.3,Apr/08/2011 22:13:12
698451,2012.REP.NOM.PATAKI,George Pataki to be Republican Presidential Nominee in 2012,15,0.3,Apr/08/2011 22:13:12
698451,2012.REP.NOM.PATAKI,George Pataki to be Republican Presidential Nominee in 2012,20,0.3,Apr/09/2011 00:59:31
698451,2012.REP.NOM.PATAKI,George Pataki to be Republican Presidential Nominee in 2012,20,0.3,Apr/09/2011 01:27:52
698451,2012.REP.NOM.PATAKI,George Pataki to be Republican Presidential Nominee in 2012,20,0.3,Apr/09/2011 20:05:09
698451,2012.REP.NOM.PATAKI,George Pataki to be Republican Presidential Nominee in 2012,4,0.2,Apr/12/2011 02:11:02
698451,2012.REP.NOM.PATAKI,George Pataki to be Republican Presidential Nominee in 2012,16,0.2,Apr/12/2011 02:11:02
698451,2012.REP.NOM.PATAKI,George Pataki to be Republican Presidential Nominee in 2012,25,0.2,Apr/12/2011 19:01:45
698451,2012.REP.NOM.PATAKI,George Pataki to be Republican Presidential Nominee in 2012,20,0.2,Apr/12/2011 21:50:28
698451,2012.REP.NOM.PATAKI,George Pataki to be Republican Presidential Nominee in 2012,20,0.2,Apr/13/2011 02:03:19
698451,2012.REP.NOM.PATAKI,George Pataki to be Republican Presidential Nominee in 2012,20,0.2,Apr/13/2011 18:22:42
698451,2012.REP.NOM.PATAKI,George Pataki to be Republican Presidential Nominee in 2012,20,0.2,Apr/13/2011 21:28:27
698451,2012.REP.NOM.PATAKI,George Pataki to be Republican Presidential Nominee in 2012,1,0.3,Apr/14/2011 02:01:28
698451,2012.REP.NOM.PATAKI,George Pataki to be Republican Presidential Nominee in 2012,20,0.2,Apr/14/2011 21:29:17
698451,2012.REP.NOM.PATAKI,George Pataki to be Republican Presidential Nominee in 2012,20,0.2,Apr/15/2011 02:13:22
698451,2012.REP.NOM.PATAKI,George Pataki to be Republican Presidential Nominee in 2012,20,0.2,Apr/15/2011 17:08:41
698451,2012.REP.NOM.PATAKI,George Pataki to be Republican Presidential Nominee in 2012,19,0.2,Apr/16/2011 15:31:39
698451,2012.REP.NOM.PATAKI,George Pataki to be Republican Presidential Nominee in 2012,1,0.2,Apr/16/2011 15:31:39
698451,2012.REP.NOM.PATAKI,George Pataki to be Republican Presidential Nominee in 2012,20,0.2,Apr/17/2011 15:28:55
698451,2012.REP.NOM.PATAKI,George Pataki to be Republican Presidential Nominee in 2012,4,0.2,Apr/17/2011 23:26:12
698451,2012.REP.NOM.PATAKI,George Pataki to be Republican Presidential Nominee in 2012,71,0.2,Apr/18/2011 13:51:50
698451,2012.REP.NOM.PATAKI,George Pataki to be Republican Presidential Nominee in 2012,40,0.2,Apr/18/2011 13:51:50
698451,2012.REP.NOM.PATAKI,George Pataki to be Republican Presidential Nominee in 2012,708,0.1,Apr/21/2011 02:56:32
698451,2012.REP.NOM.PATAKI,George Pataki to be Republican Presidential Nominee in 2012,792,0.1,Apr/21/2011 02:56:32
698451,2012.REP.NOM.PATAKI,George Pataki to be Republican Presidential Nominee in 2012,20,0.1,Apr/21/2011 03:04:14
698451,2012.REP.NOM.PATAKI,George Pataki to be Republican Presidential Nominee in 2012,151,0.1,Apr/21/2011 03:04:14
698451,2012.REP.NOM.PATAKI,George Pataki to be Republican Presidential Nominee in 2012,617,0.1,Apr/21/2011 04:05:49
698451,2012.REP.NOM.PATAKI,George Pataki to be Republican Presidential Nominee in 2012,20,0.1,Apr/22/2011 02:34:54
698451,2012.REP.NOM.PATAKI,George Pataki to be Republican Presidential Nominee in 2012,10,0.1,Apr/22/2011 17:29:56
698451,2012.REP.NOM.PATAKI,George Pataki to be Republican Presidential Nominee in 2012,10,0.1,Apr/23/2011 19:25:06
698451,2012.REP.NOM.PATAKI,George Pataki to be Republican Presidential Nominee in 2012,40,0.1,Apr/26/2011 16:22:53
698451,2012.REP.NOM.PATAKI,George Pataki to be Republican Presidential Nominee in 2012,40,0.1,Apr/27/2011 01:20:58
698451,2012.REP.NOM.PATAKI,George Pataki to be Republican Presidential Nominee in 2012,20,0.1,Apr/29/2011 15:21:25
698451,2012.REP.NOM.PATAKI,George Pataki to be Republican Presidential Nominee in 2012,20,0.1,Apr/30/2011 15:34:26
698451,2012.REP.NOM.PATAKI,George Pataki to be Republican Presidential Nominee in 2012,20,0.1,May/01/2011 21:49:50
698451,2012.REP.NOM.PATAKI,George Pataki to be Republican Presidential Nominee in 2012,20,0.1,May/03/2011 20:55:44
698451,2012.REP.NOM.PATAKI,George Pataki to be Republican Presidential Nominee in 2012,60,0.1,May/04/2011 17:45:05
698451,2012.REP.NOM.PATAKI,George Pataki to be Republican Presidential Nominee in 2012,20,0.1,May/07/2011 19:32:35
698451,2012.REP.NOM.PATAKI,George Pataki to be Republican Presidential Nominee in 2012,11,0.1,May/08/2011 01:49:34
698451,2012.REP.NOM.PATAKI,George Pataki to be Republican Presidential Nominee in 2012,9,0.1,May/08/2011 01:49:34
698451,2012.REP.NOM.PATAKI,George Pataki to be Republican Presidential Nominee in 2012,10,0.1,May/08/2011 17:54:27
698451,2012.REP.NOM.PATAKI,George Pataki to be Republican Presidential Nominee in 2012,30,0.1,May/09/2011 22:09:57
698451,2012.REP.NOM.PATAKI,George Pataki to be Republican Presidential Nominee in 2012,60,0.1,May/10/2011 23:15:45
698451,2012.REP.NOM.PATAKI,George Pataki to be Republican Presidential Nominee in 2012,60,0.1,May/12/2011 00:53:34
698451,2012.REP.NOM.PATAKI,George Pataki to be Republican Presidential Nominee in 2012,40,0.1,May/13/2011 14:46:47
698451,2012.REP.NOM.PATAKI,George Pataki to be Republican Presidential Nominee in 2012,40,0.1,May/13/2011 18:26:33
698451,2012.REP.NOM.PATAKI,George Pataki to be Republican Presidential Nominee in 2012,10,0.1,May/13/2011 18:50:53
698451,2012.REP.NOM.PATAKI,George Pataki to be Republican Presidential Nominee in 2012,10,0.1,May/13/2011 18:53:27
698451,2012.REP.NOM.PATAKI,George Pataki to be Republican Presidential Nominee in 2012,10,0.1,May/13/2011 20:08:24
698451,2012.REP.NOM.PATAKI,George Pataki to be Republican Presidential Nominee in 2012,10,0.1,May/13/2011 21:24:16
698451,2012.REP.NOM.PATAKI,George Pataki to be Republican Presidential Nominee in 2012,10,0.1,May/13/2011 21:31:46
698451,2012.REP.NOM.PATAKI,George Pataki to be Republican Presidential Nominee in 2012,20,0.1,May/14/2011 00:33:10
698451,2012.REP.NOM.PATAKI,George Pataki to be Republican Presidential Nominee in 2012,10,0.1,May/14/2011 03:46:03
698451,2012.REP.NOM.PATAKI,George Pataki to be Republican Presidential Nominee in 2012,10,0.1,May/14/2011 04:47:45
698451,2012.REP.NOM.PATAKI,George Pataki to be Republican Presidential Nominee in 2012,10,0.1,May/14/2011 04:48:56
698451,2012.REP.NOM.PATAKI,George Pataki to be Republican Presidential Nominee in 2012,40,0.1,May/14/2011 21:21:40
698451,2012.REP.NOM.PATAKI,George Pataki to be Republican Presidential Nominee in 2012,30,0.1,May/15/2011 03:31:43
698451,2012.REP.NOM.PATAKI,George Pataki to be Republican Presidential Nominee in 2012,60,0.1,May/15/2011 07:37:28
698451,2012.REP.NOM.PATAKI,George Pataki to be Republican Presidential Nominee in 2012,20,0.1,May/15/2011 15:37:39
698451,2012.REP.NOM.PATAKI,George Pataki to be Republican Presidential Nominee in 2012,10,0.1,May/15/2011 21:00:13
698451,2012.REP.NOM.PATAKI,George Pataki to be Republican Presidential Nominee in 2012,50,0.1,May/15/2011 21:47:27
698451,2012.REP.NOM.PATAKI,George Pataki to be Republican Presidential Nominee in 2012,5,0.1,May/15/2011 22:39:16
698451,2012.REP.NOM.PATAKI,George Pataki to be Republican Presidential Nominee in 2012,10,0.1,May/16/2011 14:17:31
698451,2012.REP.NOM.PATAKI,George Pataki to be Republican Presidential Nominee in 2012,30,0.1,May/16/2011 14:39:09
698451,2012.REP.NOM.PATAKI,George Pataki to be Republican Presidential Nominee in 2012,60,0.1,May/16/2011 17:32:04
698451,2012.REP.NOM.PATAKI,George Pataki to be Republican Presidential Nominee in 2012,10,0.1,May/17/2011 02:09:21
698451,2012.REP.NOM.PATAKI,George Pataki to be Republican Presidential Nominee in 2012,20,0.1,May/17/2011 15:30:57
698451,2012.REP.NOM.PATAKI,George Pataki to be Republican Presidential Nominee in 2012,40,0.1,May/18/2011 00:19:12
698451,2012.REP.NOM.PATAKI,George Pataki to be Republican Presidential Nominee in 2012,30,0.1,May/18/2011 02:13:53
698451,2012.REP.NOM.PATAKI,George Pataki to be Republican Presidential Nominee in 2012,90,0.1,May/18/2011 23:24:16
698451,2012.REP.NOM.PATAKI,George Pataki to be Republican Presidential Nominee in 2012,50,0.1,May/19/2011 22:00:08
698451,2012.REP.NOM.PATAKI,George Pataki to be Republican Presidential Nominee in 2012,96,0.1,May/20/2011 00:22:25
698451,2012.REP.NOM.PATAKI,George Pataki to be Republican Presidential Nominee in 2012,90,0.1,May/23/2011 16:39:37
698451,2012.REP.NOM.PATAKI,George Pataki to be Republican Presidential Nominee in 2012,10,0.1,May/23/2011 16:39:37
698451,2012.REP.NOM.PATAKI,George Pataki to be Republican Presidential Nominee in 2012,189,0.1,May/23/2011 19:25:43
698451,2012.REP.NOM.PATAKI,George Pataki to be Republican Presidential Nominee in 2012,190,0.1,May/23/2011 19:25:43
698451,2012.REP.NOM.PATAKI,George Pataki to be Republican Presidential Nominee in 2012,160,0.1,May/23/2011 19:25:43
698451,2012.REP.NOM.PATAKI,George Pataki to be Republican Presidential Nominee in 2012,120,0.1,May/23/2011 19:25:43
698451,2012.REP.NOM.PATAKI,George Pataki to be Republican Presidential Nominee in 2012,90,0.1,May/23/2011 19:25:43
698451,2012.REP.NOM.PATAKI,George Pataki to be Republican Presidential Nominee in 2012,100,0.1,May/24/2011 14:20:03
698451,2012.REP.NOM.PATAKI,George Pataki to be Republican Presidential Nominee in 2012,100,0.2,May/24/2011 21:36:50
698451,2012.REP.NOM.PATAKI,George Pataki to be Republican Presidential Nominee in 2012,73,0.2,May/24/2011 21:36:50
698451,2012.REP.NOM.PATAKI,George Pataki to be Republican Presidential Nominee in 2012,10,0.2,May/24/2011 21:36:50
698451,2012.REP.NOM.PATAKI,George Pataki to be Republican Presidential Nominee in 2012,10,0.2,May/24/2011 21:36:50
698451,2012.REP.NOM.PATAKI,George Pataki to be Republican Presidential Nominee in 2012,87,0.2,May/24/2011 21:36:50
698451,2012.REP.NOM.PATAKI,George Pataki to be Republican Presidential Nominee in 2012,12,0.2,May/24/2011 21:36:50
698451,2012.REP.NOM.PATAKI,George Pataki to be Republican Presidential Nominee in 2012,100,0.2,May/24/2011 21:36:50
698451,2012.REP.NOM.PATAKI,George Pataki to be Republican Presidential Nominee in 2012,20,0.2,May/24/2011 21:36:50
698451,2012.REP.NOM.PATAKI,George Pataki to be Republican Presidential Nominee in 2012,50,0.3,May/24/2011 21:38:19
698451,2012.REP.NOM.PATAKI,George Pataki to be Republican Presidential Nominee in 2012,30,0.3,May/24/2011 21:38:19
698451,2012.REP.NOM.PATAKI,George Pataki to be Republican Presidential Nominee in 2012,10,0.4,May/24/2011 21:38:54
698451,2012.REP.NOM.PATAKI,George Pataki to be Republican Presidential Nominee in 2012,100,0.4,May/24/2011 21:38:54
698451,2012.REP.NOM.PATAKI,George Pataki to be Republican Presidential Nominee in 2012,20,0.4,May/24/2011 21:38:54
698451,2012.REP.NOM.PATAKI,George Pataki to be Republican Presidential Nominee in 2012,10,0.4,May/24/2011 22:16:13
698451,2012.REP.NOM.PATAKI,George Pataki to be Republican Presidential Nominee in 2012,18,0.4,May/24/2011 23:36:18
698451,2012.REP.NOM.PATAKI,George Pataki to be Republican Presidential Nominee in 2012,10,0.3,May/25/2011 14:39:03
698451,2012.REP.NOM.PATAKI,George Pataki to be Republican Presidential Nominee in 2012,10,0.3,May/25/2011 14:39:03
698451,2012.REP.NOM.PATAKI,George Pataki to be Republican Presidential Nominee in 2012,8,0.3,May/25/2011 21:25:29
698451,2012.REP.NOM.PATAKI,George Pataki to be Republican Presidential Nominee in 2012,10,0.2,May/25/2011 22:46:58
698451,2012.REP.NOM.PATAKI,George Pataki to be Republican Presidential Nominee in 2012,50,0.2,May/26/2011 12:06:58
698451,2012.REP.NOM.PATAKI,George Pataki to be Republican Presidential Nominee in 2012,39,0.2,May/26/2011 12:06:58
698451,2012.REP.NOM.PATAKI,George Pataki to be Republican Presidential Nominee in 2012,1,0.2,May/26/2011 12:06:58
698451,2012.REP.NOM.PATAKI,George Pataki to be Republican Presidential Nominee in 2012,9,0.2,May/26/2011 17:37:36
698451,2012.REP.NOM.PATAKI,George Pataki to be Republican Presidential Nominee in 2012,10,0.2,May/26/2011 17:37:36
698451,2012.REP.NOM.PATAKI,George Pataki to be Republican Presidential Nominee in 2012,1,0.2,May/26/2011 17:37:36
698451,2012.REP.NOM.PATAKI,George Pataki to be Republican Presidential Nominee in 2012,9,0.2,May/26/2011 19:11:22
698451,2012.REP.NOM.PATAKI,George Pataki to be Republican Presidential Nominee in 2012,10,0.2,May/26/2011 19:11:22
698451,2012.REP.NOM.PATAKI,George Pataki to be Republican Presidential Nominee in 2012,1,0.2,May/26/2011 19:11:22
698451,2012.REP.NOM.PATAKI,George Pataki to be Republican Presidential Nominee in 2012,30,0.1,May/27/2011 18:07:22
698451,2012.REP.NOM.PATAKI,George Pataki to be Republican Presidential Nominee in 2012,9,0.2,May/29/2011 00:31:30
698451,2012.REP.NOM.PATAKI,George Pataki to be Republican Presidential Nominee in 2012,10,0.2,May/29/2011 00:31:30
698451,2012.REP.NOM.PATAKI,George Pataki to be Republican Presidential Nominee in 2012,10,0.2,May/29/2011 00:31:30
698451,2012.REP.NOM.PATAKI,George Pataki to be Republican Presidential Nominee in 2012,10,0.2,May/29/2011 00:31:30
698451,2012.REP.NOM.PATAKI,George Pataki to be Republican Presidential Nominee in 2012,10,0.2,May/29/2011 00:31:30
698451,2012.REP.NOM.PATAKI,George Pataki to be Republican Presidential Nominee in 2012,10,0.2,May/29/2011 00:31:30
698451,2012.REP.NOM.PATAKI,George Pataki to be Republican Presidential Nominee in 2012,132,0.2,May/29/2011 00:31:30
698451,2012.REP.NOM.PATAKI,George Pataki to be Republican Presidential Nominee in 2012,5,0.2,May/29/2011 18:18:26
698451,2012.REP.NOM.PATAKI,George Pataki to be Republican Presidential Nominee in 2012,10,0.2,May/29/2011 18:18:26
698451,2012.REP.NOM.PATAKI,George Pataki to be Republican Presidential Nominee in 2012,19,0.2,May/29/2011 18:18:26
698451,2012.REP.NOM.PATAKI,George Pataki to be Republican Presidential Nominee in 2012,16,0.2,May/29/2011 18:18:26
698451,2012.REP.NOM.PATAKI,George Pataki to be Republican Presidential Nominee in 2012,4,0.2,May/30/2011 05:00:45
698451,2012.REP.NOM.PATAKI,George Pataki to be Republican Presidential Nominee in 2012,60,0.2,May/30/2011 05:00:45
698451,2012.REP.NOM.PATAKI,George Pataki to be Republican Presidential Nominee in 2012,22,0.3,May/30/2011 05:22:55
698451,2012.REP.NOM.PATAKI,George Pataki to be Republican Presidential Nominee in 2012,20,0.3,May/30/2011 05:22:55
698451,2012.REP.NOM.PATAKI,George Pataki to be Republican Presidential Nominee in 2012,2,0.3,May/30/2011 15:29:43
698451,2012.REP.NOM.PATAKI,George Pataki to be Republican Presidential Nominee in 2012,8,0.3,May/30/2011 15:29:43
698451,2012.REP.NOM.PATAKI,George Pataki to be Republican Presidential Nominee in 2012,36,0.2,May/30/2011 15:59:24
698451,2012.REP.NOM.PATAKI,George Pataki to be Republican Presidential Nominee in 2012,2,0.3,May/30/2011 20:46:02
698451,2012.REP.NOM.PATAKI,George Pataki to be Republican Presidential Nominee in 2012,48,0.3,May/30/2011 20:46:02
698451,2012.REP.NOM.PATAKI,George Pataki to be Republican Presidential Nominee in 2012,31,0.3,May/30/2011 22:36:49
698451,2012.REP.NOM.PATAKI,George Pataki to be Republican Presidential Nominee in 2012,5,0.3,May/30/2011 22:36:49
698451,2012.REP.NOM.PATAKI,George Pataki to be Republican Presidential Nominee in 2012,5,0.3,May/31/2011 02:26:51
698451,2012.REP.NOM.PATAKI,George Pataki to be Republican Presidential Nominee in 2012,5,0.3,May/31/2011 02:26:51
698451,2012.REP.NOM.PATAKI,George Pataki to be Republican Presidential Nominee in 2012,97,0.2,May/31/2011 11:09:43
698451,2012.REP.NOM.PATAKI,George Pataki to be Republican Presidential Nominee in 2012,50,0.2,May/31/2011 11:09:43
698451,2012.REP.NOM.PATAKI,George Pataki to be Republican Presidential Nominee in 2012,53,0.2,May/31/2011 11:09:43
698451,2012.REP.NOM.PATAKI,George Pataki to be Republican Presidential Nominee in 2012,169,0.2,May/31/2011 11:11:09
698451,2012.REP.NOM.PATAKI,George Pataki to be Republican Presidential Nominee in 2012,20,0.2,May/31/2011 16:59:47
698451,2012.REP.NOM.PATAKI,George Pataki to be Republican Presidential Nominee in 2012,150,0.2,May/31/2011 17:05:17
698451,2012.REP.NOM.PATAKI,George Pataki to be Republican Presidential Nominee in 2012,10,0.2,May/31/2011 18:10:17
698451,2012.REP.NOM.PATAKI,George Pataki to be Republican Presidential Nominee in 2012,5,0.3,May/31/2011 20:32:48
698451,2012.REP.NOM.PATAKI,George Pataki to be Republican Presidential Nominee in 2012,31,0.3,May/31/2011 20:32:48
698451,2012.REP.NOM.PATAKI,George Pataki to be Republican Presidential Nominee in 2012,10,0.3,May/31/2011 20:32:48
698451,2012.REP.NOM.PATAKI,George Pataki to be Republican Presidential Nominee in 2012,80,0.3,May/31/2011 20:32:48
698451,2012.REP.NOM.PATAKI,George Pataki to be Republican Presidential Nominee in 2012,20,0.3,May/31/2011 21:22:47
698451,2012.REP.NOM.PATAKI,George Pataki to be Republican Presidential Nominee in 2012,30,0.3,May/31/2011 21:22:47
698451,2012.REP.NOM.PATAKI,George Pataki to be Republican Presidential Nominee in 2012,10,0.3,Jun/01/2011 01:13:12
698451,2012.REP.NOM.PATAKI,George Pataki to be Republican Presidential Nominee in 2012,10,0.3,Jun/01/2011 01:57:33
698451,2012.REP.NOM.PATAKI,George Pataki to be Republican Presidential Nominee in 2012,10,0.3,Jun/01/2011 01:57:33
698451,2012.REP.NOM.PATAKI,George Pataki to be Republican Presidential Nominee in 2012,10,0.3,Jun/01/2011 15:08:14
698451,2012.REP.NOM.PATAKI,George Pataki to be Republican Presidential Nominee in 2012,20,0.3,Jun/01/2011 15:55:58
698451,2012.REP.NOM.PATAKI,George Pataki to be Republican Presidential Nominee in 2012,100,0.3,Jun/01/2011 19:58:50
698451,2012.REP.NOM.PATAKI,George Pataki to be Republican Presidential Nominee in 2012,10,0.3,Jun/01/2011 21:40:38
698451,2012.REP.NOM.PATAKI,George Pataki to be Republican Presidential Nominee in 2012,10,0.3,Jun/02/2011 01:03:25
698451,2012.REP.NOM.PATAKI,George Pataki to be Republican Presidential Nominee in 2012,4,0.4,Jun/02/2011 14:18:44
698451,2012.REP.NOM.PATAKI,George Pataki to be Republican Presidential Nominee in 2012,20,0.4,Jun/02/2011 14:18:44
698451,2012.REP.NOM.PATAKI,George Pataki to be Republican Presidential Nominee in 2012,1,0.4,Jun/02/2011 14:18:44
698451,2012.REP.NOM.PATAKI,George Pataki to be Republican Presidential Nominee in 2012,75,0.4,Jun/02/2011 14:19:26
698451,2012.REP.NOM.PATAKI,George Pataki to be Republican Presidential Nominee in 2012,20,0.5,Jun/02/2011 14:24:55
698451,2012.REP.NOM.PATAKI,George Pataki to be Republican Presidential Nominee in 2012,15,0.5,Jun/02/2011 14:24:55
698451,2012.REP.NOM.PATAKI,George Pataki to be Republican Presidential Nominee in 2012,25,0.5,Jun/02/2011 14:24:55
698451,2012.REP.NOM.PATAKI,George Pataki to be Republican Presidential Nominee in 2012,24,0.4,Jun/02/2011 14:24:55
698451,2012.REP.NOM.PATAKI,George Pataki to be Republican Presidential Nominee in 2012,19,0.4,Jun/02/2011 14:24:55
698451,2012.REP.NOM.PATAKI,George Pataki to be Republican Presidential Nominee in 2012,50,0.6,Jun/02/2011 17:51:34
698451,2012.REP.NOM.PATAKI,George Pataki to be Republican Presidential Nominee in 2012,10,0.5,Jun/02/2011 17:51:34
698451,2012.REP.NOM.PATAKI,George Pataki to be Republican Presidential Nominee in 2012,10,0.7,Jun/02/2011 17:52:09
698451,2012.REP.NOM.PATAKI,George Pataki to be Republican Presidential Nominee in 2012,30,0.8,Jun/02/2011 17:52:09
698451,2012.REP.NOM.PATAKI,George Pataki to be Republican Presidential Nominee in 2012,20,0.6,Jun/02/2011 17:52:09
698451,2012.REP.NOM.PATAKI,George Pataki to be Republican Presidential Nominee in 2012,10,0.9,Jun/02/2011 17:53:33
