market id,market symbol,market name,trade quantity,trade price,date/time [utc]
745220,2012.REP.NOM.CAIN,Herman Cain to be Republican Presidential Nominee in 2012,13,0.1,Jan/04/2011 19:45:53
745220,2012.REP.NOM.CAIN,Herman Cain to be Republican Presidential Nominee in 2012,100,0.2,Jan/04/2011 20:27:45
745220,2012.REP.NOM.CAIN,Herman Cain to be Republican Presidential Nominee in 2012,50,0.5,Jan/04/2011 20:28:25
745220,2012.REP.NOM.CAIN,Herman Cain to be Republican Presidential Nominee in 2012,20,0.3,Jan/05/2011 01:00:37
745220,2012.REP.NOM.CAIN,Herman Cain to be Republican Presidential Nominee in 2012,25,0.2,Jan/05/2011 19:59:52
745220,2012.REP.NOM.CAIN,Herman Cain to be Republican Presidential Nominee in 2012,10,0.2,Jan/05/2011 22:28:38
745220,2012.REP.NOM.CAIN,Herman Cain to be Republican Presidential Nominee in 2012,10,0.2,Jan/07/2011 14:48:05
745220,2012.REP.NOM.CAIN,Herman Cain to be Republican Presidential Nominee in 2012,10,0.2,Jan/08/2011 01:48:36
745220,2012.REP.NOM.CAIN,Herman Cain to be Republican Presidential Nominee in 2012,10,0.2,Jan/08/2011 02:39:21
745220,2012.REP.NOM.CAIN,Herman Cain to be Republican Presidential Nominee in 2012,1,0.2,Jan/08/2011 17:40:18
745220,2012.REP.NOM.CAIN,Herman Cain to be Republican Presidential Nominee in 2012,6,0.2,Jan/08/2011 17:40:25
745220,2012.REP.NOM.CAIN,Herman Cain to be Republican Presidential Nominee in 2012,1,0.2,Jan/08/2011 17:47:44
745220,2012.REP.NOM.CAIN,Herman Cain to be Republican Presidential Nominee in 2012,2,0.2,Jan/08/2011 17:47:50
745220,2012.REP.NOM.CAIN,Herman Cain to be Republican Presidential Nominee in 2012,10,0.2,Jan/08/2011 17:47:56
745220,2012.REP.NOM.CAIN,Herman Cain to be Republican Presidential Nominee in 2012,2,0.2,Jan/08/2011 17:48:02
745220,2012.REP.NOM.CAIN,Herman Cain to be Republican Presidential Nominee in 2012,4,0.2,Jan/08/2011 17:48:08
745220,2012.REP.NOM.CAIN,Herman Cain to be Republican Presidential Nominee in 2012,3,0.2,Jan/08/2011 17:48:14
745220,2012.REP.NOM.CAIN,Herman Cain to be Republican Presidential Nominee in 2012,1,0.2,Jan/08/2011 17:48:20
745220,2012.REP.NOM.CAIN,Herman Cain to be Republican Presidential Nominee in 2012,2,0.2,Jan/08/2011 17:48:26
745220,2012.REP.NOM.CAIN,Herman Cain to be Republican Presidential Nominee in 2012,1,0.2,Jan/08/2011 17:48:32
745220,2012.REP.NOM.CAIN,Herman Cain to be Republican Presidential Nominee in 2012,2,0.2,Jan/08/2011 17:48:38
745220,2012.REP.NOM.CAIN,Herman Cain to be Republican Presidential Nominee in 2012,4,0.1,Jan/08/2011 17:48:44
745220,2012.REP.NOM.CAIN,Herman Cain to be Republican Presidential Nominee in 2012,2,0.1,Jan/08/2011 17:48:50
745220,2012.REP.NOM.CAIN,Herman Cain to be Republican Presidential Nominee in 2012,1,0.1,Jan/08/2011 17:48:56
745220,2012.REP.NOM.CAIN,Herman Cain to be Republican Presidential Nominee in 2012,10,0.1,Jan/08/2011 17:49:02
745220,2012.REP.NOM.CAIN,Herman Cain to be Republican Presidential Nominee in 2012,10,0.2,Jan/08/2011 18:16:12
745220,2012.REP.NOM.CAIN,Herman Cain to be Republican Presidential Nominee in 2012,15,0.2,Jan/08/2011 20:14:20
745220,2012.REP.NOM.CAIN,Herman Cain to be Republican Presidential Nominee in 2012,10,0.2,Jan/09/2011 17:17:45
745220,2012.REP.NOM.CAIN,Herman Cain to be Republican Presidential Nominee in 2012,10,0.2,Jan/10/2011 03:09:59
745220,2012.REP.NOM.CAIN,Herman Cain to be Republican Presidential Nominee in 2012,10,0.2,Jan/10/2011 17:44:23
745220,2012.REP.NOM.CAIN,Herman Cain to be Republican Presidential Nominee in 2012,10,0.2,Jan/10/2011 18:11:42
745220,2012.REP.NOM.CAIN,Herman Cain to be Republican Presidential Nominee in 2012,10,0.2,Jan/10/2011 20:09:38
745220,2012.REP.NOM.CAIN,Herman Cain to be Republican Presidential Nominee in 2012,10,0.1,Jan/12/2011 18:45:05
745220,2012.REP.NOM.CAIN,Herman Cain to be Republican Presidential Nominee in 2012,10,0.1,Jan/12/2011 19:11:36
745220,2012.REP.NOM.CAIN,Herman Cain to be Republican Presidential Nominee in 2012,50,0.1,Jan/12/2011 19:17:06
745220,2012.REP.NOM.CAIN,Herman Cain to be Republican Presidential Nominee in 2012,10,0.1,Jan/12/2011 19:17:06
745220,2012.REP.NOM.CAIN,Herman Cain to be Republican Presidential Nominee in 2012,10,0.1,Jan/12/2011 20:02:44
745220,2012.REP.NOM.CAIN,Herman Cain to be Republican Presidential Nominee in 2012,25,0.1,Jan/12/2011 23:12:22
745220,2012.REP.NOM.CAIN,Herman Cain to be Republican Presidential Nominee in 2012,10,0.2,Jan/13/2011 01:59:19
745220,2012.REP.NOM.CAIN,Herman Cain to be Republican Presidential Nominee in 2012,10,0.2,Jan/13/2011 01:59:19
745220,2012.REP.NOM.CAIN,Herman Cain to be Republican Presidential Nominee in 2012,10,0.2,Jan/13/2011 01:59:19
745220,2012.REP.NOM.CAIN,Herman Cain to be Republican Presidential Nominee in 2012,10,0.2,Jan/13/2011 01:59:19
745220,2012.REP.NOM.CAIN,Herman Cain to be Republican Presidential Nominee in 2012,10,0.2,Jan/13/2011 01:59:19
745220,2012.REP.NOM.CAIN,Herman Cain to be Republican Presidential Nominee in 2012,8,0.2,Jan/13/2011 01:59:19
745220,2012.REP.NOM.CAIN,Herman Cain to be Republican Presidential Nominee in 2012,2,0.2,Jan/13/2011 02:01:37
745220,2012.REP.NOM.CAIN,Herman Cain to be Republican Presidential Nominee in 2012,5,0.1,Jan/13/2011 03:26:04
745220,2012.REP.NOM.CAIN,Herman Cain to be Republican Presidential Nominee in 2012,10,0.2,Jan/13/2011 05:25:57
745220,2012.REP.NOM.CAIN,Herman Cain to be Republican Presidential Nominee in 2012,38,0.2,Jan/13/2011 10:40:14
745220,2012.REP.NOM.CAIN,Herman Cain to be Republican Presidential Nominee in 2012,10,0.2,Jan/13/2011 10:40:14
745220,2012.REP.NOM.CAIN,Herman Cain to be Republican Presidential Nominee in 2012,2,0.2,Jan/13/2011 10:40:14
745220,2012.REP.NOM.CAIN,Herman Cain to be Republican Presidential Nominee in 2012,8,0.2,Jan/13/2011 18:20:41
745220,2012.REP.NOM.CAIN,Herman Cain to be Republican Presidential Nominee in 2012,10,0.2,Jan/13/2011 18:20:41
745220,2012.REP.NOM.CAIN,Herman Cain to be Republican Presidential Nominee in 2012,30,0.2,Jan/13/2011 18:20:41
745220,2012.REP.NOM.CAIN,Herman Cain to be Republican Presidential Nominee in 2012,10,0.2,Jan/13/2011 18:20:41
745220,2012.REP.NOM.CAIN,Herman Cain to be Republican Presidential Nominee in 2012,25,0.3,Jan/13/2011 18:21:44
745220,2012.REP.NOM.CAIN,Herman Cain to be Republican Presidential Nominee in 2012,10,0.3,Jan/13/2011 18:21:44
745220,2012.REP.NOM.CAIN,Herman Cain to be Republican Presidential Nominee in 2012,300,0.2,Jan/14/2011 18:08:20
745220,2012.REP.NOM.CAIN,Herman Cain to be Republican Presidential Nominee in 2012,50,0.3,Jan/14/2011 18:17:20
745220,2012.REP.NOM.CAIN,Herman Cain to be Republican Presidential Nominee in 2012,150,0.3,Jan/15/2011 03:31:11
745220,2012.REP.NOM.CAIN,Herman Cain to be Republican Presidential Nominee in 2012,250,0.3,Jan/15/2011 04:26:03
745220,2012.REP.NOM.CAIN,Herman Cain to be Republican Presidential Nominee in 2012,10,0.3,Jan/15/2011 04:26:03
745220,2012.REP.NOM.CAIN,Herman Cain to be Republican Presidential Nominee in 2012,10,0.3,Jan/17/2011 06:11:13
745220,2012.REP.NOM.CAIN,Herman Cain to be Republican Presidential Nominee in 2012,1,0.4,Jan/17/2011 17:24:59
745220,2012.REP.NOM.CAIN,Herman Cain to be Republican Presidential Nominee in 2012,499,0.4,Jan/17/2011 17:24:59
745220,2012.REP.NOM.CAIN,Herman Cain to be Republican Presidential Nominee in 2012,5,0.4,Jan/17/2011 18:08:21
745220,2012.REP.NOM.CAIN,Herman Cain to be Republican Presidential Nominee in 2012,5,0.4,Jan/19/2011 04:41:35
745220,2012.REP.NOM.CAIN,Herman Cain to be Republican Presidential Nominee in 2012,10,0.4,Jan/19/2011 04:41:35
745220,2012.REP.NOM.CAIN,Herman Cain to be Republican Presidential Nominee in 2012,10,0.4,Jan/19/2011 04:41:35
745220,2012.REP.NOM.CAIN,Herman Cain to be Republican Presidential Nominee in 2012,1,0.4,Jan/19/2011 13:52:57
745220,2012.REP.NOM.CAIN,Herman Cain to be Republican Presidential Nominee in 2012,1,0.4,Jan/19/2011 13:53:03
745220,2012.REP.NOM.CAIN,Herman Cain to be Republican Presidential Nominee in 2012,2,0.4,Jan/19/2011 13:53:34
745220,2012.REP.NOM.CAIN,Herman Cain to be Republican Presidential Nominee in 2012,1,0.4,Jan/20/2011 04:03:29
745220,2012.REP.NOM.CAIN,Herman Cain to be Republican Presidential Nominee in 2012,5,0.3,Jan/20/2011 15:03:55
745220,2012.REP.NOM.CAIN,Herman Cain to be Republican Presidential Nominee in 2012,4,0.3,Jan/20/2011 15:04:27
745220,2012.REP.NOM.CAIN,Herman Cain to be Republican Presidential Nominee in 2012,1,0.3,Jan/20/2011 15:07:50
745220,2012.REP.NOM.CAIN,Herman Cain to be Republican Presidential Nominee in 2012,1,0.3,Jan/20/2011 15:07:56
745220,2012.REP.NOM.CAIN,Herman Cain to be Republican Presidential Nominee in 2012,1,0.3,Jan/20/2011 15:08:26
745220,2012.REP.NOM.CAIN,Herman Cain to be Republican Presidential Nominee in 2012,1,0.3,Jan/20/2011 15:08:32
745220,2012.REP.NOM.CAIN,Herman Cain to be Republican Presidential Nominee in 2012,3,0.3,Jan/20/2011 15:09:07
745220,2012.REP.NOM.CAIN,Herman Cain to be Republican Presidential Nominee in 2012,2,0.3,Jan/20/2011 15:10:17
745220,2012.REP.NOM.CAIN,Herman Cain to be Republican Presidential Nominee in 2012,3,0.3,Jan/20/2011 15:10:23
745220,2012.REP.NOM.CAIN,Herman Cain to be Republican Presidential Nominee in 2012,3,0.3,Jan/20/2011 15:10:53
745220,2012.REP.NOM.CAIN,Herman Cain to be Republican Presidential Nominee in 2012,9,0.4,Jan/21/2011 14:57:42
745220,2012.REP.NOM.CAIN,Herman Cain to be Republican Presidential Nominee in 2012,10,0.4,Jan/21/2011 14:57:42
745220,2012.REP.NOM.CAIN,Herman Cain to be Republican Presidential Nominee in 2012,10,0.4,Jan/21/2011 14:57:42
745220,2012.REP.NOM.CAIN,Herman Cain to be Republican Presidential Nominee in 2012,11,0.4,Jan/21/2011 14:57:42
745220,2012.REP.NOM.CAIN,Herman Cain to be Republican Presidential Nominee in 2012,1,0.4,Jan/21/2011 19:22:27
745220,2012.REP.NOM.CAIN,Herman Cain to be Republican Presidential Nominee in 2012,4,0.4,Jan/21/2011 19:23:37
745220,2012.REP.NOM.CAIN,Herman Cain to be Republican Presidential Nominee in 2012,4,0.4,Jan/21/2011 19:24:08
745220,2012.REP.NOM.CAIN,Herman Cain to be Republican Presidential Nominee in 2012,1,0.4,Jan/21/2011 19:24:43
745220,2012.REP.NOM.CAIN,Herman Cain to be Republican Presidential Nominee in 2012,1,0.4,Jan/21/2011 19:26:13
745220,2012.REP.NOM.CAIN,Herman Cain to be Republican Presidential Nominee in 2012,2,0.4,Jan/21/2011 19:26:19
745220,2012.REP.NOM.CAIN,Herman Cain to be Republican Presidential Nominee in 2012,2,0.4,Jan/21/2011 19:26:21
745220,2012.REP.NOM.CAIN,Herman Cain to be Republican Presidential Nominee in 2012,10,0.4,Jan/21/2011 19:30:46
745220,2012.REP.NOM.CAIN,Herman Cain to be Republican Presidential Nominee in 2012,5,0.4,Jan/21/2011 21:32:53
745220,2012.REP.NOM.CAIN,Herman Cain to be Republican Presidential Nominee in 2012,2,0.4,Jan/21/2011 21:52:06
745220,2012.REP.NOM.CAIN,Herman Cain to be Republican Presidential Nominee in 2012,2,0.4,Jan/22/2011 00:01:33
745220,2012.REP.NOM.CAIN,Herman Cain to be Republican Presidential Nominee in 2012,8,0.4,Jan/22/2011 00:08:05
745220,2012.REP.NOM.CAIN,Herman Cain to be Republican Presidential Nominee in 2012,3,0.4,Jan/22/2011 00:08:11
745220,2012.REP.NOM.CAIN,Herman Cain to be Republican Presidential Nominee in 2012,10,0.4,Jan/22/2011 03:58:50
745220,2012.REP.NOM.CAIN,Herman Cain to be Republican Presidential Nominee in 2012,5,0.4,Jan/22/2011 04:06:16
745220,2012.REP.NOM.CAIN,Herman Cain to be Republican Presidential Nominee in 2012,1,0.3,Jan/23/2011 16:18:29
745220,2012.REP.NOM.CAIN,Herman Cain to be Republican Presidential Nominee in 2012,1,0.3,Jan/23/2011 16:19:00
745220,2012.REP.NOM.CAIN,Herman Cain to be Republican Presidential Nominee in 2012,1,0.3,Jan/23/2011 16:19:25
745220,2012.REP.NOM.CAIN,Herman Cain to be Republican Presidential Nominee in 2012,1,0.3,Jan/23/2011 16:19:32
745220,2012.REP.NOM.CAIN,Herman Cain to be Republican Presidential Nominee in 2012,1,0.3,Jan/23/2011 16:19:38
745220,2012.REP.NOM.CAIN,Herman Cain to be Republican Presidential Nominee in 2012,1,0.3,Jan/23/2011 16:19:59
745220,2012.REP.NOM.CAIN,Herman Cain to be Republican Presidential Nominee in 2012,1,0.3,Jan/23/2011 16:20:55
745220,2012.REP.NOM.CAIN,Herman Cain to be Republican Presidential Nominee in 2012,1,0.3,Jan/23/2011 16:21:00
745220,2012.REP.NOM.CAIN,Herman Cain to be Republican Presidential Nominee in 2012,1,0.3,Jan/23/2011 16:21:06
745220,2012.REP.NOM.CAIN,Herman Cain to be Republican Presidential Nominee in 2012,1,0.3,Jan/23/2011 16:21:43
745220,2012.REP.NOM.CAIN,Herman Cain to be Republican Presidential Nominee in 2012,5,0.4,Jan/23/2011 21:21:22
745220,2012.REP.NOM.CAIN,Herman Cain to be Republican Presidential Nominee in 2012,10,0.4,Jan/23/2011 21:21:22
745220,2012.REP.NOM.CAIN,Herman Cain to be Republican Presidential Nominee in 2012,10,0.4,Jan/23/2011 21:21:22
745220,2012.REP.NOM.CAIN,Herman Cain to be Republican Presidential Nominee in 2012,10,0.4,Jan/23/2011 21:21:22
745220,2012.REP.NOM.CAIN,Herman Cain to be Republican Presidential Nominee in 2012,60,0.4,Jan/23/2011 21:21:22
745220,2012.REP.NOM.CAIN,Herman Cain to be Republican Presidential Nominee in 2012,10,0.4,Jan/23/2011 21:21:22
745220,2012.REP.NOM.CAIN,Herman Cain to be Republican Presidential Nominee in 2012,50,0.5,Jan/23/2011 21:21:38
745220,2012.REP.NOM.CAIN,Herman Cain to be Republican Presidential Nominee in 2012,11,0.5,Jan/23/2011 21:21:38
745220,2012.REP.NOM.CAIN,Herman Cain to be Republican Presidential Nominee in 2012,20,0.5,Jan/23/2011 21:21:38
745220,2012.REP.NOM.CAIN,Herman Cain to be Republican Presidential Nominee in 2012,10,0.5,Jan/23/2011 21:21:38
745220,2012.REP.NOM.CAIN,Herman Cain to be Republican Presidential Nominee in 2012,10,0.5,Jan/23/2011 21:21:38
745220,2012.REP.NOM.CAIN,Herman Cain to be Republican Presidential Nominee in 2012,15,0.3,Jan/25/2011 04:43:45
745220,2012.REP.NOM.CAIN,Herman Cain to be Republican Presidential Nominee in 2012,1,0.3,Jan/25/2011 11:31:16
745220,2012.REP.NOM.CAIN,Herman Cain to be Republican Presidential Nominee in 2012,2,0.3,Jan/25/2011 11:31:22
745220,2012.REP.NOM.CAIN,Herman Cain to be Republican Presidential Nominee in 2012,2,0.3,Jan/25/2011 11:31:28
745220,2012.REP.NOM.CAIN,Herman Cain to be Republican Presidential Nominee in 2012,2,0.3,Jan/25/2011 11:31:34
745220,2012.REP.NOM.CAIN,Herman Cain to be Republican Presidential Nominee in 2012,34,0.3,Jan/25/2011 22:57:02
745220,2012.REP.NOM.CAIN,Herman Cain to be Republican Presidential Nominee in 2012,1,0.3,Jan/25/2011 22:57:02
745220,2012.REP.NOM.CAIN,Herman Cain to be Republican Presidential Nominee in 2012,5,0.2,Jan/26/2011 22:02:03
745220,2012.REP.NOM.CAIN,Herman Cain to be Republican Presidential Nominee in 2012,5,0.3,Jan/26/2011 23:47:13
745220,2012.REP.NOM.CAIN,Herman Cain to be Republican Presidential Nominee in 2012,10,0.3,Jan/26/2011 23:47:13
745220,2012.REP.NOM.CAIN,Herman Cain to be Republican Presidential Nominee in 2012,10,0.3,Jan/26/2011 23:47:13
745220,2012.REP.NOM.CAIN,Herman Cain to be Republican Presidential Nominee in 2012,10,0.4,Jan/26/2011 23:47:47
745220,2012.REP.NOM.CAIN,Herman Cain to be Republican Presidential Nominee in 2012,10,0.4,Jan/26/2011 23:47:47
745220,2012.REP.NOM.CAIN,Herman Cain to be Republican Presidential Nominee in 2012,10,0.4,Jan/26/2011 23:47:47
745220,2012.REP.NOM.CAIN,Herman Cain to be Republican Presidential Nominee in 2012,10,0.4,Jan/26/2011 23:47:47
745220,2012.REP.NOM.CAIN,Herman Cain to be Republican Presidential Nominee in 2012,1,0.4,Jan/26/2011 23:47:47
745220,2012.REP.NOM.CAIN,Herman Cain to be Republican Presidential Nominee in 2012,10,0.4,Jan/26/2011 23:47:47
745220,2012.REP.NOM.CAIN,Herman Cain to be Republican Presidential Nominee in 2012,10,0.4,Jan/26/2011 23:47:47
745220,2012.REP.NOM.CAIN,Herman Cain to be Republican Presidential Nominee in 2012,10,0.4,Jan/26/2011 23:47:47
745220,2012.REP.NOM.CAIN,Herman Cain to be Republican Presidential Nominee in 2012,10,0.3,Jan/31/2011 04:36:42
745220,2012.REP.NOM.CAIN,Herman Cain to be Republican Presidential Nominee in 2012,10,0.3,Jan/31/2011 15:07:31
745220,2012.REP.NOM.CAIN,Herman Cain to be Republican Presidential Nominee in 2012,2,0.3,Jan/31/2011 18:48:15
745220,2012.REP.NOM.CAIN,Herman Cain to be Republican Presidential Nominee in 2012,20,0.2,Feb/03/2011 04:00:15
745220,2012.REP.NOM.CAIN,Herman Cain to be Republican Presidential Nominee in 2012,20,0.2,Feb/03/2011 04:56:50
745220,2012.REP.NOM.CAIN,Herman Cain to be Republican Presidential Nominee in 2012,20,0.2,Feb/03/2011 05:07:46
745220,2012.REP.NOM.CAIN,Herman Cain to be Republican Presidential Nominee in 2012,8,0.3,Feb/03/2011 10:24:04
745220,2012.REP.NOM.CAIN,Herman Cain to be Republican Presidential Nominee in 2012,10,0.3,Feb/03/2011 10:24:04
745220,2012.REP.NOM.CAIN,Herman Cain to be Republican Presidential Nominee in 2012,10,0.3,Feb/03/2011 10:24:04
745220,2012.REP.NOM.CAIN,Herman Cain to be Republican Presidential Nominee in 2012,10,0.3,Feb/03/2011 10:24:04
745220,2012.REP.NOM.CAIN,Herman Cain to be Republican Presidential Nominee in 2012,12,0.3,Feb/03/2011 10:24:04
745220,2012.REP.NOM.CAIN,Herman Cain to be Republican Presidential Nominee in 2012,1,0.2,Feb/03/2011 22:20:30
745220,2012.REP.NOM.CAIN,Herman Cain to be Republican Presidential Nominee in 2012,1,0.2,Feb/04/2011 22:04:10
745220,2012.REP.NOM.CAIN,Herman Cain to be Republican Presidential Nominee in 2012,8,0.3,Feb/04/2011 23:22:50
745220,2012.REP.NOM.CAIN,Herman Cain to be Republican Presidential Nominee in 2012,20,0.3,Feb/04/2011 23:22:50
745220,2012.REP.NOM.CAIN,Herman Cain to be Republican Presidential Nominee in 2012,20,0.3,Feb/04/2011 23:22:50
745220,2012.REP.NOM.CAIN,Herman Cain to be Republican Presidential Nominee in 2012,6,0.3,Feb/04/2011 23:22:50
745220,2012.REP.NOM.CAIN,Herman Cain to be Republican Presidential Nominee in 2012,14,0.3,Feb/06/2011 22:39:29
745220,2012.REP.NOM.CAIN,Herman Cain to be Republican Presidential Nominee in 2012,20,0.3,Feb/06/2011 22:39:29
745220,2012.REP.NOM.CAIN,Herman Cain to be Republican Presidential Nominee in 2012,20,0.3,Feb/06/2011 22:39:29
745220,2012.REP.NOM.CAIN,Herman Cain to be Republican Presidential Nominee in 2012,20,0.3,Feb/06/2011 22:39:29
745220,2012.REP.NOM.CAIN,Herman Cain to be Republican Presidential Nominee in 2012,20,0.3,Feb/06/2011 22:39:29
745220,2012.REP.NOM.CAIN,Herman Cain to be Republican Presidential Nominee in 2012,22,0.3,Feb/06/2011 22:39:29
745220,2012.REP.NOM.CAIN,Herman Cain to be Republican Presidential Nominee in 2012,4,0.3,Feb/07/2011 03:45:27
745220,2012.REP.NOM.CAIN,Herman Cain to be Republican Presidential Nominee in 2012,2,0.3,Feb/07/2011 21:45:40
745220,2012.REP.NOM.CAIN,Herman Cain to be Republican Presidential Nominee in 2012,1,0.3,Feb/07/2011 21:45:46
745220,2012.REP.NOM.CAIN,Herman Cain to be Republican Presidential Nominee in 2012,1,0.3,Feb/07/2011 21:45:52
745220,2012.REP.NOM.CAIN,Herman Cain to be Republican Presidential Nominee in 2012,1,0.3,Feb/07/2011 21:50:56
745220,2012.REP.NOM.CAIN,Herman Cain to be Republican Presidential Nominee in 2012,1,0.3,Feb/07/2011 21:51:02
745220,2012.REP.NOM.CAIN,Herman Cain to be Republican Presidential Nominee in 2012,1,0.2,Feb/09/2011 13:50:55
745220,2012.REP.NOM.CAIN,Herman Cain to be Republican Presidential Nominee in 2012,10,0.4,Feb/11/2011 14:16:53
745220,2012.REP.NOM.CAIN,Herman Cain to be Republican Presidential Nominee in 2012,10,0.4,Feb/11/2011 14:16:53
745220,2012.REP.NOM.CAIN,Herman Cain to be Republican Presidential Nominee in 2012,10,0.4,Feb/11/2011 14:16:53
745220,2012.REP.NOM.CAIN,Herman Cain to be Republican Presidential Nominee in 2012,10,0.4,Feb/11/2011 14:16:53
745220,2012.REP.NOM.CAIN,Herman Cain to be Republican Presidential Nominee in 2012,10,0.4,Feb/11/2011 14:16:53
745220,2012.REP.NOM.CAIN,Herman Cain to be Republican Presidential Nominee in 2012,10,0.4,Feb/11/2011 14:16:53
745220,2012.REP.NOM.CAIN,Herman Cain to be Republican Presidential Nominee in 2012,10,0.4,Feb/11/2011 14:16:53
745220,2012.REP.NOM.CAIN,Herman Cain to be Republican Presidential Nominee in 2012,10,0.4,Feb/11/2011 14:16:53
745220,2012.REP.NOM.CAIN,Herman Cain to be Republican Presidential Nominee in 2012,10,0.4,Feb/11/2011 14:16:53
745220,2012.REP.NOM.CAIN,Herman Cain to be Republican Presidential Nominee in 2012,10,0.4,Feb/11/2011 14:16:53
745220,2012.REP.NOM.CAIN,Herman Cain to be Republican Presidential Nominee in 2012,2,0.4,Feb/11/2011 14:16:53
745220,2012.REP.NOM.CAIN,Herman Cain to be Republican Presidential Nominee in 2012,22,0.4,Feb/11/2011 14:16:53
745220,2012.REP.NOM.CAIN,Herman Cain to be Republican Presidential Nominee in 2012,20,0.4,Feb/11/2011 14:16:53
745220,2012.REP.NOM.CAIN,Herman Cain to be Republican Presidential Nominee in 2012,20,0.4,Feb/11/2011 14:16:53
745220,2012.REP.NOM.CAIN,Herman Cain to be Republican Presidential Nominee in 2012,50,0.4,Feb/11/2011 14:16:53
745220,2012.REP.NOM.CAIN,Herman Cain to be Republican Presidential Nominee in 2012,75,0.4,Feb/11/2011 14:16:53
745220,2012.REP.NOM.CAIN,Herman Cain to be Republican Presidential Nominee in 2012,20,0.4,Feb/11/2011 14:16:53
745220,2012.REP.NOM.CAIN,Herman Cain to be Republican Presidential Nominee in 2012,20,0.3,Feb/11/2011 14:16:53
745220,2012.REP.NOM.CAIN,Herman Cain to be Republican Presidential Nominee in 2012,20,0.3,Feb/11/2011 14:16:53
745220,2012.REP.NOM.CAIN,Herman Cain to be Republican Presidential Nominee in 2012,10,0.3,Feb/11/2011 14:16:53
745220,2012.REP.NOM.CAIN,Herman Cain to be Republican Presidential Nominee in 2012,20,0.3,Feb/11/2011 14:16:53
745220,2012.REP.NOM.CAIN,Herman Cain to be Republican Presidential Nominee in 2012,4,0.3,Feb/12/2011 01:27:54
745220,2012.REP.NOM.CAIN,Herman Cain to be Republican Presidential Nominee in 2012,6,0.3,Feb/12/2011 08:44:54
745220,2012.REP.NOM.CAIN,Herman Cain to be Republican Presidential Nominee in 2012,24,0.3,Feb/12/2011 08:44:54
745220,2012.REP.NOM.CAIN,Herman Cain to be Republican Presidential Nominee in 2012,10,0.3,Feb/12/2011 16:15:43
745220,2012.REP.NOM.CAIN,Herman Cain to be Republican Presidential Nominee in 2012,10,0.3,Feb/12/2011 20:46:42
745220,2012.REP.NOM.CAIN,Herman Cain to be Republican Presidential Nominee in 2012,30,0.3,Feb/12/2011 22:20:52
745220,2012.REP.NOM.CAIN,Herman Cain to be Republican Presidential Nominee in 2012,20,0.3,Feb/13/2011 00:59:50
745220,2012.REP.NOM.CAIN,Herman Cain to be Republican Presidential Nominee in 2012,20,0.3,Feb/13/2011 01:07:57
745220,2012.REP.NOM.CAIN,Herman Cain to be Republican Presidential Nominee in 2012,5,0.4,Feb/13/2011 04:09:15
745220,2012.REP.NOM.CAIN,Herman Cain to be Republican Presidential Nominee in 2012,20,0.3,Feb/13/2011 16:27:25
745220,2012.REP.NOM.CAIN,Herman Cain to be Republican Presidential Nominee in 2012,1,0.7,Feb/13/2011 20:07:43
745220,2012.REP.NOM.CAIN,Herman Cain to be Republican Presidential Nominee in 2012,80,0.5,Feb/13/2011 20:07:43
745220,2012.REP.NOM.CAIN,Herman Cain to be Republican Presidential Nominee in 2012,100,0.6,Feb/13/2011 20:07:43
745220,2012.REP.NOM.CAIN,Herman Cain to be Republican Presidential Nominee in 2012,100,0.7,Feb/13/2011 20:07:43
745220,2012.REP.NOM.CAIN,Herman Cain to be Republican Presidential Nominee in 2012,10,0.5,Feb/13/2011 20:07:43
745220,2012.REP.NOM.CAIN,Herman Cain to be Republican Presidential Nominee in 2012,10,0.5,Feb/13/2011 20:07:43
745220,2012.REP.NOM.CAIN,Herman Cain to be Republican Presidential Nominee in 2012,295,0.4,Feb/13/2011 20:07:43
745220,2012.REP.NOM.CAIN,Herman Cain to be Republican Presidential Nominee in 2012,1,0.6,Feb/13/2011 20:07:43
745220,2012.REP.NOM.CAIN,Herman Cain to be Republican Presidential Nominee in 2012,3,0.4,Feb/13/2011 20:07:43
745220,2012.REP.NOM.CAIN,Herman Cain to be Republican Presidential Nominee in 2012,10,0.4,Feb/13/2011 20:07:43
745220,2012.REP.NOM.CAIN,Herman Cain to be Republican Presidential Nominee in 2012,116,0.4,Feb/13/2011 20:07:43
745220,2012.REP.NOM.CAIN,Herman Cain to be Republican Presidential Nominee in 2012,10,0.4,Feb/13/2011 20:07:43
745220,2012.REP.NOM.CAIN,Herman Cain to be Republican Presidential Nominee in 2012,99,0.7,Feb/13/2011 20:10:39
745220,2012.REP.NOM.CAIN,Herman Cain to be Republican Presidential Nominee in 2012,1,0.3,Feb/14/2011 04:31:23
745220,2012.REP.NOM.CAIN,Herman Cain to be Republican Presidential Nominee in 2012,39,0.3,Feb/14/2011 04:31:49
745220,2012.REP.NOM.CAIN,Herman Cain to be Republican Presidential Nominee in 2012,200,0.3,Feb/14/2011 04:31:49
745220,2012.REP.NOM.CAIN,Herman Cain to be Republican Presidential Nominee in 2012,160,0.3,Feb/14/2011 04:31:49
745220,2012.REP.NOM.CAIN,Herman Cain to be Republican Presidential Nominee in 2012,7,0.3,Feb/14/2011 05:08:23
745220,2012.REP.NOM.CAIN,Herman Cain to be Republican Presidential Nominee in 2012,10,0.3,Feb/15/2011 02:37:20
745220,2012.REP.NOM.CAIN,Herman Cain to be Republican Presidential Nominee in 2012,5,0.3,Feb/15/2011 13:01:40
745220,2012.REP.NOM.CAIN,Herman Cain to be Republican Presidential Nominee in 2012,18,0.3,Feb/15/2011 22:59:21
745220,2012.REP.NOM.CAIN,Herman Cain to be Republican Presidential Nominee in 2012,1,0.3,Feb/16/2011 23:36:30
745220,2012.REP.NOM.CAIN,Herman Cain to be Republican Presidential Nominee in 2012,1,0.2,Feb/17/2011 06:18:54
745220,2012.REP.NOM.CAIN,Herman Cain to be Republican Presidential Nominee in 2012,1,0.3,Feb/17/2011 08:42:18
745220,2012.REP.NOM.CAIN,Herman Cain to be Republican Presidential Nominee in 2012,1,0.3,Feb/17/2011 08:42:18
745220,2012.REP.NOM.CAIN,Herman Cain to be Republican Presidential Nominee in 2012,1,0.2,Feb/17/2011 14:52:31
745220,2012.REP.NOM.CAIN,Herman Cain to be Republican Presidential Nominee in 2012,1,0.2,Feb/17/2011 14:53:47
745220,2012.REP.NOM.CAIN,Herman Cain to be Republican Presidential Nominee in 2012,3,0.2,Feb/17/2011 14:53:57
745220,2012.REP.NOM.CAIN,Herman Cain to be Republican Presidential Nominee in 2012,4,0.2,Feb/17/2011 14:54:22
745220,2012.REP.NOM.CAIN,Herman Cain to be Republican Presidential Nominee in 2012,9,0.3,Feb/17/2011 18:48:47
745220,2012.REP.NOM.CAIN,Herman Cain to be Republican Presidential Nominee in 2012,20,0.3,Feb/17/2011 18:48:47
745220,2012.REP.NOM.CAIN,Herman Cain to be Republican Presidential Nominee in 2012,20,0.3,Feb/17/2011 18:48:47
745220,2012.REP.NOM.CAIN,Herman Cain to be Republican Presidential Nominee in 2012,20,0.3,Feb/17/2011 18:48:47
745220,2012.REP.NOM.CAIN,Herman Cain to be Republican Presidential Nominee in 2012,20,0.3,Feb/17/2011 18:48:47
745220,2012.REP.NOM.CAIN,Herman Cain to be Republican Presidential Nominee in 2012,11,0.3,Feb/17/2011 18:48:47
745220,2012.REP.NOM.CAIN,Herman Cain to be Republican Presidential Nominee in 2012,2,0.3,Feb/19/2011 07:25:26
745220,2012.REP.NOM.CAIN,Herman Cain to be Republican Presidential Nominee in 2012,4,0.3,Feb/20/2011 04:18:56
745220,2012.REP.NOM.CAIN,Herman Cain to be Republican Presidential Nominee in 2012,222,0.2,Feb/20/2011 06:33:03
745220,2012.REP.NOM.CAIN,Herman Cain to be Republican Presidential Nominee in 2012,1,0.2,Feb/20/2011 06:33:03
745220,2012.REP.NOM.CAIN,Herman Cain to be Republican Presidential Nominee in 2012,3,0.2,Feb/20/2011 06:33:03
745220,2012.REP.NOM.CAIN,Herman Cain to be Republican Presidential Nominee in 2012,47,0.2,Feb/20/2011 06:33:03
745220,2012.REP.NOM.CAIN,Herman Cain to be Republican Presidential Nominee in 2012,30,0.2,Feb/20/2011 07:35:02
745220,2012.REP.NOM.CAIN,Herman Cain to be Republican Presidential Nominee in 2012,3,0.3,Feb/20/2011 19:28:44
745220,2012.REP.NOM.CAIN,Herman Cain to be Republican Presidential Nominee in 2012,12,0.3,Feb/20/2011 19:28:44
745220,2012.REP.NOM.CAIN,Herman Cain to be Republican Presidential Nominee in 2012,151,0.1,Feb/21/2011 07:55:17
745220,2012.REP.NOM.CAIN,Herman Cain to be Republican Presidential Nominee in 2012,20,0.2,Feb/22/2011 15:13:53
745220,2012.REP.NOM.CAIN,Herman Cain to be Republican Presidential Nominee in 2012,20,0.2,Feb/22/2011 15:13:53
745220,2012.REP.NOM.CAIN,Herman Cain to be Republican Presidential Nominee in 2012,1,0.1,Feb/22/2011 16:22:44
745220,2012.REP.NOM.CAIN,Herman Cain to be Republican Presidential Nominee in 2012,1,0.1,Feb/22/2011 16:22:49
745220,2012.REP.NOM.CAIN,Herman Cain to be Republican Presidential Nominee in 2012,20,0.2,Feb/24/2011 10:19:26
745220,2012.REP.NOM.CAIN,Herman Cain to be Republican Presidential Nominee in 2012,20,0.2,Feb/24/2011 10:19:26
745220,2012.REP.NOM.CAIN,Herman Cain to be Republican Presidential Nominee in 2012,20,0.2,Feb/24/2011 10:19:26
745220,2012.REP.NOM.CAIN,Herman Cain to be Republican Presidential Nominee in 2012,10,0.2,Feb/24/2011 10:19:26
745220,2012.REP.NOM.CAIN,Herman Cain to be Republican Presidential Nominee in 2012,30,0.2,Feb/24/2011 10:19:26
745220,2012.REP.NOM.CAIN,Herman Cain to be Republican Presidential Nominee in 2012,10,0.2,Feb/26/2011 21:31:45
745220,2012.REP.NOM.CAIN,Herman Cain to be Republican Presidential Nominee in 2012,143,0.2,Feb/28/2011 01:49:03
745220,2012.REP.NOM.CAIN,Herman Cain to be Republican Presidential Nominee in 2012,20,0.2,Feb/28/2011 01:49:03
745220,2012.REP.NOM.CAIN,Herman Cain to be Republican Presidential Nominee in 2012,17,0.2,Feb/28/2011 01:49:03
745220,2012.REP.NOM.CAIN,Herman Cain to be Republican Presidential Nominee in 2012,8,0.3,Feb/28/2011 10:10:53
745220,2012.REP.NOM.CAIN,Herman Cain to be Republican Presidential Nominee in 2012,20,0.3,Feb/28/2011 10:10:53
745220,2012.REP.NOM.CAIN,Herman Cain to be Republican Presidential Nominee in 2012,14,0.3,Feb/28/2011 10:10:53
745220,2012.REP.NOM.CAIN,Herman Cain to be Republican Presidential Nominee in 2012,3,0.2,Feb/28/2011 10:10:53
745220,2012.REP.NOM.CAIN,Herman Cain to be Republican Presidential Nominee in 2012,10,0.2,Mar/01/2011 00:30:07
745220,2012.REP.NOM.CAIN,Herman Cain to be Republican Presidential Nominee in 2012,10,0.2,Mar/02/2011 17:33:28
745220,2012.REP.NOM.CAIN,Herman Cain to be Republican Presidential Nominee in 2012,20,0.2,Mar/02/2011 17:33:28
745220,2012.REP.NOM.CAIN,Herman Cain to be Republican Presidential Nominee in 2012,5,0.3,Mar/03/2011 02:26:49
745220,2012.REP.NOM.CAIN,Herman Cain to be Republican Presidential Nominee in 2012,3,0.3,Mar/05/2011 00:36:49
745220,2012.REP.NOM.CAIN,Herman Cain to be Republican Presidential Nominee in 2012,478,0.3,Mar/05/2011 19:23:21
745220,2012.REP.NOM.CAIN,Herman Cain to be Republican Presidential Nominee in 2012,20,0.3,Mar/05/2011 19:23:21
745220,2012.REP.NOM.CAIN,Herman Cain to be Republican Presidential Nominee in 2012,20,0.3,Mar/05/2011 19:23:21
745220,2012.REP.NOM.CAIN,Herman Cain to be Republican Presidential Nominee in 2012,20,0.3,Mar/05/2011 19:23:21
745220,2012.REP.NOM.CAIN,Herman Cain to be Republican Presidential Nominee in 2012,3,0.3,Mar/05/2011 19:23:21
745220,2012.REP.NOM.CAIN,Herman Cain to be Republican Presidential Nominee in 2012,32,0.3,Mar/05/2011 19:23:21
745220,2012.REP.NOM.CAIN,Herman Cain to be Republican Presidential Nominee in 2012,20,0.3,Mar/05/2011 19:23:21
745220,2012.REP.NOM.CAIN,Herman Cain to be Republican Presidential Nominee in 2012,20,0.3,Mar/05/2011 19:23:21
745220,2012.REP.NOM.CAIN,Herman Cain to be Republican Presidential Nominee in 2012,20,0.3,Mar/05/2011 19:23:21
745220,2012.REP.NOM.CAIN,Herman Cain to be Republican Presidential Nominee in 2012,20,0.3,Mar/05/2011 19:23:21
745220,2012.REP.NOM.CAIN,Herman Cain to be Republican Presidential Nominee in 2012,20,0.3,Mar/05/2011 19:23:21
745220,2012.REP.NOM.CAIN,Herman Cain to be Republican Presidential Nominee in 2012,1000,0.3,Mar/05/2011 21:52:25
745220,2012.REP.NOM.CAIN,Herman Cain to be Republican Presidential Nominee in 2012,3,0.3,Mar/06/2011 06:30:20
745220,2012.REP.NOM.CAIN,Herman Cain to be Republican Presidential Nominee in 2012,1,0.4,Mar/06/2011 20:50:26
745220,2012.REP.NOM.CAIN,Herman Cain to be Republican Presidential Nominee in 2012,4,0.4,Mar/07/2011 18:48:07
745220,2012.REP.NOM.CAIN,Herman Cain to be Republican Presidential Nominee in 2012,6,0.4,Mar/07/2011 18:48:07
745220,2012.REP.NOM.CAIN,Herman Cain to be Republican Presidential Nominee in 2012,1,0.3,Mar/08/2011 12:39:56
745220,2012.REP.NOM.CAIN,Herman Cain to be Republican Presidential Nominee in 2012,1,0.3,Mar/08/2011 12:41:45
745220,2012.REP.NOM.CAIN,Herman Cain to be Republican Presidential Nominee in 2012,1,0.3,Mar/08/2011 12:41:51
745220,2012.REP.NOM.CAIN,Herman Cain to be Republican Presidential Nominee in 2012,1,0.3,Mar/08/2011 12:43:32
745220,2012.REP.NOM.CAIN,Herman Cain to be Republican Presidential Nominee in 2012,8,0.3,Mar/08/2011 18:25:54
745220,2012.REP.NOM.CAIN,Herman Cain to be Republican Presidential Nominee in 2012,1,0.3,Mar/09/2011 05:12:57
745220,2012.REP.NOM.CAIN,Herman Cain to be Republican Presidential Nominee in 2012,40,0.3,Mar/09/2011 18:19:15
745220,2012.REP.NOM.CAIN,Herman Cain to be Republican Presidential Nominee in 2012,14,0.4,Mar/10/2011 16:49:34
745220,2012.REP.NOM.CAIN,Herman Cain to be Republican Presidential Nominee in 2012,15,0.4,Mar/10/2011 16:49:34
745220,2012.REP.NOM.CAIN,Herman Cain to be Republican Presidential Nominee in 2012,40,0.4,Mar/10/2011 16:49:34
745220,2012.REP.NOM.CAIN,Herman Cain to be Republican Presidential Nominee in 2012,20,0.4,Mar/10/2011 16:49:34
745220,2012.REP.NOM.CAIN,Herman Cain to be Republican Presidential Nominee in 2012,20,0.4,Mar/10/2011 16:49:34
745220,2012.REP.NOM.CAIN,Herman Cain to be Republican Presidential Nominee in 2012,20,0.4,Mar/10/2011 16:49:34
745220,2012.REP.NOM.CAIN,Herman Cain to be Republican Presidential Nominee in 2012,20,0.4,Mar/10/2011 16:49:34
745220,2012.REP.NOM.CAIN,Herman Cain to be Republican Presidential Nominee in 2012,20,0.4,Mar/10/2011 16:49:34
745220,2012.REP.NOM.CAIN,Herman Cain to be Republican Presidential Nominee in 2012,20,0.4,Mar/10/2011 16:49:34
745220,2012.REP.NOM.CAIN,Herman Cain to be Republican Presidential Nominee in 2012,5,0.5,Mar/10/2011 19:58:42
745220,2012.REP.NOM.CAIN,Herman Cain to be Republican Presidential Nominee in 2012,1,0.5,Mar/10/2011 22:11:28
745220,2012.REP.NOM.CAIN,Herman Cain to be Republican Presidential Nominee in 2012,1,0.5,Mar/12/2011 05:27:46
745220,2012.REP.NOM.CAIN,Herman Cain to be Republican Presidential Nominee in 2012,1,0.4,Mar/14/2011 15:19:41
745220,2012.REP.NOM.CAIN,Herman Cain to be Republican Presidential Nominee in 2012,1,0.4,Mar/14/2011 15:19:46
745220,2012.REP.NOM.CAIN,Herman Cain to be Republican Presidential Nominee in 2012,2,0.4,Mar/14/2011 15:21:02
745220,2012.REP.NOM.CAIN,Herman Cain to be Republican Presidential Nominee in 2012,106,0.4,Mar/14/2011 15:48:55
745220,2012.REP.NOM.CAIN,Herman Cain to be Republican Presidential Nominee in 2012,200,0.4,Mar/14/2011 18:23:40
745220,2012.REP.NOM.CAIN,Herman Cain to be Republican Presidential Nominee in 2012,1,0.4,Mar/14/2011 20:12:05
745220,2012.REP.NOM.CAIN,Herman Cain to be Republican Presidential Nominee in 2012,19,0.4,Mar/15/2011 08:07:14
745220,2012.REP.NOM.CAIN,Herman Cain to be Republican Presidential Nominee in 2012,20,0.4,Mar/15/2011 08:07:14
745220,2012.REP.NOM.CAIN,Herman Cain to be Republican Presidential Nominee in 2012,1,0.4,Mar/16/2011 06:33:11
745220,2012.REP.NOM.CAIN,Herman Cain to be Republican Presidential Nominee in 2012,1,0.4,Mar/17/2011 10:02:38
745220,2012.REP.NOM.CAIN,Herman Cain to be Republican Presidential Nominee in 2012,1,0.4,Mar/18/2011 05:31:09
745220,2012.REP.NOM.CAIN,Herman Cain to be Republican Presidential Nominee in 2012,37,0.4,Mar/21/2011 22:20:55
745220,2012.REP.NOM.CAIN,Herman Cain to be Republican Presidential Nominee in 2012,20,0.4,Mar/21/2011 22:20:55
745220,2012.REP.NOM.CAIN,Herman Cain to be Republican Presidential Nominee in 2012,20,0.4,Mar/21/2011 22:20:55
745220,2012.REP.NOM.CAIN,Herman Cain to be Republican Presidential Nominee in 2012,20,0.4,Mar/21/2011 22:20:55
745220,2012.REP.NOM.CAIN,Herman Cain to be Republican Presidential Nominee in 2012,20,0.4,Mar/21/2011 22:20:55
745220,2012.REP.NOM.CAIN,Herman Cain to be Republican Presidential Nominee in 2012,20,0.4,Mar/21/2011 22:20:55
745220,2012.REP.NOM.CAIN,Herman Cain to be Republican Presidential Nominee in 2012,20,0.4,Mar/21/2011 22:20:55
745220,2012.REP.NOM.CAIN,Herman Cain to be Republican Presidential Nominee in 2012,20,0.4,Mar/21/2011 22:20:55
745220,2012.REP.NOM.CAIN,Herman Cain to be Republican Presidential Nominee in 2012,20,0.4,Mar/21/2011 22:20:55
745220,2012.REP.NOM.CAIN,Herman Cain to be Republican Presidential Nominee in 2012,3,0.4,Mar/23/2011 03:12:31
745220,2012.REP.NOM.CAIN,Herman Cain to be Republican Presidential Nominee in 2012,1,0.4,Mar/23/2011 03:20:39
745220,2012.REP.NOM.CAIN,Herman Cain to be Republican Presidential Nominee in 2012,1,0.5,Mar/23/2011 03:27:23
745220,2012.REP.NOM.CAIN,Herman Cain to be Republican Presidential Nominee in 2012,96,0.4,Mar/25/2011 00:28:04
745220,2012.REP.NOM.CAIN,Herman Cain to be Republican Presidential Nominee in 2012,104,0.4,Mar/26/2011 20:29:34
745220,2012.REP.NOM.CAIN,Herman Cain to be Republican Presidential Nominee in 2012,300,0.4,Mar/26/2011 20:29:34
745220,2012.REP.NOM.CAIN,Herman Cain to be Republican Presidential Nominee in 2012,10,0.4,Mar/26/2011 20:29:34
745220,2012.REP.NOM.CAIN,Herman Cain to be Republican Presidential Nominee in 2012,20,0.4,Mar/26/2011 20:29:34
745220,2012.REP.NOM.CAIN,Herman Cain to be Republican Presidential Nominee in 2012,20,0.4,Mar/26/2011 20:29:34
745220,2012.REP.NOM.CAIN,Herman Cain to be Republican Presidential Nominee in 2012,20,0.4,Mar/26/2011 20:29:34
745220,2012.REP.NOM.CAIN,Herman Cain to be Republican Presidential Nominee in 2012,20,0.4,Mar/26/2011 20:29:34
745220,2012.REP.NOM.CAIN,Herman Cain to be Republican Presidential Nominee in 2012,20,0.4,Mar/28/2011 22:37:49
745220,2012.REP.NOM.CAIN,Herman Cain to be Republican Presidential Nominee in 2012,20,0.4,Mar/28/2011 22:37:49
745220,2012.REP.NOM.CAIN,Herman Cain to be Republican Presidential Nominee in 2012,20,0.4,Mar/28/2011 22:37:49
745220,2012.REP.NOM.CAIN,Herman Cain to be Republican Presidential Nominee in 2012,1,0.5,Mar/28/2011 22:45:28
745220,2012.REP.NOM.CAIN,Herman Cain to be Republican Presidential Nominee in 2012,1,0.5,Mar/28/2011 23:05:29
745220,2012.REP.NOM.CAIN,Herman Cain to be Republican Presidential Nominee in 2012,68,0.4,Mar/30/2011 01:17:44
745220,2012.REP.NOM.CAIN,Herman Cain to be Republican Presidential Nominee in 2012,20,0.4,Mar/30/2011 01:17:44
745220,2012.REP.NOM.CAIN,Herman Cain to be Republican Presidential Nominee in 2012,1,0.4,Apr/01/2011 04:04:50
745220,2012.REP.NOM.CAIN,Herman Cain to be Republican Presidential Nominee in 2012,19,0.4,Apr/01/2011 22:28:40
745220,2012.REP.NOM.CAIN,Herman Cain to be Republican Presidential Nominee in 2012,20,0.4,Apr/01/2011 22:28:40
745220,2012.REP.NOM.CAIN,Herman Cain to be Republican Presidential Nominee in 2012,20,0.4,Apr/01/2011 22:28:40
745220,2012.REP.NOM.CAIN,Herman Cain to be Republican Presidential Nominee in 2012,20,0.4,Apr/01/2011 22:28:40
745220,2012.REP.NOM.CAIN,Herman Cain to be Republican Presidential Nominee in 2012,50,0.4,Apr/03/2011 23:08:03
745220,2012.REP.NOM.CAIN,Herman Cain to be Republican Presidential Nominee in 2012,50,0.5,Apr/04/2011 19:44:22
745220,2012.REP.NOM.CAIN,Herman Cain to be Republican Presidential Nominee in 2012,8,0.4,Apr/05/2011 14:27:10
745220,2012.REP.NOM.CAIN,Herman Cain to be Republican Presidential Nominee in 2012,12,0.4,Apr/06/2011 01:10:32
745220,2012.REP.NOM.CAIN,Herman Cain to be Republican Presidential Nominee in 2012,20,0.4,Apr/06/2011 01:10:32
745220,2012.REP.NOM.CAIN,Herman Cain to be Republican Presidential Nominee in 2012,20,0.4,Apr/06/2011 01:10:32
745220,2012.REP.NOM.CAIN,Herman Cain to be Republican Presidential Nominee in 2012,1,0.3,Apr/06/2011 23:21:13
745220,2012.REP.NOM.CAIN,Herman Cain to be Republican Presidential Nominee in 2012,2,0.3,Apr/06/2011 23:21:19
745220,2012.REP.NOM.CAIN,Herman Cain to be Republican Presidential Nominee in 2012,2,0.3,Apr/06/2011 23:22:22
745220,2012.REP.NOM.CAIN,Herman Cain to be Republican Presidential Nominee in 2012,40,0.4,Apr/07/2011 15:51:28
745220,2012.REP.NOM.CAIN,Herman Cain to be Republican Presidential Nominee in 2012,20,0.4,Apr/07/2011 15:51:28
745220,2012.REP.NOM.CAIN,Herman Cain to be Republican Presidential Nominee in 2012,20,0.4,Apr/07/2011 15:51:28
745220,2012.REP.NOM.CAIN,Herman Cain to be Republican Presidential Nominee in 2012,20,0.4,Apr/07/2011 15:51:28
745220,2012.REP.NOM.CAIN,Herman Cain to be Republican Presidential Nominee in 2012,100,0.5,Apr/07/2011 16:00:18
745220,2012.REP.NOM.CAIN,Herman Cain to be Republican Presidential Nominee in 2012,10,0.5,Apr/08/2011 01:19:02
745220,2012.REP.NOM.CAIN,Herman Cain to be Republican Presidential Nominee in 2012,1,0.3,Apr/15/2011 18:39:11
745220,2012.REP.NOM.CAIN,Herman Cain to be Republican Presidential Nominee in 2012,361,0.3,Apr/15/2011 18:39:11
745220,2012.REP.NOM.CAIN,Herman Cain to be Republican Presidential Nominee in 2012,20,0.3,Apr/16/2011 15:31:33
745220,2012.REP.NOM.CAIN,Herman Cain to be Republican Presidential Nominee in 2012,36,0.4,Apr/17/2011 12:36:10
745220,2012.REP.NOM.CAIN,Herman Cain to be Republican Presidential Nominee in 2012,64,0.4,Apr/17/2011 12:36:10
745220,2012.REP.NOM.CAIN,Herman Cain to be Republican Presidential Nominee in 2012,119,0.3,Apr/26/2011 01:30:18
745220,2012.REP.NOM.CAIN,Herman Cain to be Republican Presidential Nominee in 2012,1,0.4,Apr/26/2011 11:22:33
745220,2012.REP.NOM.CAIN,Herman Cain to be Republican Presidential Nominee in 2012,20,0.3,Apr/29/2011 02:17:32
745220,2012.REP.NOM.CAIN,Herman Cain to be Republican Presidential Nominee in 2012,60,0.2,Apr/30/2011 16:31:02
745220,2012.REP.NOM.CAIN,Herman Cain to be Republican Presidential Nominee in 2012,20,0.3,Apr/30/2011 19:14:21
745220,2012.REP.NOM.CAIN,Herman Cain to be Republican Presidential Nominee in 2012,35,0.4,May/01/2011 21:45:59
745220,2012.REP.NOM.CAIN,Herman Cain to be Republican Presidential Nominee in 2012,1,0.4,May/01/2011 21:45:59
745220,2012.REP.NOM.CAIN,Herman Cain to be Republican Presidential Nominee in 2012,4,0.4,May/01/2011 21:45:59
745220,2012.REP.NOM.CAIN,Herman Cain to be Republican Presidential Nominee in 2012,67,0.3,May/02/2011 16:02:47
745220,2012.REP.NOM.CAIN,Herman Cain to be Republican Presidential Nominee in 2012,40,0.2,May/02/2011 23:50:19
745220,2012.REP.NOM.CAIN,Herman Cain to be Republican Presidential Nominee in 2012,4,0.2,May/02/2011 23:50:19
745220,2012.REP.NOM.CAIN,Herman Cain to be Republican Presidential Nominee in 2012,6,0.2,May/02/2011 23:50:19
745220,2012.REP.NOM.CAIN,Herman Cain to be Republican Presidential Nominee in 2012,186,0.2,May/03/2011 02:33:41
745220,2012.REP.NOM.CAIN,Herman Cain to be Republican Presidential Nominee in 2012,10,0.1,May/03/2011 14:01:28
745220,2012.REP.NOM.CAIN,Herman Cain to be Republican Presidential Nominee in 2012,75,0.3,May/03/2011 17:35:49
745220,2012.REP.NOM.CAIN,Herman Cain to be Republican Presidential Nominee in 2012,25,0.3,May/03/2011 17:36:50
745220,2012.REP.NOM.CAIN,Herman Cain to be Republican Presidential Nominee in 2012,5,0.3,May/03/2011 17:36:50
745220,2012.REP.NOM.CAIN,Herman Cain to be Republican Presidential Nominee in 2012,1,0.1,May/04/2011 17:31:37
745220,2012.REP.NOM.CAIN,Herman Cain to be Republican Presidential Nominee in 2012,1,0.1,May/04/2011 17:31:57
745220,2012.REP.NOM.CAIN,Herman Cain to be Republican Presidential Nominee in 2012,1,0.1,May/04/2011 17:33:42
745220,2012.REP.NOM.CAIN,Herman Cain to be Republican Presidential Nominee in 2012,1,0.1,May/04/2011 17:33:57
745220,2012.REP.NOM.CAIN,Herman Cain to be Republican Presidential Nominee in 2012,1,0.1,May/04/2011 17:34:12
745220,2012.REP.NOM.CAIN,Herman Cain to be Republican Presidential Nominee in 2012,5,0.3,May/05/2011 00:24:09
745220,2012.REP.NOM.CAIN,Herman Cain to be Republican Presidential Nominee in 2012,10,0.3,May/05/2011 00:24:09
745220,2012.REP.NOM.CAIN,Herman Cain to be Republican Presidential Nominee in 2012,20,0.3,May/05/2011 00:24:09
745220,2012.REP.NOM.CAIN,Herman Cain to be Republican Presidential Nominee in 2012,20,0.3,May/05/2011 00:24:09
745220,2012.REP.NOM.CAIN,Herman Cain to be Republican Presidential Nominee in 2012,20,0.3,May/05/2011 00:24:09
745220,2012.REP.NOM.CAIN,Herman Cain to be Republican Presidential Nominee in 2012,10,0.3,May/05/2011 00:24:46
745220,2012.REP.NOM.CAIN,Herman Cain to be Republican Presidential Nominee in 2012,10,0.3,May/05/2011 00:26:58
745220,2012.REP.NOM.CAIN,Herman Cain to be Republican Presidential Nominee in 2012,27,0.4,May/05/2011 16:18:26
745220,2012.REP.NOM.CAIN,Herman Cain to be Republican Presidential Nominee in 2012,20,0.4,May/05/2011 16:18:26
745220,2012.REP.NOM.CAIN,Herman Cain to be Republican Presidential Nominee in 2012,172,0.5,May/05/2011 16:19:54
745220,2012.REP.NOM.CAIN,Herman Cain to be Republican Presidential Nominee in 2012,37,0.5,May/05/2011 16:19:54
745220,2012.REP.NOM.CAIN,Herman Cain to be Republican Presidential Nominee in 2012,8,0.5,May/05/2011 16:19:54
745220,2012.REP.NOM.CAIN,Herman Cain to be Republican Presidential Nominee in 2012,400,0.4,May/05/2011 17:09:34
745220,2012.REP.NOM.CAIN,Herman Cain to be Republican Presidential Nominee in 2012,50,0.6,May/05/2011 18:45:46
745220,2012.REP.NOM.CAIN,Herman Cain to be Republican Presidential Nominee in 2012,1,0.6,May/05/2011 18:45:46
745220,2012.REP.NOM.CAIN,Herman Cain to be Republican Presidential Nominee in 2012,1,0.7,May/05/2011 18:46:24
745220,2012.REP.NOM.CAIN,Herman Cain to be Republican Presidential Nominee in 2012,38,0.7,May/05/2011 18:46:24
745220,2012.REP.NOM.CAIN,Herman Cain to be Republican Presidential Nominee in 2012,6,0.7,May/05/2011 19:12:48
745220,2012.REP.NOM.CAIN,Herman Cain to be Republican Presidential Nominee in 2012,56,0.7,May/05/2011 20:11:25
745220,2012.REP.NOM.CAIN,Herman Cain to be Republican Presidential Nominee in 2012,50,0.9,May/05/2011 20:11:45
745220,2012.REP.NOM.CAIN,Herman Cain to be Republican Presidential Nominee in 2012,50,0.9,May/05/2011 20:11:45
745220,2012.REP.NOM.CAIN,Herman Cain to be Republican Presidential Nominee in 2012,1,0.5,May/05/2011 23:46:10
745220,2012.REP.NOM.CAIN,Herman Cain to be Republican Presidential Nominee in 2012,1,0.9,May/06/2011 00:30:04
745220,2012.REP.NOM.CAIN,Herman Cain to be Republican Presidential Nominee in 2012,1,0.8,May/06/2011 00:46:19
745220,2012.REP.NOM.CAIN,Herman Cain to be Republican Presidential Nominee in 2012,2,0.8,May/06/2011 02:18:24
745220,2012.REP.NOM.CAIN,Herman Cain to be Republican Presidential Nominee in 2012,35,0.8,May/06/2011 02:33:24
745220,2012.REP.NOM.CAIN,Herman Cain to be Republican Presidential Nominee in 2012,100,0.9,May/06/2011 02:34:08
745220,2012.REP.NOM.CAIN,Herman Cain to be Republican Presidential Nominee in 2012,40,0.9,May/06/2011 02:34:12
745220,2012.REP.NOM.CAIN,Herman Cain to be Republican Presidential Nominee in 2012,9,0.9,May/06/2011 02:34:52
745220,2012.REP.NOM.CAIN,Herman Cain to be Republican Presidential Nominee in 2012,200,1.0,May/06/2011 02:35:02
745220,2012.REP.NOM.CAIN,Herman Cain to be Republican Presidential Nominee in 2012,20,1.3,May/06/2011 02:36:25
745220,2012.REP.NOM.CAIN,Herman Cain to be Republican Presidential Nominee in 2012,280,1.3,May/06/2011 02:36:48
745220,2012.REP.NOM.CAIN,Herman Cain to be Republican Presidential Nominee in 2012,50,1.3,May/06/2011 02:37:21
745220,2012.REP.NOM.CAIN,Herman Cain to be Republican Presidential Nominee in 2012,100,1.3,May/06/2011 02:37:56
745220,2012.REP.NOM.CAIN,Herman Cain to be Republican Presidential Nominee in 2012,50,1.4,May/06/2011 02:38:08
745220,2012.REP.NOM.CAIN,Herman Cain to be Republican Presidential Nominee in 2012,25,1.5,May/06/2011 02:38:34
745220,2012.REP.NOM.CAIN,Herman Cain to be Republican Presidential Nominee in 2012,10,1.5,May/06/2011 02:38:43
745220,2012.REP.NOM.CAIN,Herman Cain to be Republican Presidential Nominee in 2012,5,1.5,May/06/2011 02:38:59
745220,2012.REP.NOM.CAIN,Herman Cain to be Republican Presidential Nominee in 2012,60,1.5,May/06/2011 03:07:18
745220,2012.REP.NOM.CAIN,Herman Cain to be Republican Presidential Nominee in 2012,100,1.4,May/06/2011 03:07:18
745220,2012.REP.NOM.CAIN,Herman Cain to be Republican Presidential Nominee in 2012,40,1.5,May/06/2011 03:07:57
745220,2012.REP.NOM.CAIN,Herman Cain to be Republican Presidential Nominee in 2012,20,1.4,May/06/2011 03:43:10
745220,2012.REP.NOM.CAIN,Herman Cain to be Republican Presidential Nominee in 2012,100,1.4,May/06/2011 03:43:10
745220,2012.REP.NOM.CAIN,Herman Cain to be Republican Presidential Nominee in 2012,200,1.5,May/06/2011 03:49:33
745220,2012.REP.NOM.CAIN,Herman Cain to be Republican Presidential Nominee in 2012,15,1.5,May/06/2011 05:50:45
745220,2012.REP.NOM.CAIN,Herman Cain to be Republican Presidential Nominee in 2012,10,1.8,May/06/2011 05:53:33
745220,2012.REP.NOM.CAIN,Herman Cain to be Republican Presidential Nominee in 2012,30,1.7,May/06/2011 05:53:33
745220,2012.REP.NOM.CAIN,Herman Cain to be Republican Presidential Nominee in 2012,200,2.0,May/06/2011 05:53:33
745220,2012.REP.NOM.CAIN,Herman Cain to be Republican Presidential Nominee in 2012,3,1.6,May/06/2011 13:52:31
745220,2012.REP.NOM.CAIN,Herman Cain to be Republican Presidential Nominee in 2012,1,1.6,May/06/2011 14:17:57
745220,2012.REP.NOM.CAIN,Herman Cain to be Republican Presidential Nominee in 2012,9,1.6,May/06/2011 14:17:57
745220,2012.REP.NOM.CAIN,Herman Cain to be Republican Presidential Nominee in 2012,100,2.0,May/06/2011 15:54:32
745220,2012.REP.NOM.CAIN,Herman Cain to be Republican Presidential Nominee in 2012,150,1.9,May/06/2011 15:54:32
745220,2012.REP.NOM.CAIN,Herman Cain to be Republican Presidential Nominee in 2012,15,1.9,May/06/2011 15:54:32
745220,2012.REP.NOM.CAIN,Herman Cain to be Republican Presidential Nominee in 2012,10,1.9,May/06/2011 17:10:24
745220,2012.REP.NOM.CAIN,Herman Cain to be Republican Presidential Nominee in 2012,400,1.9,May/06/2011 17:10:24
745220,2012.REP.NOM.CAIN,Herman Cain to be Republican Presidential Nominee in 2012,10,1.9,May/06/2011 18:24:11
745220,2012.REP.NOM.CAIN,Herman Cain to be Republican Presidential Nominee in 2012,20,1.8,May/06/2011 18:24:47
745220,2012.REP.NOM.CAIN,Herman Cain to be Republican Presidential Nominee in 2012,6,1.9,May/06/2011 20:41:47
745220,2012.REP.NOM.CAIN,Herman Cain to be Republican Presidential Nominee in 2012,39,2.0,May/06/2011 21:29:55
745220,2012.REP.NOM.CAIN,Herman Cain to be Republican Presidential Nominee in 2012,22,2.1,May/06/2011 21:57:08
745220,2012.REP.NOM.CAIN,Herman Cain to be Republican Presidential Nominee in 2012,1,1.9,May/06/2011 22:44:32
745220,2012.REP.NOM.CAIN,Herman Cain to be Republican Presidential Nominee in 2012,5,2.1,May/07/2011 01:33:02
745220,2012.REP.NOM.CAIN,Herman Cain to be Republican Presidential Nominee in 2012,3,2.1,May/07/2011 02:19:22
745220,2012.REP.NOM.CAIN,Herman Cain to be Republican Presidential Nominee in 2012,10,2.3,May/07/2011 02:19:41
745220,2012.REP.NOM.CAIN,Herman Cain to be Republican Presidential Nominee in 2012,5,2.3,May/07/2011 02:20:18
745220,2012.REP.NOM.CAIN,Herman Cain to be Republican Presidential Nominee in 2012,5,2.3,May/07/2011 02:24:17
745220,2012.REP.NOM.CAIN,Herman Cain to be Republican Presidential Nominee in 2012,10,2.1,May/07/2011 04:59:30
745220,2012.REP.NOM.CAIN,Herman Cain to be Republican Presidential Nominee in 2012,30,2.0,May/07/2011 06:33:44
745220,2012.REP.NOM.CAIN,Herman Cain to be Republican Presidential Nominee in 2012,8,2.0,May/07/2011 06:55:31
745220,2012.REP.NOM.CAIN,Herman Cain to be Republican Presidential Nominee in 2012,1,2.5,May/07/2011 13:33:27
745220,2012.REP.NOM.CAIN,Herman Cain to be Republican Presidential Nominee in 2012,99,2.5,May/07/2011 18:56:22
745220,2012.REP.NOM.CAIN,Herman Cain to be Republican Presidential Nominee in 2012,12,2.5,May/07/2011 18:56:22
745220,2012.REP.NOM.CAIN,Herman Cain to be Republican Presidential Nominee in 2012,10,2.0,May/07/2011 22:13:38
745220,2012.REP.NOM.CAIN,Herman Cain to be Republican Presidential Nominee in 2012,1,1.9,May/08/2011 03:05:51
745220,2012.REP.NOM.CAIN,Herman Cain to be Republican Presidential Nominee in 2012,10,2.0,May/08/2011 03:06:05
745220,2012.REP.NOM.CAIN,Herman Cain to be Republican Presidential Nominee in 2012,1,2.4,May/08/2011 03:06:15
745220,2012.REP.NOM.CAIN,Herman Cain to be Republican Presidential Nominee in 2012,1,2.4,May/08/2011 03:19:43
745220,2012.REP.NOM.CAIN,Herman Cain to be Republican Presidential Nominee in 2012,1,2.5,May/08/2011 03:19:51
745220,2012.REP.NOM.CAIN,Herman Cain to be Republican Presidential Nominee in 2012,1,1.7,May/08/2011 07:21:48
745220,2012.REP.NOM.CAIN,Herman Cain to be Republican Presidential Nominee in 2012,1,2.3,May/08/2011 11:00:40
745220,2012.REP.NOM.CAIN,Herman Cain to be Republican Presidential Nominee in 2012,4,2.3,May/08/2011 13:54:30
745220,2012.REP.NOM.CAIN,Herman Cain to be Republican Presidential Nominee in 2012,2,2.5,May/08/2011 13:54:44
745220,2012.REP.NOM.CAIN,Herman Cain to be Republican Presidential Nominee in 2012,4,2.3,May/08/2011 17:53:08
745220,2012.REP.NOM.CAIN,Herman Cain to be Republican Presidential Nominee in 2012,6,2.1,May/09/2011 00:01:29
745220,2012.REP.NOM.CAIN,Herman Cain to be Republican Presidential Nominee in 2012,27,2.1,May/09/2011 09:20:22
745220,2012.REP.NOM.CAIN,Herman Cain to be Republican Presidential Nominee in 2012,16,2.4,May/09/2011 12:17:29
745220,2012.REP.NOM.CAIN,Herman Cain to be Republican Presidential Nominee in 2012,1,2.7,May/09/2011 12:35:35
745220,2012.REP.NOM.CAIN,Herman Cain to be Republican Presidential Nominee in 2012,40,2.4,May/09/2011 15:07:16
745220,2012.REP.NOM.CAIN,Herman Cain to be Republican Presidential Nominee in 2012,20,2.4,May/09/2011 15:44:31
745220,2012.REP.NOM.CAIN,Herman Cain to be Republican Presidential Nominee in 2012,7,2.5,May/09/2011 18:16:45
745220,2012.REP.NOM.CAIN,Herman Cain to be Republican Presidential Nominee in 2012,3,2.5,May/09/2011 20:44:28
745220,2012.REP.NOM.CAIN,Herman Cain to be Republican Presidential Nominee in 2012,9,2.7,May/09/2011 20:44:42
745220,2012.REP.NOM.CAIN,Herman Cain to be Republican Presidential Nominee in 2012,38,2.8,May/09/2011 20:45:12
745220,2012.REP.NOM.CAIN,Herman Cain to be Republican Presidential Nominee in 2012,10,3.0,May/09/2011 20:48:51
745220,2012.REP.NOM.CAIN,Herman Cain to be Republican Presidential Nominee in 2012,9,2.7,May/09/2011 21:07:37
745220,2012.REP.NOM.CAIN,Herman Cain to be Republican Presidential Nominee in 2012,15,2.9,May/09/2011 21:16:05
745220,2012.REP.NOM.CAIN,Herman Cain to be Republican Presidential Nominee in 2012,34,3.0,May/09/2011 21:19:46
745220,2012.REP.NOM.CAIN,Herman Cain to be Republican Presidential Nominee in 2012,1,2.4,May/09/2011 22:04:37
745220,2012.REP.NOM.CAIN,Herman Cain to be Republican Presidential Nominee in 2012,1,2.4,May/09/2011 22:05:32
745220,2012.REP.NOM.CAIN,Herman Cain to be Republican Presidential Nominee in 2012,5,2.4,May/09/2011 22:09:30
745220,2012.REP.NOM.CAIN,Herman Cain to be Republican Presidential Nominee in 2012,10,2.5,May/10/2011 00:26:14
745220,2012.REP.NOM.CAIN,Herman Cain to be Republican Presidential Nominee in 2012,5,2.9,May/10/2011 00:27:03
745220,2012.REP.NOM.CAIN,Herman Cain to be Republican Presidential Nominee in 2012,1,3.0,May/10/2011 00:27:18
745220,2012.REP.NOM.CAIN,Herman Cain to be Republican Presidential Nominee in 2012,133,2.4,May/10/2011 03:08:14
745220,2012.REP.NOM.CAIN,Herman Cain to be Republican Presidential Nominee in 2012,10,2.5,May/10/2011 03:48:08
745220,2012.REP.NOM.CAIN,Herman Cain to be Republican Presidential Nominee in 2012,1,2.9,May/10/2011 03:48:20
745220,2012.REP.NOM.CAIN,Herman Cain to be Republican Presidential Nominee in 2012,155,3.0,May/10/2011 04:00:32
745220,2012.REP.NOM.CAIN,Herman Cain to be Republican Presidential Nominee in 2012,20,3.0,May/10/2011 04:00:32
745220,2012.REP.NOM.CAIN,Herman Cain to be Republican Presidential Nominee in 2012,20,3.0,May/10/2011 04:00:32
745220,2012.REP.NOM.CAIN,Herman Cain to be Republican Presidential Nominee in 2012,26,2.9,May/10/2011 04:00:32
745220,2012.REP.NOM.CAIN,Herman Cain to be Republican Presidential Nominee in 2012,8,2.9,May/10/2011 04:00:32
745220,2012.REP.NOM.CAIN,Herman Cain to be Republican Presidential Nominee in 2012,1,3.0,May/10/2011 04:00:37
745220,2012.REP.NOM.CAIN,Herman Cain to be Republican Presidential Nominee in 2012,1,3.0,May/10/2011 04:00:42
745220,2012.REP.NOM.CAIN,Herman Cain to be Republican Presidential Nominee in 2012,1,3.0,May/10/2011 04:00:47
745220,2012.REP.NOM.CAIN,Herman Cain to be Republican Presidential Nominee in 2012,1,3.0,May/10/2011 04:00:53
745220,2012.REP.NOM.CAIN,Herman Cain to be Republican Presidential Nominee in 2012,10,3.4,May/10/2011 05:38:33
745220,2012.REP.NOM.CAIN,Herman Cain to be Republican Presidential Nominee in 2012,5,4.6,May/10/2011 09:42:31
745220,2012.REP.NOM.CAIN,Herman Cain to be Republican Presidential Nominee in 2012,3,4.3,May/10/2011 13:07:43
745220,2012.REP.NOM.CAIN,Herman Cain to be Republican Presidential Nominee in 2012,1,4.3,May/10/2011 13:08:02
745220,2012.REP.NOM.CAIN,Herman Cain to be Republican Presidential Nominee in 2012,1,4.3,May/10/2011 13:08:08
745220,2012.REP.NOM.CAIN,Herman Cain to be Republican Presidential Nominee in 2012,10,4.4,May/10/2011 13:08:10
745220,2012.REP.NOM.CAIN,Herman Cain to be Republican Presidential Nominee in 2012,1,4.3,May/10/2011 13:08:14
745220,2012.REP.NOM.CAIN,Herman Cain to be Republican Presidential Nominee in 2012,1,4.4,May/10/2011 13:08:25
745220,2012.REP.NOM.CAIN,Herman Cain to be Republican Presidential Nominee in 2012,200,4.5,May/10/2011 13:11:03
745220,2012.REP.NOM.CAIN,Herman Cain to be Republican Presidential Nominee in 2012,5,4.6,May/10/2011 13:11:19
745220,2012.REP.NOM.CAIN,Herman Cain to be Republican Presidential Nominee in 2012,40,4.6,May/10/2011 14:02:17
745220,2012.REP.NOM.CAIN,Herman Cain to be Republican Presidential Nominee in 2012,5,4.5,May/10/2011 14:02:17
745220,2012.REP.NOM.CAIN,Herman Cain to be Republican Presidential Nominee in 2012,5,4.5,May/10/2011 14:02:17
745220,2012.REP.NOM.CAIN,Herman Cain to be Republican Presidential Nominee in 2012,1,4.6,May/10/2011 14:02:20
745220,2012.REP.NOM.CAIN,Herman Cain to be Republican Presidential Nominee in 2012,50,5.0,May/10/2011 14:03:04
745220,2012.REP.NOM.CAIN,Herman Cain to be Republican Presidential Nominee in 2012,10,4.8,May/10/2011 14:03:04
745220,2012.REP.NOM.CAIN,Herman Cain to be Republican Presidential Nominee in 2012,11,4.7,May/10/2011 14:03:04
745220,2012.REP.NOM.CAIN,Herman Cain to be Republican Presidential Nominee in 2012,25,4.9,May/10/2011 14:03:04
745220,2012.REP.NOM.CAIN,Herman Cain to be Republican Presidential Nominee in 2012,25,5.1,May/10/2011 14:03:38
745220,2012.REP.NOM.CAIN,Herman Cain to be Republican Presidential Nominee in 2012,1,4.6,May/10/2011 14:03:51
745220,2012.REP.NOM.CAIN,Herman Cain to be Republican Presidential Nominee in 2012,2,4.6,May/10/2011 14:04:01
745220,2012.REP.NOM.CAIN,Herman Cain to be Republican Presidential Nominee in 2012,1,4.6,May/10/2011 14:04:16
745220,2012.REP.NOM.CAIN,Herman Cain to be Republican Presidential Nominee in 2012,1,4.6,May/10/2011 14:04:21
745220,2012.REP.NOM.CAIN,Herman Cain to be Republican Presidential Nominee in 2012,4,4.6,May/10/2011 14:04:26
745220,2012.REP.NOM.CAIN,Herman Cain to be Republican Presidential Nominee in 2012,5,3.7,May/10/2011 14:11:45
745220,2012.REP.NOM.CAIN,Herman Cain to be Republican Presidential Nominee in 2012,1,4.9,May/10/2011 14:20:33
745220,2012.REP.NOM.CAIN,Herman Cain to be Republican Presidential Nominee in 2012,10,4.0,May/10/2011 15:10:42
745220,2012.REP.NOM.CAIN,Herman Cain to be Republican Presidential Nominee in 2012,1,4.0,May/10/2011 15:24:01
745220,2012.REP.NOM.CAIN,Herman Cain to be Republican Presidential Nominee in 2012,4,4.0,May/10/2011 16:15:51
745220,2012.REP.NOM.CAIN,Herman Cain to be Republican Presidential Nominee in 2012,10,4.0,May/10/2011 17:19:44
745220,2012.REP.NOM.CAIN,Herman Cain to be Republican Presidential Nominee in 2012,10,4.0,May/10/2011 17:22:50
745220,2012.REP.NOM.CAIN,Herman Cain to be Republican Presidential Nominee in 2012,1,4.4,May/10/2011 20:14:26
745220,2012.REP.NOM.CAIN,Herman Cain to be Republican Presidential Nominee in 2012,26,4.4,May/10/2011 20:14:26
745220,2012.REP.NOM.CAIN,Herman Cain to be Republican Presidential Nominee in 2012,1,4.3,May/10/2011 20:14:26
745220,2012.REP.NOM.CAIN,Herman Cain to be Republican Presidential Nominee in 2012,1,4.2,May/10/2011 20:14:26
745220,2012.REP.NOM.CAIN,Herman Cain to be Republican Presidential Nominee in 2012,1,4.0,May/10/2011 20:14:26
745220,2012.REP.NOM.CAIN,Herman Cain to be Republican Presidential Nominee in 2012,4,4.4,May/10/2011 21:04:59
745220,2012.REP.NOM.CAIN,Herman Cain to be Republican Presidential Nominee in 2012,1,4.4,May/10/2011 21:04:59
745220,2012.REP.NOM.CAIN,Herman Cain to be Republican Presidential Nominee in 2012,7,4.0,May/10/2011 23:58:45
745220,2012.REP.NOM.CAIN,Herman Cain to be Republican Presidential Nominee in 2012,1,3.8,May/11/2011 04:30:19
745220,2012.REP.NOM.CAIN,Herman Cain to be Republican Presidential Nominee in 2012,5,3.9,May/11/2011 10:15:58
745220,2012.REP.NOM.CAIN,Herman Cain to be Republican Presidential Nominee in 2012,20,3.0,May/11/2011 13:24:03
745220,2012.REP.NOM.CAIN,Herman Cain to be Republican Presidential Nominee in 2012,25,3.0,May/11/2011 13:39:35
745220,2012.REP.NOM.CAIN,Herman Cain to be Republican Presidential Nominee in 2012,5,3.0,May/11/2011 14:30:15
745220,2012.REP.NOM.CAIN,Herman Cain to be Republican Presidential Nominee in 2012,10,3.0,May/11/2011 15:50:07
745220,2012.REP.NOM.CAIN,Herman Cain to be Republican Presidential Nominee in 2012,5,3.3,May/11/2011 16:02:13
745220,2012.REP.NOM.CAIN,Herman Cain to be Republican Presidential Nominee in 2012,10,3.3,May/11/2011 16:02:13
745220,2012.REP.NOM.CAIN,Herman Cain to be Republican Presidential Nominee in 2012,7,3.4,May/11/2011 16:02:27
745220,2012.REP.NOM.CAIN,Herman Cain to be Republican Presidential Nominee in 2012,5,3.5,May/12/2011 08:53:06
745220,2012.REP.NOM.CAIN,Herman Cain to be Republican Presidential Nominee in 2012,5,3.8,May/12/2011 16:28:13
745220,2012.REP.NOM.CAIN,Herman Cain to be Republican Presidential Nominee in 2012,5,3.7,May/12/2011 16:28:13
745220,2012.REP.NOM.CAIN,Herman Cain to be Republican Presidential Nominee in 2012,2,3.6,May/12/2011 16:28:13
745220,2012.REP.NOM.CAIN,Herman Cain to be Republican Presidential Nominee in 2012,2,3.8,May/12/2011 16:28:13
745220,2012.REP.NOM.CAIN,Herman Cain to be Republican Presidential Nominee in 2012,1,3.8,May/12/2011 16:28:13
745220,2012.REP.NOM.CAIN,Herman Cain to be Republican Presidential Nominee in 2012,10,3.6,May/12/2011 16:28:13
745220,2012.REP.NOM.CAIN,Herman Cain to be Republican Presidential Nominee in 2012,5,3.5,May/12/2011 16:28:13
745220,2012.REP.NOM.CAIN,Herman Cain to be Republican Presidential Nominee in 2012,10,3.5,May/12/2011 16:28:13
745220,2012.REP.NOM.CAIN,Herman Cain to be Republican Presidential Nominee in 2012,1,3.5,May/12/2011 21:48:34
745220,2012.REP.NOM.CAIN,Herman Cain to be Republican Presidential Nominee in 2012,15,3.4,May/12/2011 22:48:50
745220,2012.REP.NOM.CAIN,Herman Cain to be Republican Presidential Nominee in 2012,10,3.5,May/13/2011 00:19:18
745220,2012.REP.NOM.CAIN,Herman Cain to be Republican Presidential Nominee in 2012,8,3.4,May/13/2011 01:36:33
745220,2012.REP.NOM.CAIN,Herman Cain to be Republican Presidential Nominee in 2012,13,3.4,May/13/2011 01:46:29
745220,2012.REP.NOM.CAIN,Herman Cain to be Republican Presidential Nominee in 2012,10,3.5,May/13/2011 04:53:17
745220,2012.REP.NOM.CAIN,Herman Cain to be Republican Presidential Nominee in 2012,10,3.5,May/13/2011 13:08:55
745220,2012.REP.NOM.CAIN,Herman Cain to be Republican Presidential Nominee in 2012,2,3.6,May/13/2011 13:50:54
745220,2012.REP.NOM.CAIN,Herman Cain to be Republican Presidential Nominee in 2012,2,3.6,May/13/2011 13:50:54
745220,2012.REP.NOM.CAIN,Herman Cain to be Republican Presidential Nominee in 2012,13,3.6,May/13/2011 13:50:54
745220,2012.REP.NOM.CAIN,Herman Cain to be Republican Presidential Nominee in 2012,30,3.6,May/13/2011 18:42:16
745220,2012.REP.NOM.CAIN,Herman Cain to be Republican Presidential Nominee in 2012,34,3.6,May/13/2011 18:43:49
745220,2012.REP.NOM.CAIN,Herman Cain to be Republican Presidential Nominee in 2012,1,3.6,May/13/2011 19:01:15
745220,2012.REP.NOM.CAIN,Herman Cain to be Republican Presidential Nominee in 2012,10,3.6,May/13/2011 19:16:21
745220,2012.REP.NOM.CAIN,Herman Cain to be Republican Presidential Nominee in 2012,5,3.6,May/13/2011 19:32:39
745220,2012.REP.NOM.CAIN,Herman Cain to be Republican Presidential Nominee in 2012,3,3.6,May/13/2011 19:32:56
745220,2012.REP.NOM.CAIN,Herman Cain to be Republican Presidential Nominee in 2012,10,3.7,May/13/2011 21:11:28
745220,2012.REP.NOM.CAIN,Herman Cain to be Republican Presidential Nominee in 2012,10,3.7,May/13/2011 21:11:28
745220,2012.REP.NOM.CAIN,Herman Cain to be Republican Presidential Nominee in 2012,1,3.7,May/13/2011 22:14:47
745220,2012.REP.NOM.CAIN,Herman Cain to be Republican Presidential Nominee in 2012,3,3.8,May/14/2011 00:11:55
745220,2012.REP.NOM.CAIN,Herman Cain to be Republican Presidential Nominee in 2012,10,3.8,May/14/2011 00:11:55
745220,2012.REP.NOM.CAIN,Herman Cain to be Republican Presidential Nominee in 2012,2,3.8,May/14/2011 00:11:55
745220,2012.REP.NOM.CAIN,Herman Cain to be Republican Presidential Nominee in 2012,5,3.9,May/14/2011 00:13:42
745220,2012.REP.NOM.CAIN,Herman Cain to be Republican Presidential Nominee in 2012,1,3.9,May/14/2011 00:13:42
745220,2012.REP.NOM.CAIN,Herman Cain to be Republican Presidential Nominee in 2012,4,3.9,May/14/2011 00:13:42
745220,2012.REP.NOM.CAIN,Herman Cain to be Republican Presidential Nominee in 2012,2,3.9,May/14/2011 00:14:08
745220,2012.REP.NOM.CAIN,Herman Cain to be Republican Presidential Nominee in 2012,10,3.7,May/14/2011 15:39:24
745220,2012.REP.NOM.CAIN,Herman Cain to be Republican Presidential Nominee in 2012,10,3.7,May/14/2011 16:34:13
745220,2012.REP.NOM.CAIN,Herman Cain to be Republican Presidential Nominee in 2012,10,3.6,May/14/2011 18:14:19
745220,2012.REP.NOM.CAIN,Herman Cain to be Republican Presidential Nominee in 2012,11,3.7,May/14/2011 20:03:56
745220,2012.REP.NOM.CAIN,Herman Cain to be Republican Presidential Nominee in 2012,40,3.6,May/14/2011 22:23:07
745220,2012.REP.NOM.CAIN,Herman Cain to be Republican Presidential Nominee in 2012,13,3.7,May/15/2011 00:57:46
745220,2012.REP.NOM.CAIN,Herman Cain to be Republican Presidential Nominee in 2012,10,3.8,May/15/2011 00:57:58
745220,2012.REP.NOM.CAIN,Herman Cain to be Republican Presidential Nominee in 2012,10,4.8,May/15/2011 00:58:14
745220,2012.REP.NOM.CAIN,Herman Cain to be Republican Presidential Nominee in 2012,4,4.7,May/15/2011 00:58:14
745220,2012.REP.NOM.CAIN,Herman Cain to be Republican Presidential Nominee in 2012,10,4.9,May/15/2011 00:58:14
745220,2012.REP.NOM.CAIN,Herman Cain to be Republican Presidential Nominee in 2012,9,4.4,May/15/2011 00:58:14
745220,2012.REP.NOM.CAIN,Herman Cain to be Republican Presidential Nominee in 2012,17,4.4,May/15/2011 00:58:14
745220,2012.REP.NOM.CAIN,Herman Cain to be Republican Presidential Nominee in 2012,50,5.0,May/15/2011 00:58:14
745220,2012.REP.NOM.CAIN,Herman Cain to be Republican Presidential Nominee in 2012,4,3.9,May/15/2011 00:58:14
745220,2012.REP.NOM.CAIN,Herman Cain to be Republican Presidential Nominee in 2012,10,3.9,May/15/2011 00:58:14
745220,2012.REP.NOM.CAIN,Herman Cain to be Republican Presidential Nominee in 2012,10,4.0,May/15/2011 00:58:14
745220,2012.REP.NOM.CAIN,Herman Cain to be Republican Presidential Nominee in 2012,10,4.5,May/15/2011 00:58:14
745220,2012.REP.NOM.CAIN,Herman Cain to be Republican Presidential Nominee in 2012,10,5.0,May/15/2011 00:58:14
745220,2012.REP.NOM.CAIN,Herman Cain to be Republican Presidential Nominee in 2012,10,4.0,May/15/2011 00:58:14
745220,2012.REP.NOM.CAIN,Herman Cain to be Republican Presidential Nominee in 2012,10,4.5,May/15/2011 00:58:14
745220,2012.REP.NOM.CAIN,Herman Cain to be Republican Presidential Nominee in 2012,10,4.3,May/15/2011 00:58:14
745220,2012.REP.NOM.CAIN,Herman Cain to be Republican Presidential Nominee in 2012,10,4.2,May/15/2011 00:58:14
745220,2012.REP.NOM.CAIN,Herman Cain to be Republican Presidential Nominee in 2012,10,3.9,May/15/2011 00:58:14
745220,2012.REP.NOM.CAIN,Herman Cain to be Republican Presidential Nominee in 2012,10,4.0,May/15/2011 00:58:14
745220,2012.REP.NOM.CAIN,Herman Cain to be Republican Presidential Nominee in 2012,10,4.0,May/15/2011 00:58:14
745220,2012.REP.NOM.CAIN,Herman Cain to be Republican Presidential Nominee in 2012,10,4.3,May/15/2011 00:58:14
745220,2012.REP.NOM.CAIN,Herman Cain to be Republican Presidential Nominee in 2012,10,4.8,May/15/2011 03:45:31
745220,2012.REP.NOM.CAIN,Herman Cain to be Republican Presidential Nominee in 2012,10,4.7,May/15/2011 05:37:55
745220,2012.REP.NOM.CAIN,Herman Cain to be Republican Presidential Nominee in 2012,10,4.6,May/15/2011 06:55:25
745220,2012.REP.NOM.CAIN,Herman Cain to be Republican Presidential Nominee in 2012,10,4.5,May/15/2011 13:11:17
745220,2012.REP.NOM.CAIN,Herman Cain to be Republican Presidential Nominee in 2012,6,4.5,May/15/2011 13:43:59
745220,2012.REP.NOM.CAIN,Herman Cain to be Republican Presidential Nominee in 2012,5,4.5,May/15/2011 14:01:48
745220,2012.REP.NOM.CAIN,Herman Cain to be Republican Presidential Nominee in 2012,20,4.6,May/15/2011 14:02:09
745220,2012.REP.NOM.CAIN,Herman Cain to be Republican Presidential Nominee in 2012,5,4.6,May/15/2011 14:02:09
745220,2012.REP.NOM.CAIN,Herman Cain to be Republican Presidential Nominee in 2012,6,4.6,May/15/2011 14:07:57
745220,2012.REP.NOM.CAIN,Herman Cain to be Republican Presidential Nominee in 2012,10,4.7,May/15/2011 14:08:24
745220,2012.REP.NOM.CAIN,Herman Cain to be Republican Presidential Nominee in 2012,10,4.4,May/15/2011 16:12:51
745220,2012.REP.NOM.CAIN,Herman Cain to be Republican Presidential Nominee in 2012,10,4.3,May/15/2011 16:57:27
745220,2012.REP.NOM.CAIN,Herman Cain to be Republican Presidential Nominee in 2012,1,4.8,May/15/2011 16:58:04
745220,2012.REP.NOM.CAIN,Herman Cain to be Republican Presidential Nominee in 2012,5,4.7,May/15/2011 16:58:04
745220,2012.REP.NOM.CAIN,Herman Cain to be Republican Presidential Nominee in 2012,10,4.5,May/15/2011 16:58:04
745220,2012.REP.NOM.CAIN,Herman Cain to be Republican Presidential Nominee in 2012,50,4.4,May/15/2011 16:58:04
745220,2012.REP.NOM.CAIN,Herman Cain to be Republican Presidential Nominee in 2012,90,4.8,May/15/2011 16:58:04
745220,2012.REP.NOM.CAIN,Herman Cain to be Republican Presidential Nominee in 2012,10,5.0,May/15/2011 17:03:13
745220,2012.REP.NOM.CAIN,Herman Cain to be Republican Presidential Nominee in 2012,10,5.0,May/15/2011 17:03:13
745220,2012.REP.NOM.CAIN,Herman Cain to be Republican Presidential Nominee in 2012,2,4.9,May/15/2011 17:03:13
745220,2012.REP.NOM.CAIN,Herman Cain to be Republican Presidential Nominee in 2012,2,4.9,May/15/2011 17:03:13
745220,2012.REP.NOM.CAIN,Herman Cain to be Republican Presidential Nominee in 2012,3,5.0,May/15/2011 17:03:13
745220,2012.REP.NOM.CAIN,Herman Cain to be Republican Presidential Nominee in 2012,17,5.0,May/15/2011 17:03:13
745220,2012.REP.NOM.CAIN,Herman Cain to be Republican Presidential Nominee in 2012,10,5.0,May/15/2011 17:28:39
745220,2012.REP.NOM.CAIN,Herman Cain to be Republican Presidential Nominee in 2012,15,4.9,May/15/2011 17:28:39
745220,2012.REP.NOM.CAIN,Herman Cain to be Republican Presidential Nominee in 2012,10,4.8,May/15/2011 17:28:39
745220,2012.REP.NOM.CAIN,Herman Cain to be Republican Presidential Nominee in 2012,4,5.1,May/15/2011 17:32:20
745220,2012.REP.NOM.CAIN,Herman Cain to be Republican Presidential Nominee in 2012,10,5.1,May/15/2011 17:32:47
745220,2012.REP.NOM.CAIN,Herman Cain to be Republican Presidential Nominee in 2012,10,5.1,May/15/2011 17:34:07
745220,2012.REP.NOM.CAIN,Herman Cain to be Republican Presidential Nominee in 2012,4,5.4,May/15/2011 17:34:28
745220,2012.REP.NOM.CAIN,Herman Cain to be Republican Presidential Nominee in 2012,2,5.3,May/15/2011 17:34:28
745220,2012.REP.NOM.CAIN,Herman Cain to be Republican Presidential Nominee in 2012,3,5.2,May/15/2011 17:34:28
745220,2012.REP.NOM.CAIN,Herman Cain to be Republican Presidential Nominee in 2012,11,5.3,May/15/2011 17:34:28
745220,2012.REP.NOM.CAIN,Herman Cain to be Republican Presidential Nominee in 2012,5,5.2,May/15/2011 17:34:28
745220,2012.REP.NOM.CAIN,Herman Cain to be Republican Presidential Nominee in 2012,6,5.3,May/15/2011 17:34:28
745220,2012.REP.NOM.CAIN,Herman Cain to be Republican Presidential Nominee in 2012,4,5.4,May/15/2011 17:34:28
745220,2012.REP.NOM.CAIN,Herman Cain to be Republican Presidential Nominee in 2012,10,5.9,May/15/2011 17:49:36
745220,2012.REP.NOM.CAIN,Herman Cain to be Republican Presidential Nominee in 2012,10,5.5,May/15/2011 17:49:36
745220,2012.REP.NOM.CAIN,Herman Cain to be Republican Presidential Nominee in 2012,10,5.8,May/15/2011 17:49:36
745220,2012.REP.NOM.CAIN,Herman Cain to be Republican Presidential Nominee in 2012,3,5.4,May/15/2011 17:49:36
745220,2012.REP.NOM.CAIN,Herman Cain to be Republican Presidential Nominee in 2012,8,5.5,May/15/2011 17:49:36
745220,2012.REP.NOM.CAIN,Herman Cain to be Republican Presidential Nominee in 2012,9,5.6,May/15/2011 17:49:36
745220,2012.REP.NOM.CAIN,Herman Cain to be Republican Presidential Nominee in 2012,10,6.0,May/15/2011 17:55:44
745220,2012.REP.NOM.CAIN,Herman Cain to be Republican Presidential Nominee in 2012,100,8.0,May/15/2011 17:57:41
745220,2012.REP.NOM.CAIN,Herman Cain to be Republican Presidential Nominee in 2012,10,6.9,May/15/2011 17:57:41
745220,2012.REP.NOM.CAIN,Herman Cain to be Republican Presidential Nominee in 2012,2,6.0,May/15/2011 19:26:16
745220,2012.REP.NOM.CAIN,Herman Cain to be Republican Presidential Nominee in 2012,5,6.0,May/15/2011 19:26:54
745220,2012.REP.NOM.CAIN,Herman Cain to be Republican Presidential Nominee in 2012,4,5.9,May/15/2011 19:26:54
745220,2012.REP.NOM.CAIN,Herman Cain to be Republican Presidential Nominee in 2012,3,6.0,May/15/2011 19:27:22
745220,2012.REP.NOM.CAIN,Herman Cain to be Republican Presidential Nominee in 2012,1,6.0,May/15/2011 19:27:22
745220,2012.REP.NOM.CAIN,Herman Cain to be Republican Presidential Nominee in 2012,1,6.1,May/15/2011 19:27:49
745220,2012.REP.NOM.CAIN,Herman Cain to be Republican Presidential Nominee in 2012,8,6.0,May/15/2011 19:29:14
745220,2012.REP.NOM.CAIN,Herman Cain to be Republican Presidential Nominee in 2012,1,6.0,May/15/2011 19:32:39
745220,2012.REP.NOM.CAIN,Herman Cain to be Republican Presidential Nominee in 2012,2,6.1,May/15/2011 19:33:08
745220,2012.REP.NOM.CAIN,Herman Cain to be Republican Presidential Nominee in 2012,1,6.0,May/15/2011 19:33:08
745220,2012.REP.NOM.CAIN,Herman Cain to be Republican Presidential Nominee in 2012,1,5.6,May/15/2011 19:50:53
745220,2012.REP.NOM.CAIN,Herman Cain to be Republican Presidential Nominee in 2012,1,5.9,May/15/2011 20:39:31
745220,2012.REP.NOM.CAIN,Herman Cain to be Republican Presidential Nominee in 2012,1,5.9,May/15/2011 22:31:10
745220,2012.REP.NOM.CAIN,Herman Cain to be Republican Presidential Nominee in 2012,1,6.0,May/15/2011 22:32:41
745220,2012.REP.NOM.CAIN,Herman Cain to be Republican Presidential Nominee in 2012,10,6.0,May/15/2011 22:32:41
745220,2012.REP.NOM.CAIN,Herman Cain to be Republican Presidential Nominee in 2012,9,6.0,May/15/2011 22:32:41
745220,2012.REP.NOM.CAIN,Herman Cain to be Republican Presidential Nominee in 2012,1,6.0,May/15/2011 22:32:41
745220,2012.REP.NOM.CAIN,Herman Cain to be Republican Presidential Nominee in 2012,1,6.1,May/15/2011 22:33:37
745220,2012.REP.NOM.CAIN,Herman Cain to be Republican Presidential Nominee in 2012,1,6.1,May/15/2011 22:33:37
745220,2012.REP.NOM.CAIN,Herman Cain to be Republican Presidential Nominee in 2012,2,6.2,May/15/2011 22:38:27
745220,2012.REP.NOM.CAIN,Herman Cain to be Republican Presidential Nominee in 2012,10,5.0,May/15/2011 23:09:04
745220,2012.REP.NOM.CAIN,Herman Cain to be Republican Presidential Nominee in 2012,9,5.6,May/15/2011 23:09:04
745220,2012.REP.NOM.CAIN,Herman Cain to be Republican Presidential Nominee in 2012,1,5.7,May/15/2011 23:09:04
745220,2012.REP.NOM.CAIN,Herman Cain to be Republican Presidential Nominee in 2012,1,4.5,May/15/2011 23:59:29
745220,2012.REP.NOM.CAIN,Herman Cain to be Republican Presidential Nominee in 2012,2,4.5,May/16/2011 00:00:26
745220,2012.REP.NOM.CAIN,Herman Cain to be Republican Presidential Nominee in 2012,1,5.4,May/16/2011 02:35:43
745220,2012.REP.NOM.CAIN,Herman Cain to be Republican Presidential Nominee in 2012,2,5.5,May/16/2011 02:35:55
745220,2012.REP.NOM.CAIN,Herman Cain to be Republican Presidential Nominee in 2012,10,5.5,May/16/2011 02:35:55
745220,2012.REP.NOM.CAIN,Herman Cain to be Republican Presidential Nominee in 2012,5,5.8,May/16/2011 02:36:13
745220,2012.REP.NOM.CAIN,Herman Cain to be Republican Presidential Nominee in 2012,5,5.5,May/16/2011 04:15:08
745220,2012.REP.NOM.CAIN,Herman Cain to be Republican Presidential Nominee in 2012,7,5.5,May/16/2011 04:17:25
745220,2012.REP.NOM.CAIN,Herman Cain to be Republican Presidential Nominee in 2012,1,5.5,May/16/2011 04:17:32
745220,2012.REP.NOM.CAIN,Herman Cain to be Republican Presidential Nominee in 2012,10,5.6,May/16/2011 04:20:47
745220,2012.REP.NOM.CAIN,Herman Cain to be Republican Presidential Nominee in 2012,10,5.9,May/16/2011 04:21:50
745220,2012.REP.NOM.CAIN,Herman Cain to be Republican Presidential Nominee in 2012,5,5.7,May/16/2011 04:21:50
745220,2012.REP.NOM.CAIN,Herman Cain to be Republican Presidential Nominee in 2012,5,5.9,May/16/2011 04:22:46
745220,2012.REP.NOM.CAIN,Herman Cain to be Republican Presidential Nominee in 2012,9,6.0,May/16/2011 04:22:46
745220,2012.REP.NOM.CAIN,Herman Cain to be Republican Presidential Nominee in 2012,10,6.9,May/16/2011 15:13:05
745220,2012.REP.NOM.CAIN,Herman Cain to be Republican Presidential Nominee in 2012,10,6.4,May/16/2011 15:13:05
745220,2012.REP.NOM.CAIN,Herman Cain to be Republican Presidential Nominee in 2012,1,6.3,May/16/2011 15:13:05
745220,2012.REP.NOM.CAIN,Herman Cain to be Republican Presidential Nominee in 2012,1,6.4,May/16/2011 15:13:05
745220,2012.REP.NOM.CAIN,Herman Cain to be Republican Presidential Nominee in 2012,1,6.5,May/16/2011 15:13:05
745220,2012.REP.NOM.CAIN,Herman Cain to be Republican Presidential Nominee in 2012,1,6.6,May/16/2011 15:13:05
745220,2012.REP.NOM.CAIN,Herman Cain to be Republican Presidential Nominee in 2012,10,6.7,May/16/2011 15:13:05
745220,2012.REP.NOM.CAIN,Herman Cain to be Republican Presidential Nominee in 2012,1,6.2,May/16/2011 15:13:05
745220,2012.REP.NOM.CAIN,Herman Cain to be Republican Presidential Nominee in 2012,10,6.3,May/16/2011 15:13:05
745220,2012.REP.NOM.CAIN,Herman Cain to be Republican Presidential Nominee in 2012,1,6.0,May/16/2011 15:13:05
745220,2012.REP.NOM.CAIN,Herman Cain to be Republican Presidential Nominee in 2012,1,6.2,May/16/2011 15:13:05
745220,2012.REP.NOM.CAIN,Herman Cain to be Republican Presidential Nominee in 2012,1,6.2,May/16/2011 15:13:05
745220,2012.REP.NOM.CAIN,Herman Cain to be Republican Presidential Nominee in 2012,5,5.9,May/16/2011 15:13:05
745220,2012.REP.NOM.CAIN,Herman Cain to be Republican Presidential Nominee in 2012,5,6.1,May/16/2011 15:13:05
745220,2012.REP.NOM.CAIN,Herman Cain to be Republican Presidential Nominee in 2012,5,6.3,May/16/2011 15:13:05
745220,2012.REP.NOM.CAIN,Herman Cain to be Republican Presidential Nominee in 2012,10,6.5,May/16/2011 15:13:05
745220,2012.REP.NOM.CAIN,Herman Cain to be Republican Presidential Nominee in 2012,10,6.8,May/16/2011 15:13:05
745220,2012.REP.NOM.CAIN,Herman Cain to be Republican Presidential Nominee in 2012,25,7.0,May/16/2011 15:13:05
745220,2012.REP.NOM.CAIN,Herman Cain to be Republican Presidential Nominee in 2012,25,5.5,May/16/2011 15:13:05
745220,2012.REP.NOM.CAIN,Herman Cain to be Republican Presidential Nominee in 2012,10,5.9,May/16/2011 15:13:05
745220,2012.REP.NOM.CAIN,Herman Cain to be Republican Presidential Nominee in 2012,50,7.0,May/16/2011 15:14:15
745220,2012.REP.NOM.CAIN,Herman Cain to be Republican Presidential Nominee in 2012,107,7.0,May/16/2011 15:14:25
745220,2012.REP.NOM.CAIN,Herman Cain to be Republican Presidential Nominee in 2012,10,5.5,May/16/2011 17:27:33
745220,2012.REP.NOM.CAIN,Herman Cain to be Republican Presidential Nominee in 2012,10,5.6,May/16/2011 17:27:33
745220,2012.REP.NOM.CAIN,Herman Cain to be Republican Presidential Nominee in 2012,10,5.7,May/16/2011 17:27:33
745220,2012.REP.NOM.CAIN,Herman Cain to be Republican Presidential Nominee in 2012,100,6.5,May/16/2011 18:02:56
745220,2012.REP.NOM.CAIN,Herman Cain to be Republican Presidential Nominee in 2012,1,6.8,May/16/2011 18:19:21
745220,2012.REP.NOM.CAIN,Herman Cain to be Republican Presidential Nominee in 2012,3,6.7,May/16/2011 18:19:21
745220,2012.REP.NOM.CAIN,Herman Cain to be Republican Presidential Nominee in 2012,3,6.8,May/16/2011 18:19:21
745220,2012.REP.NOM.CAIN,Herman Cain to be Republican Presidential Nominee in 2012,3,6.6,May/16/2011 18:19:21
745220,2012.REP.NOM.CAIN,Herman Cain to be Republican Presidential Nominee in 2012,10,6.7,May/16/2011 18:19:21
745220,2012.REP.NOM.CAIN,Herman Cain to be Republican Presidential Nominee in 2012,5,6.8,May/16/2011 18:21:42
745220,2012.REP.NOM.CAIN,Herman Cain to be Republican Presidential Nominee in 2012,1,6.8,May/16/2011 18:46:36
745220,2012.REP.NOM.CAIN,Herman Cain to be Republican Presidential Nominee in 2012,10,6.9,May/16/2011 18:47:23
745220,2012.REP.NOM.CAIN,Herman Cain to be Republican Presidential Nominee in 2012,10,6.9,May/16/2011 18:47:23
745220,2012.REP.NOM.CAIN,Herman Cain to be Republican Presidential Nominee in 2012,10,7.0,May/16/2011 18:47:54
745220,2012.REP.NOM.CAIN,Herman Cain to be Republican Presidential Nominee in 2012,10,7.0,May/16/2011 18:47:54
745220,2012.REP.NOM.CAIN,Herman Cain to be Republican Presidential Nominee in 2012,10,7.0,May/16/2011 18:47:54
745220,2012.REP.NOM.CAIN,Herman Cain to be Republican Presidential Nominee in 2012,50,7.2,May/16/2011 18:48:20
745220,2012.REP.NOM.CAIN,Herman Cain to be Republican Presidential Nominee in 2012,100,7.3,May/16/2011 18:48:46
745220,2012.REP.NOM.CAIN,Herman Cain to be Republican Presidential Nominee in 2012,10,7.4,May/16/2011 18:49:06
745220,2012.REP.NOM.CAIN,Herman Cain to be Republican Presidential Nominee in 2012,10,7.4,May/16/2011 18:49:06
745220,2012.REP.NOM.CAIN,Herman Cain to be Republican Presidential Nominee in 2012,10,7.3,May/16/2011 18:49:44
745220,2012.REP.NOM.CAIN,Herman Cain to be Republican Presidential Nominee in 2012,1,7.5,May/16/2011 19:11:28
745220,2012.REP.NOM.CAIN,Herman Cain to be Republican Presidential Nominee in 2012,9,7.5,May/16/2011 19:11:54
745220,2012.REP.NOM.CAIN,Herman Cain to be Republican Presidential Nominee in 2012,10,5.0,May/16/2011 19:12:04
745220,2012.REP.NOM.CAIN,Herman Cain to be Republican Presidential Nominee in 2012,1,5.1,May/16/2011 19:12:04
745220,2012.REP.NOM.CAIN,Herman Cain to be Republican Presidential Nominee in 2012,4,5.0,May/16/2011 19:12:36
745220,2012.REP.NOM.CAIN,Herman Cain to be Republican Presidential Nominee in 2012,10,7.9,May/16/2011 19:13:06
745220,2012.REP.NOM.CAIN,Herman Cain to be Republican Presidential Nominee in 2012,15,8.0,May/16/2011 19:13:32
745220,2012.REP.NOM.CAIN,Herman Cain to be Republican Presidential Nominee in 2012,10,8.0,May/16/2011 19:13:32
745220,2012.REP.NOM.CAIN,Herman Cain to be Republican Presidential Nominee in 2012,100,8.0,May/16/2011 19:13:32
745220,2012.REP.NOM.CAIN,Herman Cain to be Republican Presidential Nominee in 2012,3,7.0,May/16/2011 21:46:44
745220,2012.REP.NOM.CAIN,Herman Cain to be Republican Presidential Nominee in 2012,8,7.1,May/16/2011 21:47:24
745220,2012.REP.NOM.CAIN,Herman Cain to be Republican Presidential Nominee in 2012,1,7.2,May/16/2011 21:47:53
745220,2012.REP.NOM.CAIN,Herman Cain to be Republican Presidential Nominee in 2012,4,7.2,May/16/2011 21:47:53
745220,2012.REP.NOM.CAIN,Herman Cain to be Republican Presidential Nominee in 2012,2,7.4,May/16/2011 21:48:29
745220,2012.REP.NOM.CAIN,Herman Cain to be Republican Presidential Nominee in 2012,2,7.4,May/16/2011 21:48:29
745220,2012.REP.NOM.CAIN,Herman Cain to be Republican Presidential Nominee in 2012,4,7.4,May/16/2011 21:53:14
745220,2012.REP.NOM.CAIN,Herman Cain to be Republican Presidential Nominee in 2012,10,7.0,May/16/2011 21:53:34
745220,2012.REP.NOM.CAIN,Herman Cain to be Republican Presidential Nominee in 2012,5,7.2,May/16/2011 21:56:18
745220,2012.REP.NOM.CAIN,Herman Cain to be Republican Presidential Nominee in 2012,1,7.3,May/16/2011 21:56:39
745220,2012.REP.NOM.CAIN,Herman Cain to be Republican Presidential Nominee in 2012,3,7.3,May/16/2011 21:56:39
745220,2012.REP.NOM.CAIN,Herman Cain to be Republican Presidential Nominee in 2012,5,7.2,May/16/2011 21:57:05
745220,2012.REP.NOM.CAIN,Herman Cain to be Republican Presidential Nominee in 2012,5,7.3,May/16/2011 21:57:30
745220,2012.REP.NOM.CAIN,Herman Cain to be Republican Presidential Nominee in 2012,6,7.4,May/16/2011 21:57:55
745220,2012.REP.NOM.CAIN,Herman Cain to be Republican Presidential Nominee in 2012,4,7.4,May/16/2011 21:57:55
745220,2012.REP.NOM.CAIN,Herman Cain to be Republican Presidential Nominee in 2012,5,7.4,May/16/2011 21:57:55
745220,2012.REP.NOM.CAIN,Herman Cain to be Republican Presidential Nominee in 2012,5,7.4,May/16/2011 21:58:53
745220,2012.REP.NOM.CAIN,Herman Cain to be Republican Presidential Nominee in 2012,10,7.0,May/16/2011 22:16:16
745220,2012.REP.NOM.CAIN,Herman Cain to be Republican Presidential Nominee in 2012,1,7.0,May/16/2011 22:40:49
745220,2012.REP.NOM.CAIN,Herman Cain to be Republican Presidential Nominee in 2012,1,7.1,May/16/2011 22:51:10
745220,2012.REP.NOM.CAIN,Herman Cain to be Republican Presidential Nominee in 2012,1,7.2,May/16/2011 22:51:35
745220,2012.REP.NOM.CAIN,Herman Cain to be Republican Presidential Nominee in 2012,1,7.2,May/16/2011 22:52:35
745220,2012.REP.NOM.CAIN,Herman Cain to be Republican Presidential Nominee in 2012,5,7.3,May/16/2011 22:53:00
745220,2012.REP.NOM.CAIN,Herman Cain to be Republican Presidential Nominee in 2012,79,7.0,May/16/2011 22:55:37
745220,2012.REP.NOM.CAIN,Herman Cain to be Republican Presidential Nominee in 2012,100,7.0,May/16/2011 22:55:37
745220,2012.REP.NOM.CAIN,Herman Cain to be Republican Presidential Nominee in 2012,1,5.3,May/16/2011 22:55:37
745220,2012.REP.NOM.CAIN,Herman Cain to be Republican Presidential Nominee in 2012,20,5.6,May/17/2011 00:15:09
745220,2012.REP.NOM.CAIN,Herman Cain to be Republican Presidential Nominee in 2012,10,5.6,May/17/2011 00:29:42
745220,2012.REP.NOM.CAIN,Herman Cain to be Republican Presidential Nominee in 2012,20,6.0,May/17/2011 05:01:24
745220,2012.REP.NOM.CAIN,Herman Cain to be Republican Presidential Nominee in 2012,10,6.5,May/17/2011 05:08:54
745220,2012.REP.NOM.CAIN,Herman Cain to be Republican Presidential Nominee in 2012,5,6.7,May/17/2011 05:45:20
745220,2012.REP.NOM.CAIN,Herman Cain to be Republican Presidential Nominee in 2012,10,6.9,May/17/2011 05:45:45
745220,2012.REP.NOM.CAIN,Herman Cain to be Republican Presidential Nominee in 2012,20,7.0,May/17/2011 05:47:52
745220,2012.REP.NOM.CAIN,Herman Cain to be Republican Presidential Nominee in 2012,20,7.0,May/17/2011 05:47:52
745220,2012.REP.NOM.CAIN,Herman Cain to be Republican Presidential Nominee in 2012,1,7.3,May/17/2011 11:08:49
745220,2012.REP.NOM.CAIN,Herman Cain to be Republican Presidential Nominee in 2012,1,7.2,May/17/2011 11:08:49
745220,2012.REP.NOM.CAIN,Herman Cain to be Republican Presidential Nominee in 2012,10,7.2,May/17/2011 15:58:55
745220,2012.REP.NOM.CAIN,Herman Cain to be Republican Presidential Nominee in 2012,10,6.9,May/17/2011 15:58:55
745220,2012.REP.NOM.CAIN,Herman Cain to be Republican Presidential Nominee in 2012,15,7.0,May/17/2011 15:58:55
745220,2012.REP.NOM.CAIN,Herman Cain to be Republican Presidential Nominee in 2012,8,6.8,May/17/2011 15:58:55
745220,2012.REP.NOM.CAIN,Herman Cain to be Republican Presidential Nominee in 2012,50,6.3,May/17/2011 15:58:55
745220,2012.REP.NOM.CAIN,Herman Cain to be Republican Presidential Nominee in 2012,40,7.2,May/17/2011 15:58:55
745220,2012.REP.NOM.CAIN,Herman Cain to be Republican Presidential Nominee in 2012,1,6.9,May/17/2011 15:58:55
745220,2012.REP.NOM.CAIN,Herman Cain to be Republican Presidential Nominee in 2012,10,7.0,May/17/2011 15:58:55
745220,2012.REP.NOM.CAIN,Herman Cain to be Republican Presidential Nominee in 2012,4,6.7,May/17/2011 19:04:28
745220,2012.REP.NOM.CAIN,Herman Cain to be Republican Presidential Nominee in 2012,8,6.8,May/17/2011 19:04:56
745220,2012.REP.NOM.CAIN,Herman Cain to be Republican Presidential Nominee in 2012,10,6.9,May/17/2011 19:05:14
745220,2012.REP.NOM.CAIN,Herman Cain to be Republican Presidential Nominee in 2012,1,6.0,May/17/2011 20:38:59
745220,2012.REP.NOM.CAIN,Herman Cain to be Republican Presidential Nominee in 2012,1,6.7,May/17/2011 21:59:57
745220,2012.REP.NOM.CAIN,Herman Cain to be Republican Presidential Nominee in 2012,8,6.8,May/17/2011 22:00:19
745220,2012.REP.NOM.CAIN,Herman Cain to be Republican Presidential Nominee in 2012,2,6.8,May/17/2011 22:00:19
745220,2012.REP.NOM.CAIN,Herman Cain to be Republican Presidential Nominee in 2012,12,6.6,May/18/2011 04:20:53
745220,2012.REP.NOM.CAIN,Herman Cain to be Republican Presidential Nominee in 2012,5,6.6,May/18/2011 05:02:59
745220,2012.REP.NOM.CAIN,Herman Cain to be Republican Presidential Nominee in 2012,25,6.6,May/18/2011 11:29:23
745220,2012.REP.NOM.CAIN,Herman Cain to be Republican Presidential Nominee in 2012,15,6.6,May/18/2011 11:42:10
745220,2012.REP.NOM.CAIN,Herman Cain to be Republican Presidential Nominee in 2012,20,6.6,May/18/2011 12:12:15
745220,2012.REP.NOM.CAIN,Herman Cain to be Republican Presidential Nominee in 2012,10,6.7,May/18/2011 12:50:47
745220,2012.REP.NOM.CAIN,Herman Cain to be Republican Presidential Nominee in 2012,1,6.7,May/18/2011 12:50:47
745220,2012.REP.NOM.CAIN,Herman Cain to be Republican Presidential Nominee in 2012,8,6.8,May/18/2011 12:52:22
745220,2012.REP.NOM.CAIN,Herman Cain to be Republican Presidential Nominee in 2012,10,6.8,May/18/2011 12:52:22
745220,2012.REP.NOM.CAIN,Herman Cain to be Republican Presidential Nominee in 2012,10,6.9,May/18/2011 12:53:04
745220,2012.REP.NOM.CAIN,Herman Cain to be Republican Presidential Nominee in 2012,10,6.9,May/18/2011 12:53:04
745220,2012.REP.NOM.CAIN,Herman Cain to be Republican Presidential Nominee in 2012,5,6.9,May/18/2011 12:53:04
745220,2012.REP.NOM.CAIN,Herman Cain to be Republican Presidential Nominee in 2012,1,6.9,May/18/2011 13:44:01
745220,2012.REP.NOM.CAIN,Herman Cain to be Republican Presidential Nominee in 2012,20,7.0,May/18/2011 13:52:16
745220,2012.REP.NOM.CAIN,Herman Cain to be Republican Presidential Nominee in 2012,20,7.0,May/18/2011 13:52:16
745220,2012.REP.NOM.CAIN,Herman Cain to be Republican Presidential Nominee in 2012,19,7.1,May/18/2011 13:52:46
745220,2012.REP.NOM.CAIN,Herman Cain to be Republican Presidential Nominee in 2012,5,7.1,May/18/2011 13:52:46
745220,2012.REP.NOM.CAIN,Herman Cain to be Republican Presidential Nominee in 2012,15,7.2,May/18/2011 13:53:11
745220,2012.REP.NOM.CAIN,Herman Cain to be Republican Presidential Nominee in 2012,1,7.2,May/18/2011 13:53:36
745220,2012.REP.NOM.CAIN,Herman Cain to be Republican Presidential Nominee in 2012,5,7.2,May/18/2011 13:53:41
745220,2012.REP.NOM.CAIN,Herman Cain to be Republican Presidential Nominee in 2012,1,7.2,May/18/2011 13:55:27
745220,2012.REP.NOM.CAIN,Herman Cain to be Republican Presidential Nominee in 2012,1,7.3,May/18/2011 14:07:07
745220,2012.REP.NOM.CAIN,Herman Cain to be Republican Presidential Nominee in 2012,8,7.3,May/18/2011 14:07:07
745220,2012.REP.NOM.CAIN,Herman Cain to be Republican Presidential Nominee in 2012,4,7.2,May/18/2011 14:10:46
745220,2012.REP.NOM.CAIN,Herman Cain to be Republican Presidential Nominee in 2012,23,6.6,May/18/2011 16:46:37
745220,2012.REP.NOM.CAIN,Herman Cain to be Republican Presidential Nominee in 2012,1,6.7,May/18/2011 17:34:20
745220,2012.REP.NOM.CAIN,Herman Cain to be Republican Presidential Nominee in 2012,5,6.8,May/18/2011 17:34:59
745220,2012.REP.NOM.CAIN,Herman Cain to be Republican Presidential Nominee in 2012,2,6.6,May/18/2011 17:38:47
745220,2012.REP.NOM.CAIN,Herman Cain to be Republican Presidential Nominee in 2012,1,6.5,May/18/2011 17:38:54
745220,2012.REP.NOM.CAIN,Herman Cain to be Republican Presidential Nominee in 2012,1,6.3,May/18/2011 17:39:11
745220,2012.REP.NOM.CAIN,Herman Cain to be Republican Presidential Nominee in 2012,2,6.3,May/18/2011 17:39:20
745220,2012.REP.NOM.CAIN,Herman Cain to be Republican Presidential Nominee in 2012,1,6.1,May/18/2011 17:40:32
745220,2012.REP.NOM.CAIN,Herman Cain to be Republican Presidential Nominee in 2012,2,6.1,May/18/2011 17:41:26
745220,2012.REP.NOM.CAIN,Herman Cain to be Republican Presidential Nominee in 2012,5,6.8,May/18/2011 17:49:17
745220,2012.REP.NOM.CAIN,Herman Cain to be Republican Presidential Nominee in 2012,2,6.8,May/18/2011 17:49:48
745220,2012.REP.NOM.CAIN,Herman Cain to be Republican Presidential Nominee in 2012,2,6.5,May/18/2011 18:11:11
745220,2012.REP.NOM.CAIN,Herman Cain to be Republican Presidential Nominee in 2012,1,6.2,May/18/2011 20:10:28
745220,2012.REP.NOM.CAIN,Herman Cain to be Republican Presidential Nominee in 2012,2,6.2,May/18/2011 21:21:35
745220,2012.REP.NOM.CAIN,Herman Cain to be Republican Presidential Nominee in 2012,3,6.3,May/18/2011 21:24:57
745220,2012.REP.NOM.CAIN,Herman Cain to be Republican Presidential Nominee in 2012,3,6.3,May/18/2011 21:25:13
745220,2012.REP.NOM.CAIN,Herman Cain to be Republican Presidential Nominee in 2012,2,6.3,May/18/2011 21:25:43
745220,2012.REP.NOM.CAIN,Herman Cain to be Republican Presidential Nominee in 2012,1,6.4,May/18/2011 22:04:46
745220,2012.REP.NOM.CAIN,Herman Cain to be Republican Presidential Nominee in 2012,1,6.4,May/18/2011 22:04:46
745220,2012.REP.NOM.CAIN,Herman Cain to be Republican Presidential Nominee in 2012,5,6.4,May/18/2011 22:06:10
745220,2012.REP.NOM.CAIN,Herman Cain to be Republican Presidential Nominee in 2012,1,6.5,May/18/2011 22:06:24
745220,2012.REP.NOM.CAIN,Herman Cain to be Republican Presidential Nominee in 2012,1,6.4,May/18/2011 22:09:29
745220,2012.REP.NOM.CAIN,Herman Cain to be Republican Presidential Nominee in 2012,20,6.3,May/18/2011 23:38:51
745220,2012.REP.NOM.CAIN,Herman Cain to be Republican Presidential Nominee in 2012,10,5.9,May/19/2011 00:32:14
745220,2012.REP.NOM.CAIN,Herman Cain to be Republican Presidential Nominee in 2012,9,6.0,May/19/2011 00:32:14
745220,2012.REP.NOM.CAIN,Herman Cain to be Republican Presidential Nominee in 2012,9,5.8,May/19/2011 00:32:14
745220,2012.REP.NOM.CAIN,Herman Cain to be Republican Presidential Nominee in 2012,1,6.0,May/19/2011 00:32:14
745220,2012.REP.NOM.CAIN,Herman Cain to be Republican Presidential Nominee in 2012,2,6.1,May/19/2011 00:32:14
745220,2012.REP.NOM.CAIN,Herman Cain to be Republican Presidential Nominee in 2012,2,6.1,May/19/2011 00:32:14
745220,2012.REP.NOM.CAIN,Herman Cain to be Republican Presidential Nominee in 2012,20,6.1,May/19/2011 00:32:14
745220,2012.REP.NOM.CAIN,Herman Cain to be Republican Presidential Nominee in 2012,22,6.3,May/19/2011 00:32:14
745220,2012.REP.NOM.CAIN,Herman Cain to be Republican Presidential Nominee in 2012,3,6.0,May/19/2011 05:03:32
745220,2012.REP.NOM.CAIN,Herman Cain to be Republican Presidential Nominee in 2012,7,6.0,May/19/2011 05:05:06
745220,2012.REP.NOM.CAIN,Herman Cain to be Republican Presidential Nominee in 2012,5,5.9,May/19/2011 12:29:59
745220,2012.REP.NOM.CAIN,Herman Cain to be Republican Presidential Nominee in 2012,5,5.9,May/19/2011 12:36:38
745220,2012.REP.NOM.CAIN,Herman Cain to be Republican Presidential Nominee in 2012,5,5.8,May/19/2011 16:25:55
745220,2012.REP.NOM.CAIN,Herman Cain to be Republican Presidential Nominee in 2012,2,6.0,May/19/2011 17:27:45
745220,2012.REP.NOM.CAIN,Herman Cain to be Republican Presidential Nominee in 2012,2,6.0,May/19/2011 22:25:11
745220,2012.REP.NOM.CAIN,Herman Cain to be Republican Presidential Nominee in 2012,8,6.1,May/19/2011 22:25:34
745220,2012.REP.NOM.CAIN,Herman Cain to be Republican Presidential Nominee in 2012,10,6.1,May/19/2011 22:25:34
745220,2012.REP.NOM.CAIN,Herman Cain to be Republican Presidential Nominee in 2012,10,6.2,May/19/2011 22:25:47
745220,2012.REP.NOM.CAIN,Herman Cain to be Republican Presidential Nominee in 2012,20,6.3,May/19/2011 22:26:11
745220,2012.REP.NOM.CAIN,Herman Cain to be Republican Presidential Nominee in 2012,4,6.4,May/19/2011 22:26:21
745220,2012.REP.NOM.CAIN,Herman Cain to be Republican Presidential Nominee in 2012,10,6.4,May/19/2011 22:26:21
745220,2012.REP.NOM.CAIN,Herman Cain to be Republican Presidential Nominee in 2012,1,6.4,May/19/2011 22:26:21
745220,2012.REP.NOM.CAIN,Herman Cain to be Republican Presidential Nominee in 2012,4,6.5,May/19/2011 22:26:36
745220,2012.REP.NOM.CAIN,Herman Cain to be Republican Presidential Nominee in 2012,10,6.5,May/19/2011 22:26:36
745220,2012.REP.NOM.CAIN,Herman Cain to be Republican Presidential Nominee in 2012,12,6.5,May/19/2011 22:26:36
745220,2012.REP.NOM.CAIN,Herman Cain to be Republican Presidential Nominee in 2012,10,6.5,May/19/2011 22:26:36
745220,2012.REP.NOM.CAIN,Herman Cain to be Republican Presidential Nominee in 2012,10,6.5,May/19/2011 22:26:36
745220,2012.REP.NOM.CAIN,Herman Cain to be Republican Presidential Nominee in 2012,3,6.6,May/19/2011 22:27:01
745220,2012.REP.NOM.CAIN,Herman Cain to be Republican Presidential Nominee in 2012,5,6.6,May/19/2011 22:27:01
745220,2012.REP.NOM.CAIN,Herman Cain to be Republican Presidential Nominee in 2012,10,6.6,May/19/2011 22:27:01
745220,2012.REP.NOM.CAIN,Herman Cain to be Republican Presidential Nominee in 2012,6,6.2,May/20/2011 02:59:07
745220,2012.REP.NOM.CAIN,Herman Cain to be Republican Presidential Nominee in 2012,10,5.9,May/20/2011 03:55:08
745220,2012.REP.NOM.CAIN,Herman Cain to be Republican Presidential Nominee in 2012,5,6.1,May/20/2011 08:54:18
745220,2012.REP.NOM.CAIN,Herman Cain to be Republican Presidential Nominee in 2012,3,6.1,May/20/2011 13:49:24
745220,2012.REP.NOM.CAIN,Herman Cain to be Republican Presidential Nominee in 2012,1,6.2,May/20/2011 14:30:05
745220,2012.REP.NOM.CAIN,Herman Cain to be Republican Presidential Nominee in 2012,2,6.1,May/20/2011 17:55:55
745220,2012.REP.NOM.CAIN,Herman Cain to be Republican Presidential Nominee in 2012,4,6.1,May/20/2011 17:59:13
745220,2012.REP.NOM.CAIN,Herman Cain to be Republican Presidential Nominee in 2012,10,6.1,May/20/2011 18:00:08
745220,2012.REP.NOM.CAIN,Herman Cain to be Republican Presidential Nominee in 2012,100,6.1,May/20/2011 19:30:11
745220,2012.REP.NOM.CAIN,Herman Cain to be Republican Presidential Nominee in 2012,20,6.1,May/20/2011 20:07:42
745220,2012.REP.NOM.CAIN,Herman Cain to be Republican Presidential Nominee in 2012,3,6.2,May/20/2011 20:46:54
745220,2012.REP.NOM.CAIN,Herman Cain to be Republican Presidential Nominee in 2012,2,6.2,May/20/2011 20:46:54
745220,2012.REP.NOM.CAIN,Herman Cain to be Republican Presidential Nominee in 2012,10,6.1,May/20/2011 20:54:04
745220,2012.REP.NOM.CAIN,Herman Cain to be Republican Presidential Nominee in 2012,5,6.2,May/20/2011 21:31:31
745220,2012.REP.NOM.CAIN,Herman Cain to be Republican Presidential Nominee in 2012,146,6.1,May/20/2011 22:36:17
745220,2012.REP.NOM.CAIN,Herman Cain to be Republican Presidential Nominee in 2012,4,6.0,May/20/2011 22:36:33
745220,2012.REP.NOM.CAIN,Herman Cain to be Republican Presidential Nominee in 2012,10,5.9,May/20/2011 22:36:51
745220,2012.REP.NOM.CAIN,Herman Cain to be Republican Presidential Nominee in 2012,2,5.9,May/20/2011 22:36:51
745220,2012.REP.NOM.CAIN,Herman Cain to be Republican Presidential Nominee in 2012,12,5.7,May/20/2011 22:37:04
