market id,market symbol,market name,trade quantity,trade price,date/time [utc]
658929,2012.REP.NOM.THOMPSON,Fred Thompson to be Republican Presidential Nominee in 2012,10,9.9,Feb/18/2009 11:44:28
658929,2012.REP.NOM.THOMPSON,Fred Thompson to be Republican Presidential Nominee in 2012,10,0.5,Aug/05/2009 06:20:08
658929,2012.REP.NOM.THOMPSON,Fred Thompson to be Republican Presidential Nominee in 2012,10,0.1,Jan/21/2010 11:10:21
658929,2012.REP.NOM.THOMPSON,Fred Thompson to be Republican Presidential Nominee in 2012,10,0.3,Jan/21/2010 11:10:21
658929,2012.REP.NOM.THOMPSON,Fred Thompson to be Republican Presidential Nominee in 2012,1,0.6,Jan/21/2010 11:10:21
658929,2012.REP.NOM.THOMPSON,Fred Thompson to be Republican Presidential Nominee in 2012,10,0.2,Jan/21/2010 11:10:21
658929,2012.REP.NOM.THOMPSON,Fred Thompson to be Republican Presidential Nominee in 2012,2,0.7,Jan/21/2010 11:10:21
658929,2012.REP.NOM.THOMPSON,Fred Thompson to be Republican Presidential Nominee in 2012,7,0.1,Jan/21/2010 11:10:21
658929,2012.REP.NOM.THOMPSON,Fred Thompson to be Republican Presidential Nominee in 2012,10,0.1,Jan/21/2010 15:50:39
658929,2012.REP.NOM.THOMPSON,Fred Thompson to be Republican Presidential Nominee in 2012,5,0.1,Jan/21/2010 17:46:38
658929,2012.REP.NOM.THOMPSON,Fred Thompson to be Republican Presidential Nominee in 2012,5,0.1,Jan/21/2010 17:46:46
658929,2012.REP.NOM.THOMPSON,Fred Thompson to be Republican Presidential Nominee in 2012,1,0.1,Jan/21/2010 17:47:36
658929,2012.REP.NOM.THOMPSON,Fred Thompson to be Republican Presidential Nominee in 2012,4,0.1,Jan/22/2010 06:22:11
658929,2012.REP.NOM.THOMPSON,Fred Thompson to be Republican Presidential Nominee in 2012,10,0.2,Jan/22/2010 06:22:11
658929,2012.REP.NOM.THOMPSON,Fred Thompson to be Republican Presidential Nominee in 2012,14,0.1,Jan/22/2010 06:22:14
658929,2012.REP.NOM.THOMPSON,Fred Thompson to be Republican Presidential Nominee in 2012,1,0.1,Jan/22/2010 06:22:25
658929,2012.REP.NOM.THOMPSON,Fred Thompson to be Republican Presidential Nominee in 2012,3,0.1,Jan/22/2010 14:42:28
658929,2012.REP.NOM.THOMPSON,Fred Thompson to be Republican Presidential Nominee in 2012,7,0.2,Jan/22/2010 15:55:56
658929,2012.REP.NOM.THOMPSON,Fred Thompson to be Republican Presidential Nominee in 2012,14,0.2,Jan/25/2010 11:13:28
658929,2012.REP.NOM.THOMPSON,Fred Thompson to be Republican Presidential Nominee in 2012,6,0.2,Jan/25/2010 11:15:38
658929,2012.REP.NOM.THOMPSON,Fred Thompson to be Republican Presidential Nominee in 2012,14,0.2,Jan/25/2010 18:33:58
658929,2012.REP.NOM.THOMPSON,Fred Thompson to be Republican Presidential Nominee in 2012,4,0.2,Jan/26/2010 11:04:14
658929,2012.REP.NOM.THOMPSON,Fred Thompson to be Republican Presidential Nominee in 2012,5,0.2,Jan/28/2010 12:16:20
658929,2012.REP.NOM.THOMPSON,Fred Thompson to be Republican Presidential Nominee in 2012,9,0.1,Jan/28/2010 12:16:20
658929,2012.REP.NOM.THOMPSON,Fred Thompson to be Republican Presidential Nominee in 2012,15,0.1,Feb/01/2010 17:13:14
658929,2012.REP.NOM.THOMPSON,Fred Thompson to be Republican Presidential Nominee in 2012,10,0.4,Feb/02/2010 21:14:15
658929,2012.REP.NOM.THOMPSON,Fred Thompson to be Republican Presidential Nominee in 2012,10,0.1,Feb/03/2010 12:15:32
658929,2012.REP.NOM.THOMPSON,Fred Thompson to be Republican Presidential Nominee in 2012,2,0.1,Feb/05/2010 09:58:22
658929,2012.REP.NOM.THOMPSON,Fred Thompson to be Republican Presidential Nominee in 2012,1,0.2,Feb/08/2010 10:20:14
658929,2012.REP.NOM.THOMPSON,Fred Thompson to be Republican Presidential Nominee in 2012,1,0.2,Feb/08/2010 10:21:09
658929,2012.REP.NOM.THOMPSON,Fred Thompson to be Republican Presidential Nominee in 2012,1,0.2,Feb/08/2010 10:21:17
658929,2012.REP.NOM.THOMPSON,Fred Thompson to be Republican Presidential Nominee in 2012,1,0.2,Feb/08/2010 10:21:24
658929,2012.REP.NOM.THOMPSON,Fred Thompson to be Republican Presidential Nominee in 2012,1,0.2,Feb/08/2010 10:21:43
658929,2012.REP.NOM.THOMPSON,Fred Thompson to be Republican Presidential Nominee in 2012,1,0.2,Feb/08/2010 10:21:54
658929,2012.REP.NOM.THOMPSON,Fred Thompson to be Republican Presidential Nominee in 2012,1,0.2,Feb/08/2010 10:22:02
658929,2012.REP.NOM.THOMPSON,Fred Thompson to be Republican Presidential Nominee in 2012,1,0.2,Feb/08/2010 10:22:10
658929,2012.REP.NOM.THOMPSON,Fred Thompson to be Republican Presidential Nominee in 2012,1,0.2,Feb/08/2010 10:22:17
658929,2012.REP.NOM.THOMPSON,Fred Thompson to be Republican Presidential Nominee in 2012,1,0.2,Feb/08/2010 10:22:25
658929,2012.REP.NOM.THOMPSON,Fred Thompson to be Republican Presidential Nominee in 2012,1,0.2,Feb/08/2010 10:22:33
658929,2012.REP.NOM.THOMPSON,Fred Thompson to be Republican Presidential Nominee in 2012,2,0.2,Feb/08/2010 10:22:41
658929,2012.REP.NOM.THOMPSON,Fred Thompson to be Republican Presidential Nominee in 2012,2,0.2,Feb/08/2010 10:22:48
658929,2012.REP.NOM.THOMPSON,Fred Thompson to be Republican Presidential Nominee in 2012,1,0.2,Feb/08/2010 10:23:02
658929,2012.REP.NOM.THOMPSON,Fred Thompson to be Republican Presidential Nominee in 2012,3,0.2,Feb/10/2010 09:56:57
658929,2012.REP.NOM.THOMPSON,Fred Thompson to be Republican Presidential Nominee in 2012,1,0.2,Feb/10/2010 09:57:10
658929,2012.REP.NOM.THOMPSON,Fred Thompson to be Republican Presidential Nominee in 2012,1,0.2,Feb/10/2010 09:57:30
658929,2012.REP.NOM.THOMPSON,Fred Thompson to be Republican Presidential Nominee in 2012,2,0.2,Feb/10/2010 09:57:37
658929,2012.REP.NOM.THOMPSON,Fred Thompson to be Republican Presidential Nominee in 2012,1,0.2,Feb/10/2010 09:57:44
658929,2012.REP.NOM.THOMPSON,Fred Thompson to be Republican Presidential Nominee in 2012,1,0.2,Feb/10/2010 09:57:49
658929,2012.REP.NOM.THOMPSON,Fred Thompson to be Republican Presidential Nominee in 2012,1,0.2,Feb/10/2010 09:58:04
658929,2012.REP.NOM.THOMPSON,Fred Thompson to be Republican Presidential Nominee in 2012,1,0.2,Feb/10/2010 09:58:10
658929,2012.REP.NOM.THOMPSON,Fred Thompson to be Republican Presidential Nominee in 2012,1,0.2,Feb/10/2010 09:58:16
658929,2012.REP.NOM.THOMPSON,Fred Thompson to be Republican Presidential Nominee in 2012,1,0.2,Feb/10/2010 09:58:21
658929,2012.REP.NOM.THOMPSON,Fred Thompson to be Republican Presidential Nominee in 2012,1,0.2,Feb/10/2010 09:58:27
658929,2012.REP.NOM.THOMPSON,Fred Thompson to be Republican Presidential Nominee in 2012,1,0.2,Feb/10/2010 09:58:31
658929,2012.REP.NOM.THOMPSON,Fred Thompson to be Republican Presidential Nominee in 2012,1,0.2,Feb/10/2010 09:58:36
658929,2012.REP.NOM.THOMPSON,Fred Thompson to be Republican Presidential Nominee in 2012,1,0.2,Feb/10/2010 09:58:41
658929,2012.REP.NOM.THOMPSON,Fred Thompson to be Republican Presidential Nominee in 2012,1,0.2,Feb/10/2010 09:58:50
658929,2012.REP.NOM.THOMPSON,Fred Thompson to be Republican Presidential Nominee in 2012,1,0.2,Feb/10/2010 09:58:57
658929,2012.REP.NOM.THOMPSON,Fred Thompson to be Republican Presidential Nominee in 2012,1,0.2,Feb/10/2010 09:59:03
658929,2012.REP.NOM.THOMPSON,Fred Thompson to be Republican Presidential Nominee in 2012,1,0.2,Feb/10/2010 09:59:13
658929,2012.REP.NOM.THOMPSON,Fred Thompson to be Republican Presidential Nominee in 2012,2,0.2,Feb/10/2010 09:59:18
658929,2012.REP.NOM.THOMPSON,Fred Thompson to be Republican Presidential Nominee in 2012,1,0.2,Feb/10/2010 09:59:32
658929,2012.REP.NOM.THOMPSON,Fred Thompson to be Republican Presidential Nominee in 2012,2,0.2,Feb/10/2010 09:59:38
658929,2012.REP.NOM.THOMPSON,Fred Thompson to be Republican Presidential Nominee in 2012,1,0.2,Feb/10/2010 09:59:44
658929,2012.REP.NOM.THOMPSON,Fred Thompson to be Republican Presidential Nominee in 2012,1,0.2,Feb/14/2010 16:45:13
658929,2012.REP.NOM.THOMPSON,Fred Thompson to be Republican Presidential Nominee in 2012,1,0.2,Feb/14/2010 16:45:19
658929,2012.REP.NOM.THOMPSON,Fred Thompson to be Republican Presidential Nominee in 2012,1,0.2,Feb/14/2010 16:45:37
658929,2012.REP.NOM.THOMPSON,Fred Thompson to be Republican Presidential Nominee in 2012,1,0.2,Feb/14/2010 16:45:45
658929,2012.REP.NOM.THOMPSON,Fred Thompson to be Republican Presidential Nominee in 2012,3,0.2,Feb/15/2010 09:59:08
658929,2012.REP.NOM.THOMPSON,Fred Thompson to be Republican Presidential Nominee in 2012,2,0.1,Feb/15/2010 09:59:14
658929,2012.REP.NOM.THOMPSON,Fred Thompson to be Republican Presidential Nominee in 2012,3,0.1,Feb/15/2010 09:59:23
658929,2012.REP.NOM.THOMPSON,Fred Thompson to be Republican Presidential Nominee in 2012,5,0.1,Feb/15/2010 09:59:28
658929,2012.REP.NOM.THOMPSON,Fred Thompson to be Republican Presidential Nominee in 2012,2,0.1,Feb/15/2010 09:59:37
658929,2012.REP.NOM.THOMPSON,Fred Thompson to be Republican Presidential Nominee in 2012,6,0.1,Feb/15/2010 11:58:22
658929,2012.REP.NOM.THOMPSON,Fred Thompson to be Republican Presidential Nominee in 2012,2,0.1,Feb/15/2010 11:58:22
658929,2012.REP.NOM.THOMPSON,Fred Thompson to be Republican Presidential Nominee in 2012,8,0.1,Feb/15/2010 11:58:29
658929,2012.REP.NOM.THOMPSON,Fred Thompson to be Republican Presidential Nominee in 2012,5,0.1,Feb/15/2010 11:58:37
658929,2012.REP.NOM.THOMPSON,Fred Thompson to be Republican Presidential Nominee in 2012,6,0.1,Feb/15/2010 11:58:37
658929,2012.REP.NOM.THOMPSON,Fred Thompson to be Republican Presidential Nominee in 2012,11,0.1,Feb/15/2010 11:58:42
658929,2012.REP.NOM.THOMPSON,Fred Thompson to be Republican Presidential Nominee in 2012,4,0.1,Feb/15/2010 11:58:47
658929,2012.REP.NOM.THOMPSON,Fred Thompson to be Republican Presidential Nominee in 2012,3,0.1,Feb/15/2010 11:58:54
658929,2012.REP.NOM.THOMPSON,Fred Thompson to be Republican Presidential Nominee in 2012,2,0.1,Feb/15/2010 11:58:59
658929,2012.REP.NOM.THOMPSON,Fred Thompson to be Republican Presidential Nominee in 2012,1,0.1,Feb/15/2010 11:59:04
658929,2012.REP.NOM.THOMPSON,Fred Thompson to be Republican Presidential Nominee in 2012,1,0.1,Feb/15/2010 11:59:09
658929,2012.REP.NOM.THOMPSON,Fred Thompson to be Republican Presidential Nominee in 2012,1,0.1,Feb/15/2010 11:59:14
658929,2012.REP.NOM.THOMPSON,Fred Thompson to be Republican Presidential Nominee in 2012,1,0.1,Feb/15/2010 11:59:20
658929,2012.REP.NOM.THOMPSON,Fred Thompson to be Republican Presidential Nominee in 2012,2,0.1,Feb/15/2010 11:59:27
658929,2012.REP.NOM.THOMPSON,Fred Thompson to be Republican Presidential Nominee in 2012,5,0.1,Feb/15/2010 11:59:32
658929,2012.REP.NOM.THOMPSON,Fred Thompson to be Republican Presidential Nominee in 2012,1,0.1,Feb/15/2010 11:59:38
658929,2012.REP.NOM.THOMPSON,Fred Thompson to be Republican Presidential Nominee in 2012,1,0.1,Feb/15/2010 11:59:42
658929,2012.REP.NOM.THOMPSON,Fred Thompson to be Republican Presidential Nominee in 2012,1,0.1,Feb/15/2010 11:59:47
658929,2012.REP.NOM.THOMPSON,Fred Thompson to be Republican Presidential Nominee in 2012,1,0.1,Feb/15/2010 11:59:54
658929,2012.REP.NOM.THOMPSON,Fred Thompson to be Republican Presidential Nominee in 2012,1,0.1,Feb/15/2010 12:00:00
658929,2012.REP.NOM.THOMPSON,Fred Thompson to be Republican Presidential Nominee in 2012,2,0.1,Feb/15/2010 12:00:04
658929,2012.REP.NOM.THOMPSON,Fred Thompson to be Republican Presidential Nominee in 2012,1,0.1,Feb/15/2010 12:00:11
658929,2012.REP.NOM.THOMPSON,Fred Thompson to be Republican Presidential Nominee in 2012,1,0.1,Feb/17/2010 14:25:01
658929,2012.REP.NOM.THOMPSON,Fred Thompson to be Republican Presidential Nominee in 2012,1,0.1,Feb/17/2010 14:25:07
658929,2012.REP.NOM.THOMPSON,Fred Thompson to be Republican Presidential Nominee in 2012,1,0.1,Feb/17/2010 14:25:12
658929,2012.REP.NOM.THOMPSON,Fred Thompson to be Republican Presidential Nominee in 2012,2,0.1,Feb/17/2010 14:25:18
658929,2012.REP.NOM.THOMPSON,Fred Thompson to be Republican Presidential Nominee in 2012,1,0.1,Feb/19/2010 17:58:35
658929,2012.REP.NOM.THOMPSON,Fred Thompson to be Republican Presidential Nominee in 2012,1,0.1,Feb/19/2010 18:00:06
658929,2012.REP.NOM.THOMPSON,Fred Thompson to be Republican Presidential Nominee in 2012,1,0.1,Feb/19/2010 18:00:17
658929,2012.REP.NOM.THOMPSON,Fred Thompson to be Republican Presidential Nominee in 2012,1,0.1,Feb/19/2010 18:00:25
658929,2012.REP.NOM.THOMPSON,Fred Thompson to be Republican Presidential Nominee in 2012,1,0.1,Feb/19/2010 18:00:31
658929,2012.REP.NOM.THOMPSON,Fred Thompson to be Republican Presidential Nominee in 2012,1,0.1,Feb/19/2010 18:00:37
658929,2012.REP.NOM.THOMPSON,Fred Thompson to be Republican Presidential Nominee in 2012,1,0.1,Feb/19/2010 18:00:45
658929,2012.REP.NOM.THOMPSON,Fred Thompson to be Republican Presidential Nominee in 2012,1,0.1,Feb/19/2010 18:01:08
658929,2012.REP.NOM.THOMPSON,Fred Thompson to be Republican Presidential Nominee in 2012,3,0.1,Feb/19/2010 18:01:14
658929,2012.REP.NOM.THOMPSON,Fred Thompson to be Republican Presidential Nominee in 2012,1,0.1,Feb/19/2010 18:01:21
658929,2012.REP.NOM.THOMPSON,Fred Thompson to be Republican Presidential Nominee in 2012,1,0.1,Feb/19/2010 18:01:28
658929,2012.REP.NOM.THOMPSON,Fred Thompson to be Republican Presidential Nominee in 2012,2,0.1,Feb/19/2010 18:01:36
658929,2012.REP.NOM.THOMPSON,Fred Thompson to be Republican Presidential Nominee in 2012,1,0.1,Feb/24/2010 11:35:13
658929,2012.REP.NOM.THOMPSON,Fred Thompson to be Republican Presidential Nominee in 2012,1,0.1,Feb/24/2010 11:35:21
658929,2012.REP.NOM.THOMPSON,Fred Thompson to be Republican Presidential Nominee in 2012,1,0.1,Feb/24/2010 11:35:26
658929,2012.REP.NOM.THOMPSON,Fred Thompson to be Republican Presidential Nominee in 2012,1,0.1,Feb/24/2010 11:35:33
658929,2012.REP.NOM.THOMPSON,Fred Thompson to be Republican Presidential Nominee in 2012,1,0.1,Feb/24/2010 11:35:38
658929,2012.REP.NOM.THOMPSON,Fred Thompson to be Republican Presidential Nominee in 2012,2,0.1,Feb/24/2010 11:35:43
658929,2012.REP.NOM.THOMPSON,Fred Thompson to be Republican Presidential Nominee in 2012,1,0.1,Feb/24/2010 11:35:48
658929,2012.REP.NOM.THOMPSON,Fred Thompson to be Republican Presidential Nominee in 2012,1,0.1,Feb/24/2010 11:35:53
658929,2012.REP.NOM.THOMPSON,Fred Thompson to be Republican Presidential Nominee in 2012,1,0.1,Feb/24/2010 11:35:58
658929,2012.REP.NOM.THOMPSON,Fred Thompson to be Republican Presidential Nominee in 2012,1,0.1,Feb/24/2010 11:36:03
658929,2012.REP.NOM.THOMPSON,Fred Thompson to be Republican Presidential Nominee in 2012,1,0.1,Feb/24/2010 11:36:09
658929,2012.REP.NOM.THOMPSON,Fred Thompson to be Republican Presidential Nominee in 2012,1,0.1,Feb/24/2010 11:36:15
658929,2012.REP.NOM.THOMPSON,Fred Thompson to be Republican Presidential Nominee in 2012,6,0.1,Feb/24/2010 11:36:21
658929,2012.REP.NOM.THOMPSON,Fred Thompson to be Republican Presidential Nominee in 2012,1,0.1,Feb/24/2010 11:36:26
658929,2012.REP.NOM.THOMPSON,Fred Thompson to be Republican Presidential Nominee in 2012,1,0.1,Feb/24/2010 11:36:31
658929,2012.REP.NOM.THOMPSON,Fred Thompson to be Republican Presidential Nominee in 2012,3,0.1,Feb/24/2010 11:36:38
658929,2012.REP.NOM.THOMPSON,Fred Thompson to be Republican Presidential Nominee in 2012,3,0.1,Feb/24/2010 11:36:52
658929,2012.REP.NOM.THOMPSON,Fred Thompson to be Republican Presidential Nominee in 2012,2,0.1,Feb/24/2010 11:37:00
658929,2012.REP.NOM.THOMPSON,Fred Thompson to be Republican Presidential Nominee in 2012,1,0.1,Feb/24/2010 11:37:05
658929,2012.REP.NOM.THOMPSON,Fred Thompson to be Republican Presidential Nominee in 2012,1,0.1,Feb/24/2010 11:37:10
658929,2012.REP.NOM.THOMPSON,Fred Thompson to be Republican Presidential Nominee in 2012,2,0.1,Feb/24/2010 11:37:16
658929,2012.REP.NOM.THOMPSON,Fred Thompson to be Republican Presidential Nominee in 2012,3,0.1,Feb/24/2010 11:37:32
658929,2012.REP.NOM.THOMPSON,Fred Thompson to be Republican Presidential Nominee in 2012,4,0.1,Feb/24/2010 11:37:38
658929,2012.REP.NOM.THOMPSON,Fred Thompson to be Republican Presidential Nominee in 2012,1,0.1,Feb/24/2010 11:37:44
658929,2012.REP.NOM.THOMPSON,Fred Thompson to be Republican Presidential Nominee in 2012,1,0.1,Feb/24/2010 11:37:51
658929,2012.REP.NOM.THOMPSON,Fred Thompson to be Republican Presidential Nominee in 2012,3,0.1,Feb/24/2010 11:38:07
658929,2012.REP.NOM.THOMPSON,Fred Thompson to be Republican Presidential Nominee in 2012,4,0.1,Feb/24/2010 11:38:15
658929,2012.REP.NOM.THOMPSON,Fred Thompson to be Republican Presidential Nominee in 2012,15,0.2,Feb/24/2010 12:55:15
658929,2012.REP.NOM.THOMPSON,Fred Thompson to be Republican Presidential Nominee in 2012,1,0.2,Feb/24/2010 12:55:15
658929,2012.REP.NOM.THOMPSON,Fred Thompson to be Republican Presidential Nominee in 2012,1,0.2,Feb/24/2010 16:58:16
658929,2012.REP.NOM.THOMPSON,Fred Thompson to be Republican Presidential Nominee in 2012,2,0.2,Feb/24/2010 16:58:51
658929,2012.REP.NOM.THOMPSON,Fred Thompson to be Republican Presidential Nominee in 2012,2,0.2,Feb/24/2010 16:59:06
658929,2012.REP.NOM.THOMPSON,Fred Thompson to be Republican Presidential Nominee in 2012,10,0.3,Feb/25/2010 10:15:02
658929,2012.REP.NOM.THOMPSON,Fred Thompson to be Republican Presidential Nominee in 2012,1,0.2,Mar/01/2010 06:00:50
658929,2012.REP.NOM.THOMPSON,Fred Thompson to be Republican Presidential Nominee in 2012,1,0.2,Mar/01/2010 06:00:55
658929,2012.REP.NOM.THOMPSON,Fred Thompson to be Republican Presidential Nominee in 2012,1,0.2,Mar/01/2010 06:02:22
658929,2012.REP.NOM.THOMPSON,Fred Thompson to be Republican Presidential Nominee in 2012,1,0.2,Mar/01/2010 06:02:28
658929,2012.REP.NOM.THOMPSON,Fred Thompson to be Republican Presidential Nominee in 2012,1,0.2,Mar/01/2010 06:02:34
658929,2012.REP.NOM.THOMPSON,Fred Thompson to be Republican Presidential Nominee in 2012,1,0.2,Mar/01/2010 06:02:43
658929,2012.REP.NOM.THOMPSON,Fred Thompson to be Republican Presidential Nominee in 2012,1,0.2,Mar/01/2010 06:02:49
658929,2012.REP.NOM.THOMPSON,Fred Thompson to be Republican Presidential Nominee in 2012,1,0.2,Mar/04/2010 07:34:23
658929,2012.REP.NOM.THOMPSON,Fred Thompson to be Republican Presidential Nominee in 2012,1,0.2,Mar/04/2010 07:35:27
658929,2012.REP.NOM.THOMPSON,Fred Thompson to be Republican Presidential Nominee in 2012,1,0.2,Mar/04/2010 07:35:34
658929,2012.REP.NOM.THOMPSON,Fred Thompson to be Republican Presidential Nominee in 2012,1,0.2,Mar/04/2010 07:35:40
658929,2012.REP.NOM.THOMPSON,Fred Thompson to be Republican Presidential Nominee in 2012,1,0.2,Mar/04/2010 07:36:01
658929,2012.REP.NOM.THOMPSON,Fred Thompson to be Republican Presidential Nominee in 2012,1,0.2,Mar/04/2010 07:36:06
658929,2012.REP.NOM.THOMPSON,Fred Thompson to be Republican Presidential Nominee in 2012,1,0.2,Mar/04/2010 07:36:12
658929,2012.REP.NOM.THOMPSON,Fred Thompson to be Republican Presidential Nominee in 2012,1,0.2,Mar/04/2010 07:36:19
658929,2012.REP.NOM.THOMPSON,Fred Thompson to be Republican Presidential Nominee in 2012,2,0.2,Mar/04/2010 07:36:26
658929,2012.REP.NOM.THOMPSON,Fred Thompson to be Republican Presidential Nominee in 2012,2,0.2,Mar/04/2010 07:36:32
658929,2012.REP.NOM.THOMPSON,Fred Thompson to be Republican Presidential Nominee in 2012,1,0.2,Mar/04/2010 07:36:44
658929,2012.REP.NOM.THOMPSON,Fred Thompson to be Republican Presidential Nominee in 2012,1,0.2,Mar/04/2010 07:36:49
658929,2012.REP.NOM.THOMPSON,Fred Thompson to be Republican Presidential Nominee in 2012,2,0.2,Mar/04/2010 07:36:55
658929,2012.REP.NOM.THOMPSON,Fred Thompson to be Republican Presidential Nominee in 2012,1,0.2,Mar/04/2010 07:37:02
658929,2012.REP.NOM.THOMPSON,Fred Thompson to be Republican Presidential Nominee in 2012,3,0.2,Mar/04/2010 07:37:10
658929,2012.REP.NOM.THOMPSON,Fred Thompson to be Republican Presidential Nominee in 2012,2,0.2,Mar/04/2010 07:37:16
658929,2012.REP.NOM.THOMPSON,Fred Thompson to be Republican Presidential Nominee in 2012,2,0.2,Mar/04/2010 07:37:22
658929,2012.REP.NOM.THOMPSON,Fred Thompson to be Republican Presidential Nominee in 2012,1,0.2,Mar/04/2010 07:37:28
658929,2012.REP.NOM.THOMPSON,Fred Thompson to be Republican Presidential Nominee in 2012,1,0.2,Mar/04/2010 07:37:35
658929,2012.REP.NOM.THOMPSON,Fred Thompson to be Republican Presidential Nominee in 2012,1,0.2,Mar/04/2010 07:37:43
658929,2012.REP.NOM.THOMPSON,Fred Thompson to be Republican Presidential Nominee in 2012,1,0.2,Mar/04/2010 07:37:49
658929,2012.REP.NOM.THOMPSON,Fred Thompson to be Republican Presidential Nominee in 2012,2,0.2,Mar/04/2010 07:37:54
658929,2012.REP.NOM.THOMPSON,Fred Thompson to be Republican Presidential Nominee in 2012,2,0.2,Mar/04/2010 07:38:00
658929,2012.REP.NOM.THOMPSON,Fred Thompson to be Republican Presidential Nominee in 2012,3,0.2,Mar/04/2010 07:38:10
658929,2012.REP.NOM.THOMPSON,Fred Thompson to be Republican Presidential Nominee in 2012,2,0.2,Mar/04/2010 07:38:20
658929,2012.REP.NOM.THOMPSON,Fred Thompson to be Republican Presidential Nominee in 2012,2,0.2,Mar/04/2010 07:38:26
658929,2012.REP.NOM.THOMPSON,Fred Thompson to be Republican Presidential Nominee in 2012,2,0.2,Mar/04/2010 07:38:37
658929,2012.REP.NOM.THOMPSON,Fred Thompson to be Republican Presidential Nominee in 2012,2,0.2,Mar/04/2010 07:38:44
658929,2012.REP.NOM.THOMPSON,Fred Thompson to be Republican Presidential Nominee in 2012,2,0.2,Mar/04/2010 07:38:49
658929,2012.REP.NOM.THOMPSON,Fred Thompson to be Republican Presidential Nominee in 2012,2,0.2,Mar/04/2010 07:38:56
658929,2012.REP.NOM.THOMPSON,Fred Thompson to be Republican Presidential Nominee in 2012,1,0.2,Mar/04/2010 07:39:04
658929,2012.REP.NOM.THOMPSON,Fred Thompson to be Republican Presidential Nominee in 2012,1,0.2,Mar/05/2010 14:51:16
658929,2012.REP.NOM.THOMPSON,Fred Thompson to be Republican Presidential Nominee in 2012,1,0.2,Mar/05/2010 14:51:23
658929,2012.REP.NOM.THOMPSON,Fred Thompson to be Republican Presidential Nominee in 2012,2,0.2,Mar/05/2010 14:51:27
658929,2012.REP.NOM.THOMPSON,Fred Thompson to be Republican Presidential Nominee in 2012,3,0.2,Mar/05/2010 14:51:33
658929,2012.REP.NOM.THOMPSON,Fred Thompson to be Republican Presidential Nominee in 2012,1,0.2,Mar/05/2010 14:51:39
658929,2012.REP.NOM.THOMPSON,Fred Thompson to be Republican Presidential Nominee in 2012,1,0.2,Mar/05/2010 14:51:45
658929,2012.REP.NOM.THOMPSON,Fred Thompson to be Republican Presidential Nominee in 2012,1,0.2,Mar/05/2010 14:51:50
658929,2012.REP.NOM.THOMPSON,Fred Thompson to be Republican Presidential Nominee in 2012,1,0.2,Mar/05/2010 14:51:57
658929,2012.REP.NOM.THOMPSON,Fred Thompson to be Republican Presidential Nominee in 2012,1,0.2,Mar/05/2010 14:52:03
658929,2012.REP.NOM.THOMPSON,Fred Thompson to be Republican Presidential Nominee in 2012,1,0.2,Mar/05/2010 14:52:09
658929,2012.REP.NOM.THOMPSON,Fred Thompson to be Republican Presidential Nominee in 2012,1,0.2,Mar/05/2010 14:52:14
658929,2012.REP.NOM.THOMPSON,Fred Thompson to be Republican Presidential Nominee in 2012,1,0.2,Mar/05/2010 14:52:21
658929,2012.REP.NOM.THOMPSON,Fred Thompson to be Republican Presidential Nominee in 2012,2,0.2,Mar/05/2010 14:52:26
658929,2012.REP.NOM.THOMPSON,Fred Thompson to be Republican Presidential Nominee in 2012,1,0.2,Mar/05/2010 14:52:31
658929,2012.REP.NOM.THOMPSON,Fred Thompson to be Republican Presidential Nominee in 2012,1,0.2,Mar/05/2010 14:52:37
658929,2012.REP.NOM.THOMPSON,Fred Thompson to be Republican Presidential Nominee in 2012,2,0.2,Mar/05/2010 14:52:42
658929,2012.REP.NOM.THOMPSON,Fred Thompson to be Republican Presidential Nominee in 2012,1,0.3,Mar/08/2010 05:45:28
658929,2012.REP.NOM.THOMPSON,Fred Thompson to be Republican Presidential Nominee in 2012,1,0.3,Mar/08/2010 05:45:33
658929,2012.REP.NOM.THOMPSON,Fred Thompson to be Republican Presidential Nominee in 2012,1,0.3,Mar/08/2010 05:45:38
658929,2012.REP.NOM.THOMPSON,Fred Thompson to be Republican Presidential Nominee in 2012,1,0.3,Mar/08/2010 05:45:45
658929,2012.REP.NOM.THOMPSON,Fred Thompson to be Republican Presidential Nominee in 2012,1,0.3,Mar/08/2010 05:45:49
658929,2012.REP.NOM.THOMPSON,Fred Thompson to be Republican Presidential Nominee in 2012,1,0.3,Mar/08/2010 05:45:53
658929,2012.REP.NOM.THOMPSON,Fred Thompson to be Republican Presidential Nominee in 2012,1,0.3,Mar/08/2010 05:46:13
658929,2012.REP.NOM.THOMPSON,Fred Thompson to be Republican Presidential Nominee in 2012,2,0.3,Mar/08/2010 05:46:22
658929,2012.REP.NOM.THOMPSON,Fred Thompson to be Republican Presidential Nominee in 2012,1,0.3,Mar/08/2010 05:46:30
658929,2012.REP.NOM.THOMPSON,Fred Thompson to be Republican Presidential Nominee in 2012,1,0.3,Mar/08/2010 05:46:49
658929,2012.REP.NOM.THOMPSON,Fred Thompson to be Republican Presidential Nominee in 2012,1,0.3,Mar/08/2010 05:46:54
658929,2012.REP.NOM.THOMPSON,Fred Thompson to be Republican Presidential Nominee in 2012,1,0.3,Mar/08/2010 05:46:59
658929,2012.REP.NOM.THOMPSON,Fred Thompson to be Republican Presidential Nominee in 2012,1,0.3,Mar/08/2010 05:47:03
658929,2012.REP.NOM.THOMPSON,Fred Thompson to be Republican Presidential Nominee in 2012,1,0.3,Mar/08/2010 05:47:16
658929,2012.REP.NOM.THOMPSON,Fred Thompson to be Republican Presidential Nominee in 2012,1,0.3,Mar/08/2010 05:47:25
658929,2012.REP.NOM.THOMPSON,Fred Thompson to be Republican Presidential Nominee in 2012,1,0.3,Mar/08/2010 05:47:30
658929,2012.REP.NOM.THOMPSON,Fred Thompson to be Republican Presidential Nominee in 2012,1,0.3,Mar/08/2010 05:47:38
658929,2012.REP.NOM.THOMPSON,Fred Thompson to be Republican Presidential Nominee in 2012,1,0.3,Mar/08/2010 05:47:44
658929,2012.REP.NOM.THOMPSON,Fred Thompson to be Republican Presidential Nominee in 2012,4,0.3,Mar/08/2010 05:47:50
658929,2012.REP.NOM.THOMPSON,Fred Thompson to be Republican Presidential Nominee in 2012,1,0.3,Mar/08/2010 05:48:11
658929,2012.REP.NOM.THOMPSON,Fred Thompson to be Republican Presidential Nominee in 2012,1,0.3,Mar/08/2010 05:48:19
658929,2012.REP.NOM.THOMPSON,Fred Thompson to be Republican Presidential Nominee in 2012,5,0.3,Mar/08/2010 05:48:26
658929,2012.REP.NOM.THOMPSON,Fred Thompson to be Republican Presidential Nominee in 2012,4,0.3,Mar/08/2010 05:48:38
658929,2012.REP.NOM.THOMPSON,Fred Thompson to be Republican Presidential Nominee in 2012,1,0.3,Mar/08/2010 05:48:48
658929,2012.REP.NOM.THOMPSON,Fred Thompson to be Republican Presidential Nominee in 2012,1,0.3,Mar/08/2010 05:48:56
658929,2012.REP.NOM.THOMPSON,Fred Thompson to be Republican Presidential Nominee in 2012,1,0.3,Mar/08/2010 05:49:04
658929,2012.REP.NOM.THOMPSON,Fred Thompson to be Republican Presidential Nominee in 2012,1,0.3,Mar/08/2010 05:49:13
658929,2012.REP.NOM.THOMPSON,Fred Thompson to be Republican Presidential Nominee in 2012,1,0.3,Mar/08/2010 05:49:22
658929,2012.REP.NOM.THOMPSON,Fred Thompson to be Republican Presidential Nominee in 2012,1,0.2,Mar/10/2010 07:41:54
658929,2012.REP.NOM.THOMPSON,Fred Thompson to be Republican Presidential Nominee in 2012,1,0.2,Mar/10/2010 07:42:02
658929,2012.REP.NOM.THOMPSON,Fred Thompson to be Republican Presidential Nominee in 2012,1,0.2,Mar/10/2010 07:42:09
658929,2012.REP.NOM.THOMPSON,Fred Thompson to be Republican Presidential Nominee in 2012,3,0.2,Mar/10/2010 07:42:14
658929,2012.REP.NOM.THOMPSON,Fred Thompson to be Republican Presidential Nominee in 2012,1,0.2,Mar/10/2010 07:42:39
658929,2012.REP.NOM.THOMPSON,Fred Thompson to be Republican Presidential Nominee in 2012,2,0.2,Mar/10/2010 07:42:48
658929,2012.REP.NOM.THOMPSON,Fred Thompson to be Republican Presidential Nominee in 2012,1,0.2,Mar/10/2010 07:42:54
658929,2012.REP.NOM.THOMPSON,Fred Thompson to be Republican Presidential Nominee in 2012,1,0.2,Mar/23/2010 06:56:34
658929,2012.REP.NOM.THOMPSON,Fred Thompson to be Republican Presidential Nominee in 2012,1,0.2,Mar/23/2010 06:56:42
658929,2012.REP.NOM.THOMPSON,Fred Thompson to be Republican Presidential Nominee in 2012,1,0.2,Mar/23/2010 06:56:50
658929,2012.REP.NOM.THOMPSON,Fred Thompson to be Republican Presidential Nominee in 2012,1,0.2,Mar/23/2010 06:57:12
658929,2012.REP.NOM.THOMPSON,Fred Thompson to be Republican Presidential Nominee in 2012,1,0.2,Mar/23/2010 06:57:21
658929,2012.REP.NOM.THOMPSON,Fred Thompson to be Republican Presidential Nominee in 2012,3,0.2,Mar/23/2010 06:57:31
658929,2012.REP.NOM.THOMPSON,Fred Thompson to be Republican Presidential Nominee in 2012,1,0.2,Mar/23/2010 06:57:45
658929,2012.REP.NOM.THOMPSON,Fred Thompson to be Republican Presidential Nominee in 2012,1,0.2,Mar/23/2010 06:57:51
658929,2012.REP.NOM.THOMPSON,Fred Thompson to be Republican Presidential Nominee in 2012,1,0.2,Mar/23/2010 06:58:04
658929,2012.REP.NOM.THOMPSON,Fred Thompson to be Republican Presidential Nominee in 2012,1,0.2,Mar/23/2010 06:58:17
658929,2012.REP.NOM.THOMPSON,Fred Thompson to be Republican Presidential Nominee in 2012,1,0.2,Mar/23/2010 06:58:25
658929,2012.REP.NOM.THOMPSON,Fred Thompson to be Republican Presidential Nominee in 2012,1,0.2,Mar/23/2010 06:58:32
658929,2012.REP.NOM.THOMPSON,Fred Thompson to be Republican Presidential Nominee in 2012,1,0.2,Mar/23/2010 06:58:39
658929,2012.REP.NOM.THOMPSON,Fred Thompson to be Republican Presidential Nominee in 2012,1,0.2,Mar/23/2010 06:58:47
658929,2012.REP.NOM.THOMPSON,Fred Thompson to be Republican Presidential Nominee in 2012,4,0.2,Mar/23/2010 06:58:55
658929,2012.REP.NOM.THOMPSON,Fred Thompson to be Republican Presidential Nominee in 2012,2,0.2,Mar/23/2010 06:59:03
658929,2012.REP.NOM.THOMPSON,Fred Thompson to be Republican Presidential Nominee in 2012,1,0.2,Mar/23/2010 06:59:10
658929,2012.REP.NOM.THOMPSON,Fred Thompson to be Republican Presidential Nominee in 2012,1,0.2,Mar/25/2010 22:40:56
658929,2012.REP.NOM.THOMPSON,Fred Thompson to be Republican Presidential Nominee in 2012,1,0.2,Mar/25/2010 22:41:01
658929,2012.REP.NOM.THOMPSON,Fred Thompson to be Republican Presidential Nominee in 2012,3,0.2,Mar/25/2010 22:41:19
658929,2012.REP.NOM.THOMPSON,Fred Thompson to be Republican Presidential Nominee in 2012,2,0.2,Mar/25/2010 22:41:27
658929,2012.REP.NOM.THOMPSON,Fred Thompson to be Republican Presidential Nominee in 2012,1,0.2,Mar/25/2010 22:41:34
658929,2012.REP.NOM.THOMPSON,Fred Thompson to be Republican Presidential Nominee in 2012,2,0.2,Mar/25/2010 22:41:40
658929,2012.REP.NOM.THOMPSON,Fred Thompson to be Republican Presidential Nominee in 2012,1,0.2,Mar/25/2010 22:42:05
658929,2012.REP.NOM.THOMPSON,Fred Thompson to be Republican Presidential Nominee in 2012,2,0.2,Mar/25/2010 22:42:12
658929,2012.REP.NOM.THOMPSON,Fred Thompson to be Republican Presidential Nominee in 2012,2,0.2,Mar/25/2010 22:42:18
658929,2012.REP.NOM.THOMPSON,Fred Thompson to be Republican Presidential Nominee in 2012,1,0.2,Mar/25/2010 22:42:26
658929,2012.REP.NOM.THOMPSON,Fred Thompson to be Republican Presidential Nominee in 2012,1,0.2,Mar/25/2010 22:42:33
658929,2012.REP.NOM.THOMPSON,Fred Thompson to be Republican Presidential Nominee in 2012,1,0.2,Mar/25/2010 22:42:40
658929,2012.REP.NOM.THOMPSON,Fred Thompson to be Republican Presidential Nominee in 2012,1,0.2,Mar/25/2010 22:42:47
658929,2012.REP.NOM.THOMPSON,Fred Thompson to be Republican Presidential Nominee in 2012,1,0.2,Mar/25/2010 22:42:55
658929,2012.REP.NOM.THOMPSON,Fred Thompson to be Republican Presidential Nominee in 2012,1,0.2,Mar/25/2010 22:43:02
658929,2012.REP.NOM.THOMPSON,Fred Thompson to be Republican Presidential Nominee in 2012,1,0.2,Mar/25/2010 22:43:09
658929,2012.REP.NOM.THOMPSON,Fred Thompson to be Republican Presidential Nominee in 2012,1,0.2,Mar/25/2010 22:43:16
658929,2012.REP.NOM.THOMPSON,Fred Thompson to be Republican Presidential Nominee in 2012,1,0.2,Mar/25/2010 22:43:24
658929,2012.REP.NOM.THOMPSON,Fred Thompson to be Republican Presidential Nominee in 2012,1,0.2,Mar/25/2010 22:43:31
658929,2012.REP.NOM.THOMPSON,Fred Thompson to be Republican Presidential Nominee in 2012,1,0.2,Mar/25/2010 22:43:39
658929,2012.REP.NOM.THOMPSON,Fred Thompson to be Republican Presidential Nominee in 2012,1,0.2,Mar/25/2010 22:43:47
658929,2012.REP.NOM.THOMPSON,Fred Thompson to be Republican Presidential Nominee in 2012,16,0.2,Apr/20/2010 20:16:46
658929,2012.REP.NOM.THOMPSON,Fred Thompson to be Republican Presidential Nominee in 2012,1,0.2,May/17/2010 10:08:12
658929,2012.REP.NOM.THOMPSON,Fred Thompson to be Republican Presidential Nominee in 2012,1,0.2,May/17/2010 10:09:33
658929,2012.REP.NOM.THOMPSON,Fred Thompson to be Republican Presidential Nominee in 2012,1,0.2,May/17/2010 10:09:40
658929,2012.REP.NOM.THOMPSON,Fred Thompson to be Republican Presidential Nominee in 2012,1,0.2,May/17/2010 10:10:09
658929,2012.REP.NOM.THOMPSON,Fred Thompson to be Republican Presidential Nominee in 2012,1,0.2,May/17/2010 10:10:24
658929,2012.REP.NOM.THOMPSON,Fred Thompson to be Republican Presidential Nominee in 2012,1,0.2,May/17/2010 10:10:36
658929,2012.REP.NOM.THOMPSON,Fred Thompson to be Republican Presidential Nominee in 2012,1,0.2,May/17/2010 10:10:45
658929,2012.REP.NOM.THOMPSON,Fred Thompson to be Republican Presidential Nominee in 2012,1,0.2,May/17/2010 10:10:57
658929,2012.REP.NOM.THOMPSON,Fred Thompson to be Republican Presidential Nominee in 2012,1,0.2,May/17/2010 10:11:07
658929,2012.REP.NOM.THOMPSON,Fred Thompson to be Republican Presidential Nominee in 2012,2,0.2,May/17/2010 10:11:15
658929,2012.REP.NOM.THOMPSON,Fred Thompson to be Republican Presidential Nominee in 2012,1,0.2,May/17/2010 10:11:24
658929,2012.REP.NOM.THOMPSON,Fred Thompson to be Republican Presidential Nominee in 2012,1,0.2,May/17/2010 10:11:33
658929,2012.REP.NOM.THOMPSON,Fred Thompson to be Republican Presidential Nominee in 2012,1,0.2,May/17/2010 10:11:42
658929,2012.REP.NOM.THOMPSON,Fred Thompson to be Republican Presidential Nominee in 2012,3,0.2,May/17/2010 10:11:51
658929,2012.REP.NOM.THOMPSON,Fred Thompson to be Republican Presidential Nominee in 2012,1,0.2,May/17/2010 10:12:45
658929,2012.REP.NOM.THOMPSON,Fred Thompson to be Republican Presidential Nominee in 2012,1,0.2,May/17/2010 10:13:03
658929,2012.REP.NOM.THOMPSON,Fred Thompson to be Republican Presidential Nominee in 2012,1,0.2,May/17/2010 10:13:16
658929,2012.REP.NOM.THOMPSON,Fred Thompson to be Republican Presidential Nominee in 2012,1,0.2,May/17/2010 10:13:26
658929,2012.REP.NOM.THOMPSON,Fred Thompson to be Republican Presidential Nominee in 2012,1,0.2,May/17/2010 10:13:31
658929,2012.REP.NOM.THOMPSON,Fred Thompson to be Republican Presidential Nominee in 2012,1,0.2,May/17/2010 10:13:36
658929,2012.REP.NOM.THOMPSON,Fred Thompson to be Republican Presidential Nominee in 2012,1,0.2,May/17/2010 10:13:41
658929,2012.REP.NOM.THOMPSON,Fred Thompson to be Republican Presidential Nominee in 2012,1,0.2,May/17/2010 10:13:53
658929,2012.REP.NOM.THOMPSON,Fred Thompson to be Republican Presidential Nominee in 2012,1,0.2,May/17/2010 10:14:04
658929,2012.REP.NOM.THOMPSON,Fred Thompson to be Republican Presidential Nominee in 2012,1,0.2,May/17/2010 10:14:13
658929,2012.REP.NOM.THOMPSON,Fred Thompson to be Republican Presidential Nominee in 2012,2,0.2,May/17/2010 10:14:23
658929,2012.REP.NOM.THOMPSON,Fred Thompson to be Republican Presidential Nominee in 2012,1,0.2,May/17/2010 10:14:30
658929,2012.REP.NOM.THOMPSON,Fred Thompson to be Republican Presidential Nominee in 2012,1,0.2,May/17/2010 10:14:41
658929,2012.REP.NOM.THOMPSON,Fred Thompson to be Republican Presidential Nominee in 2012,1,0.2,May/17/2010 10:14:50
658929,2012.REP.NOM.THOMPSON,Fred Thompson to be Republican Presidential Nominee in 2012,2,0.2,May/17/2010 10:14:59
658929,2012.REP.NOM.THOMPSON,Fred Thompson to be Republican Presidential Nominee in 2012,1,0.2,May/17/2010 10:15:09
658929,2012.REP.NOM.THOMPSON,Fred Thompson to be Republican Presidential Nominee in 2012,1,0.2,May/17/2010 10:15:17
658929,2012.REP.NOM.THOMPSON,Fred Thompson to be Republican Presidential Nominee in 2012,1,0.2,May/17/2010 10:15:27
658929,2012.REP.NOM.THOMPSON,Fred Thompson to be Republican Presidential Nominee in 2012,1,0.2,May/17/2010 10:15:38
658929,2012.REP.NOM.THOMPSON,Fred Thompson to be Republican Presidential Nominee in 2012,1,0.2,May/17/2010 10:15:48
658929,2012.REP.NOM.THOMPSON,Fred Thompson to be Republican Presidential Nominee in 2012,4,0.2,May/27/2010 11:27:07
658929,2012.REP.NOM.THOMPSON,Fred Thompson to be Republican Presidential Nominee in 2012,46,0.2,May/27/2010 11:27:07
658929,2012.REP.NOM.THOMPSON,Fred Thompson to be Republican Presidential Nominee in 2012,24,0.2,May/28/2010 12:32:47
658929,2012.REP.NOM.THOMPSON,Fred Thompson to be Republican Presidential Nominee in 2012,7,0.3,Jun/01/2010 17:35:51
658929,2012.REP.NOM.THOMPSON,Fred Thompson to be Republican Presidential Nominee in 2012,13,0.2,Jun/01/2010 17:35:51
658929,2012.REP.NOM.THOMPSON,Fred Thompson to be Republican Presidential Nominee in 2012,4,0.2,Jun/01/2010 20:39:59
658929,2012.REP.NOM.THOMPSON,Fred Thompson to be Republican Presidential Nominee in 2012,1,0.2,Jun/02/2010 10:26:01
658929,2012.REP.NOM.THOMPSON,Fred Thompson to be Republican Presidential Nominee in 2012,5,0.2,Jun/03/2010 12:27:36
658929,2012.REP.NOM.THOMPSON,Fred Thompson to be Republican Presidential Nominee in 2012,2,0.2,Jun/03/2010 20:17:06
658929,2012.REP.NOM.THOMPSON,Fred Thompson to be Republican Presidential Nominee in 2012,13,0.2,Jun/04/2010 10:36:03
658929,2012.REP.NOM.THOMPSON,Fred Thompson to be Republican Presidential Nominee in 2012,5,0.2,Jun/04/2010 10:36:03
658929,2012.REP.NOM.THOMPSON,Fred Thompson to be Republican Presidential Nominee in 2012,13,0.2,Jun/04/2010 10:36:03
658929,2012.REP.NOM.THOMPSON,Fred Thompson to be Republican Presidential Nominee in 2012,20,0.2,Jun/04/2010 21:46:22
658929,2012.REP.NOM.THOMPSON,Fred Thompson to be Republican Presidential Nominee in 2012,20,0.2,Jun/04/2010 22:55:46
658929,2012.REP.NOM.THOMPSON,Fred Thompson to be Republican Presidential Nominee in 2012,8,0.2,Jun/09/2010 20:22:32
658929,2012.REP.NOM.THOMPSON,Fred Thompson to be Republican Presidential Nominee in 2012,1,0.2,Jun/11/2010 09:56:15
658929,2012.REP.NOM.THOMPSON,Fred Thompson to be Republican Presidential Nominee in 2012,22,0.1,Jun/29/2010 10:47:22
658929,2012.REP.NOM.THOMPSON,Fred Thompson to be Republican Presidential Nominee in 2012,8,0.1,Jun/29/2010 10:47:41
658929,2012.REP.NOM.THOMPSON,Fred Thompson to be Republican Presidential Nominee in 2012,67,0.1,Jul/12/2010 06:43:04
658929,2012.REP.NOM.THOMPSON,Fred Thompson to be Republican Presidential Nominee in 2012,18,0.1,Jul/12/2010 21:16:43
658929,2012.REP.NOM.THOMPSON,Fred Thompson to be Republican Presidential Nominee in 2012,3,0.1,Jul/12/2010 21:16:54
658929,2012.REP.NOM.THOMPSON,Fred Thompson to be Republican Presidential Nominee in 2012,2,0.1,Jul/13/2010 05:45:27
658929,2012.REP.NOM.THOMPSON,Fred Thompson to be Republican Presidential Nominee in 2012,39,0.1,Jul/13/2010 19:28:18
658929,2012.REP.NOM.THOMPSON,Fred Thompson to be Republican Presidential Nominee in 2012,100,0.1,Jul/17/2010 19:13:30
658929,2012.REP.NOM.THOMPSON,Fred Thompson to be Republican Presidential Nominee in 2012,10,0.1,Oct/28/2010 22:14:22
658929,2012.REP.NOM.THOMPSON,Fred Thompson to be Republican Presidential Nominee in 2012,48,0.1,Nov/05/2010 17:48:57
658929,2012.REP.NOM.THOMPSON,Fred Thompson to be Republican Presidential Nominee in 2012,23,0.1,Nov/05/2010 17:48:57
658929,2012.REP.NOM.THOMPSON,Fred Thompson to be Republican Presidential Nominee in 2012,78,0.1,Nov/05/2010 17:50:56
658929,2012.REP.NOM.THOMPSON,Fred Thompson to be Republican Presidential Nominee in 2012,9,0.1,Nov/05/2010 17:53:39
658929,2012.REP.NOM.THOMPSON,Fred Thompson to be Republican Presidential Nominee in 2012,2,0.1,Nov/05/2010 18:00:37
658929,2012.REP.NOM.THOMPSON,Fred Thompson to be Republican Presidential Nominee in 2012,1,0.1,Nov/15/2010 17:46:23
658929,2012.REP.NOM.THOMPSON,Fred Thompson to be Republican Presidential Nominee in 2012,1,0.1,Nov/15/2010 17:49:50
658929,2012.REP.NOM.THOMPSON,Fred Thompson to be Republican Presidential Nominee in 2012,50,0.1,Feb/15/2011 02:22:44
658929,2012.REP.NOM.THOMPSON,Fred Thompson to be Republican Presidential Nominee in 2012,50,0.1,Feb/15/2011 02:22:44
658929,2012.REP.NOM.THOMPSON,Fred Thompson to be Republican Presidential Nominee in 2012,10,0.1,Feb/20/2011 19:10:53
658929,2012.REP.NOM.THOMPSON,Fred Thompson to be Republican Presidential Nominee in 2012,80,0.1,Mar/05/2011 18:06:19
658929,2012.REP.NOM.THOMPSON,Fred Thompson to be Republican Presidential Nominee in 2012,20,0.1,Mar/05/2011 18:06:19
658929,2012.REP.NOM.THOMPSON,Fred Thompson to be Republican Presidential Nominee in 2012,10,0.1,Mar/26/2011 01:31:09
658929,2012.REP.NOM.THOMPSON,Fred Thompson to be Republican Presidential Nominee in 2012,1,0.1,Jun/16/2011 01:07:36
658929,2012.REP.NOM.THOMPSON,Fred Thompson to be Republican Presidential Nominee in 2012,1,0.1,Jun/16/2011 01:27:45
658929,2012.REP.NOM.THOMPSON,Fred Thompson to be Republican Presidential Nominee in 2012,20,0.1,Jul/04/2011 01:49:23
658929,2012.REP.NOM.THOMPSON,Fred Thompson to be Republican Presidential Nominee in 2012,5,0.1,Nov/27/2011 21:49:29
658929,2012.REP.NOM.THOMPSON,Fred Thompson to be Republican Presidential Nominee in 2012,60,0.1,Jan/21/2012 18:20:28
658929,2012.REP.NOM.THOMPSON,Fred Thompson to be Republican Presidential Nominee in 2012,5,0.1,Jan/21/2012 18:20:28
658929,2012.REP.NOM.THOMPSON,Fred Thompson to be Republican Presidential Nominee in 2012,435,0.1,Jan/21/2012 18:20:28
658929,2012.REP.NOM.THOMPSON,Fred Thompson to be Republican Presidential Nominee in 2012,2400,0.1,Feb/13/2012 02:38:29
658929,2012.REP.NOM.THOMPSON,Fred Thompson to be Republican Presidential Nominee in 2012,100,0.1,Feb/13/2012 14:55:00
658929,2012.REP.NOM.THOMPSON,Fred Thompson to be Republican Presidential Nominee in 2012,500,0.1,Feb/15/2012 00:45:40
658929,2012.REP.NOM.THOMPSON,Fred Thompson to be Republican Presidential Nominee in 2012,500,0.1,Feb/15/2012 19:23:32
658929,2012.REP.NOM.THOMPSON,Fred Thompson to be Republican Presidential Nominee in 2012,5,0.1,Mar/07/2012 23:34:59
658929,2012.REP.NOM.THOMPSON,Fred Thompson to be Republican Presidential Nominee in 2012,5,0.1,Mar/07/2012 23:36:27
658929,2012.REP.NOM.THOMPSON,Fred Thompson to be Republican Presidential Nominee in 2012,5,0.1,Mar/07/2012 23:37:49
658929,2012.REP.NOM.THOMPSON,Fred Thompson to be Republican Presidential Nominee in 2012,5,0.1,Mar/11/2012 16:58:48
