market id,market symbol,market name,trade quantity,trade price,date/time [utc]
713577,2012.REP.NOM.BLOOMBERG,Michael Bloomberg to be Republican Presidential Nominee in 2012,1,0.2,Feb/24/2010 16:58:16
713577,2012.REP.NOM.BLOOMBERG,Michael Bloomberg to be Republican Presidential Nominee in 2012,2,0.2,Feb/24/2010 16:58:51
713577,2012.REP.NOM.BLOOMBERG,Michael Bloomberg to be Republican Presidential Nominee in 2012,2,0.2,Feb/24/2010 16:59:06
713577,2012.REP.NOM.BLOOMBERG,Michael Bloomberg to be Republican Presidential Nominee in 2012,1,0.2,Mar/01/2010 06:00:50
713577,2012.REP.NOM.BLOOMBERG,Michael Bloomberg to be Republican Presidential Nominee in 2012,1,0.2,Mar/01/2010 06:00:55
713577,2012.REP.NOM.BLOOMBERG,Michael Bloomberg to be Republican Presidential Nominee in 2012,1,0.2,Mar/01/2010 06:02:22
713577,2012.REP.NOM.BLOOMBERG,Michael Bloomberg to be Republican Presidential Nominee in 2012,1,0.2,Mar/01/2010 06:02:28
713577,2012.REP.NOM.BLOOMBERG,Michael Bloomberg to be Republican Presidential Nominee in 2012,1,0.2,Mar/01/2010 06:02:34
713577,2012.REP.NOM.BLOOMBERG,Michael Bloomberg to be Republican Presidential Nominee in 2012,1,0.2,Mar/01/2010 06:02:43
713577,2012.REP.NOM.BLOOMBERG,Michael Bloomberg to be Republican Presidential Nominee in 2012,1,0.2,Mar/01/2010 06:02:49
713577,2012.REP.NOM.BLOOMBERG,Michael Bloomberg to be Republican Presidential Nominee in 2012,3,0.2,Mar/01/2010 06:03:00
713577,2012.REP.NOM.BLOOMBERG,Michael Bloomberg to be Republican Presidential Nominee in 2012,1,0.2,Mar/04/2010 07:34:23
713577,2012.REP.NOM.BLOOMBERG,Michael Bloomberg to be Republican Presidential Nominee in 2012,1,0.2,Mar/04/2010 07:35:27
713577,2012.REP.NOM.BLOOMBERG,Michael Bloomberg to be Republican Presidential Nominee in 2012,1,0.2,Mar/04/2010 07:35:34
713577,2012.REP.NOM.BLOOMBERG,Michael Bloomberg to be Republican Presidential Nominee in 2012,1,0.2,Mar/04/2010 07:35:40
713577,2012.REP.NOM.BLOOMBERG,Michael Bloomberg to be Republican Presidential Nominee in 2012,1,0.2,Mar/04/2010 07:36:01
713577,2012.REP.NOM.BLOOMBERG,Michael Bloomberg to be Republican Presidential Nominee in 2012,1,0.2,Mar/04/2010 07:36:06
713577,2012.REP.NOM.BLOOMBERG,Michael Bloomberg to be Republican Presidential Nominee in 2012,1,0.2,Mar/04/2010 07:36:12
713577,2012.REP.NOM.BLOOMBERG,Michael Bloomberg to be Republican Presidential Nominee in 2012,1,0.2,Mar/04/2010 07:36:19
713577,2012.REP.NOM.BLOOMBERG,Michael Bloomberg to be Republican Presidential Nominee in 2012,2,0.2,Mar/04/2010 07:36:26
713577,2012.REP.NOM.BLOOMBERG,Michael Bloomberg to be Republican Presidential Nominee in 2012,2,0.2,Mar/04/2010 07:36:32
713577,2012.REP.NOM.BLOOMBERG,Michael Bloomberg to be Republican Presidential Nominee in 2012,1,0.2,Mar/04/2010 07:36:44
713577,2012.REP.NOM.BLOOMBERG,Michael Bloomberg to be Republican Presidential Nominee in 2012,1,0.2,Mar/04/2010 07:36:49
713577,2012.REP.NOM.BLOOMBERG,Michael Bloomberg to be Republican Presidential Nominee in 2012,2,0.2,Mar/04/2010 07:36:55
713577,2012.REP.NOM.BLOOMBERG,Michael Bloomberg to be Republican Presidential Nominee in 2012,1,0.2,Mar/04/2010 07:37:02
713577,2012.REP.NOM.BLOOMBERG,Michael Bloomberg to be Republican Presidential Nominee in 2012,3,0.2,Mar/04/2010 07:37:10
713577,2012.REP.NOM.BLOOMBERG,Michael Bloomberg to be Republican Presidential Nominee in 2012,2,0.2,Mar/04/2010 07:37:16
713577,2012.REP.NOM.BLOOMBERG,Michael Bloomberg to be Republican Presidential Nominee in 2012,2,0.2,Mar/04/2010 07:37:22
713577,2012.REP.NOM.BLOOMBERG,Michael Bloomberg to be Republican Presidential Nominee in 2012,1,0.2,Mar/04/2010 07:37:28
713577,2012.REP.NOM.BLOOMBERG,Michael Bloomberg to be Republican Presidential Nominee in 2012,1,0.2,Mar/04/2010 07:37:35
713577,2012.REP.NOM.BLOOMBERG,Michael Bloomberg to be Republican Presidential Nominee in 2012,1,0.2,Mar/04/2010 07:37:43
713577,2012.REP.NOM.BLOOMBERG,Michael Bloomberg to be Republican Presidential Nominee in 2012,1,0.2,Mar/04/2010 07:37:49
713577,2012.REP.NOM.BLOOMBERG,Michael Bloomberg to be Republican Presidential Nominee in 2012,2,0.2,Mar/04/2010 07:37:54
713577,2012.REP.NOM.BLOOMBERG,Michael Bloomberg to be Republican Presidential Nominee in 2012,2,0.2,Mar/04/2010 07:38:00
713577,2012.REP.NOM.BLOOMBERG,Michael Bloomberg to be Republican Presidential Nominee in 2012,3,0.2,Mar/04/2010 07:38:10
713577,2012.REP.NOM.BLOOMBERG,Michael Bloomberg to be Republican Presidential Nominee in 2012,2,0.2,Mar/04/2010 07:38:20
713577,2012.REP.NOM.BLOOMBERG,Michael Bloomberg to be Republican Presidential Nominee in 2012,2,0.2,Mar/04/2010 07:38:26
713577,2012.REP.NOM.BLOOMBERG,Michael Bloomberg to be Republican Presidential Nominee in 2012,2,0.2,Mar/04/2010 07:38:37
713577,2012.REP.NOM.BLOOMBERG,Michael Bloomberg to be Republican Presidential Nominee in 2012,2,0.2,Mar/04/2010 07:38:44
713577,2012.REP.NOM.BLOOMBERG,Michael Bloomberg to be Republican Presidential Nominee in 2012,2,0.2,Mar/04/2010 07:38:49
713577,2012.REP.NOM.BLOOMBERG,Michael Bloomberg to be Republican Presidential Nominee in 2012,2,0.2,Mar/04/2010 07:38:56
713577,2012.REP.NOM.BLOOMBERG,Michael Bloomberg to be Republican Presidential Nominee in 2012,1,0.2,Mar/04/2010 07:39:04
713577,2012.REP.NOM.BLOOMBERG,Michael Bloomberg to be Republican Presidential Nominee in 2012,1,0.3,Mar/05/2010 14:51:16
713577,2012.REP.NOM.BLOOMBERG,Michael Bloomberg to be Republican Presidential Nominee in 2012,1,0.3,Mar/05/2010 14:51:23
713577,2012.REP.NOM.BLOOMBERG,Michael Bloomberg to be Republican Presidential Nominee in 2012,2,0.3,Mar/05/2010 14:51:27
713577,2012.REP.NOM.BLOOMBERG,Michael Bloomberg to be Republican Presidential Nominee in 2012,3,0.3,Mar/05/2010 14:51:33
713577,2012.REP.NOM.BLOOMBERG,Michael Bloomberg to be Republican Presidential Nominee in 2012,1,0.3,Mar/05/2010 14:51:39
713577,2012.REP.NOM.BLOOMBERG,Michael Bloomberg to be Republican Presidential Nominee in 2012,1,0.3,Mar/05/2010 14:51:45
713577,2012.REP.NOM.BLOOMBERG,Michael Bloomberg to be Republican Presidential Nominee in 2012,1,0.3,Mar/05/2010 14:51:50
713577,2012.REP.NOM.BLOOMBERG,Michael Bloomberg to be Republican Presidential Nominee in 2012,1,0.2,Mar/05/2010 14:51:57
713577,2012.REP.NOM.BLOOMBERG,Michael Bloomberg to be Republican Presidential Nominee in 2012,1,0.2,Mar/05/2010 14:52:03
713577,2012.REP.NOM.BLOOMBERG,Michael Bloomberg to be Republican Presidential Nominee in 2012,1,0.2,Mar/05/2010 14:52:09
713577,2012.REP.NOM.BLOOMBERG,Michael Bloomberg to be Republican Presidential Nominee in 2012,1,0.2,Mar/05/2010 14:52:14
713577,2012.REP.NOM.BLOOMBERG,Michael Bloomberg to be Republican Presidential Nominee in 2012,1,0.2,Mar/05/2010 14:52:21
713577,2012.REP.NOM.BLOOMBERG,Michael Bloomberg to be Republican Presidential Nominee in 2012,2,0.2,Mar/05/2010 14:52:26
713577,2012.REP.NOM.BLOOMBERG,Michael Bloomberg to be Republican Presidential Nominee in 2012,1,0.2,Mar/05/2010 14:52:31
713577,2012.REP.NOM.BLOOMBERG,Michael Bloomberg to be Republican Presidential Nominee in 2012,1,0.2,Mar/05/2010 14:52:37
713577,2012.REP.NOM.BLOOMBERG,Michael Bloomberg to be Republican Presidential Nominee in 2012,2,0.2,Mar/05/2010 14:52:42
713577,2012.REP.NOM.BLOOMBERG,Michael Bloomberg to be Republican Presidential Nominee in 2012,1,0.2,Mar/08/2010 05:45:28
713577,2012.REP.NOM.BLOOMBERG,Michael Bloomberg to be Republican Presidential Nominee in 2012,1,0.2,Mar/08/2010 05:45:33
713577,2012.REP.NOM.BLOOMBERG,Michael Bloomberg to be Republican Presidential Nominee in 2012,1,0.2,Mar/08/2010 05:45:38
713577,2012.REP.NOM.BLOOMBERG,Michael Bloomberg to be Republican Presidential Nominee in 2012,1,0.2,Mar/08/2010 05:45:45
713577,2012.REP.NOM.BLOOMBERG,Michael Bloomberg to be Republican Presidential Nominee in 2012,1,0.2,Mar/08/2010 05:45:49
713577,2012.REP.NOM.BLOOMBERG,Michael Bloomberg to be Republican Presidential Nominee in 2012,1,0.2,Mar/08/2010 05:45:53
713577,2012.REP.NOM.BLOOMBERG,Michael Bloomberg to be Republican Presidential Nominee in 2012,1,0.2,Mar/08/2010 05:46:13
713577,2012.REP.NOM.BLOOMBERG,Michael Bloomberg to be Republican Presidential Nominee in 2012,2,0.2,Mar/08/2010 05:46:22
713577,2012.REP.NOM.BLOOMBERG,Michael Bloomberg to be Republican Presidential Nominee in 2012,1,0.2,Mar/08/2010 05:46:30
713577,2012.REP.NOM.BLOOMBERG,Michael Bloomberg to be Republican Presidential Nominee in 2012,1,0.2,Mar/08/2010 05:46:49
713577,2012.REP.NOM.BLOOMBERG,Michael Bloomberg to be Republican Presidential Nominee in 2012,1,0.2,Mar/08/2010 05:46:54
713577,2012.REP.NOM.BLOOMBERG,Michael Bloomberg to be Republican Presidential Nominee in 2012,1,0.2,Mar/08/2010 05:46:59
713577,2012.REP.NOM.BLOOMBERG,Michael Bloomberg to be Republican Presidential Nominee in 2012,1,0.2,Mar/08/2010 05:47:03
713577,2012.REP.NOM.BLOOMBERG,Michael Bloomberg to be Republican Presidential Nominee in 2012,1,0.2,Mar/08/2010 05:47:16
713577,2012.REP.NOM.BLOOMBERG,Michael Bloomberg to be Republican Presidential Nominee in 2012,1,0.2,Mar/08/2010 05:47:25
713577,2012.REP.NOM.BLOOMBERG,Michael Bloomberg to be Republican Presidential Nominee in 2012,1,0.2,Mar/08/2010 05:47:30
713577,2012.REP.NOM.BLOOMBERG,Michael Bloomberg to be Republican Presidential Nominee in 2012,1,0.2,Mar/08/2010 05:47:38
713577,2012.REP.NOM.BLOOMBERG,Michael Bloomberg to be Republican Presidential Nominee in 2012,1,0.2,Mar/08/2010 05:47:44
713577,2012.REP.NOM.BLOOMBERG,Michael Bloomberg to be Republican Presidential Nominee in 2012,4,0.2,Mar/08/2010 05:47:50
713577,2012.REP.NOM.BLOOMBERG,Michael Bloomberg to be Republican Presidential Nominee in 2012,1,0.2,Mar/08/2010 05:48:11
713577,2012.REP.NOM.BLOOMBERG,Michael Bloomberg to be Republican Presidential Nominee in 2012,1,0.2,Mar/08/2010 05:48:19
713577,2012.REP.NOM.BLOOMBERG,Michael Bloomberg to be Republican Presidential Nominee in 2012,5,0.2,Mar/08/2010 05:48:26
713577,2012.REP.NOM.BLOOMBERG,Michael Bloomberg to be Republican Presidential Nominee in 2012,4,0.2,Mar/08/2010 05:48:38
713577,2012.REP.NOM.BLOOMBERG,Michael Bloomberg to be Republican Presidential Nominee in 2012,1,0.2,Mar/08/2010 05:48:48
713577,2012.REP.NOM.BLOOMBERG,Michael Bloomberg to be Republican Presidential Nominee in 2012,1,0.2,Mar/08/2010 05:48:56
713577,2012.REP.NOM.BLOOMBERG,Michael Bloomberg to be Republican Presidential Nominee in 2012,1,0.2,Mar/08/2010 05:49:04
713577,2012.REP.NOM.BLOOMBERG,Michael Bloomberg to be Republican Presidential Nominee in 2012,1,0.2,Mar/08/2010 05:49:13
713577,2012.REP.NOM.BLOOMBERG,Michael Bloomberg to be Republican Presidential Nominee in 2012,1,0.2,Mar/08/2010 05:49:22
713577,2012.REP.NOM.BLOOMBERG,Michael Bloomberg to be Republican Presidential Nominee in 2012,1,0.2,Mar/10/2010 07:41:54
713577,2012.REP.NOM.BLOOMBERG,Michael Bloomberg to be Republican Presidential Nominee in 2012,1,0.2,Mar/10/2010 07:42:02
713577,2012.REP.NOM.BLOOMBERG,Michael Bloomberg to be Republican Presidential Nominee in 2012,1,0.2,Mar/10/2010 07:42:09
713577,2012.REP.NOM.BLOOMBERG,Michael Bloomberg to be Republican Presidential Nominee in 2012,3,0.2,Mar/10/2010 07:42:14
713577,2012.REP.NOM.BLOOMBERG,Michael Bloomberg to be Republican Presidential Nominee in 2012,1,0.2,Mar/10/2010 07:42:39
713577,2012.REP.NOM.BLOOMBERG,Michael Bloomberg to be Republican Presidential Nominee in 2012,2,0.2,Mar/10/2010 07:42:48
713577,2012.REP.NOM.BLOOMBERG,Michael Bloomberg to be Republican Presidential Nominee in 2012,1,0.2,Mar/10/2010 07:42:54
713577,2012.REP.NOM.BLOOMBERG,Michael Bloomberg to be Republican Presidential Nominee in 2012,1,0.3,Mar/23/2010 06:56:34
713577,2012.REP.NOM.BLOOMBERG,Michael Bloomberg to be Republican Presidential Nominee in 2012,1,0.3,Mar/23/2010 06:56:42
713577,2012.REP.NOM.BLOOMBERG,Michael Bloomberg to be Republican Presidential Nominee in 2012,1,0.2,Mar/23/2010 06:56:50
713577,2012.REP.NOM.BLOOMBERG,Michael Bloomberg to be Republican Presidential Nominee in 2012,1,0.2,Mar/23/2010 06:57:12
713577,2012.REP.NOM.BLOOMBERG,Michael Bloomberg to be Republican Presidential Nominee in 2012,1,0.2,Mar/23/2010 06:57:21
713577,2012.REP.NOM.BLOOMBERG,Michael Bloomberg to be Republican Presidential Nominee in 2012,3,0.2,Mar/23/2010 06:57:31
713577,2012.REP.NOM.BLOOMBERG,Michael Bloomberg to be Republican Presidential Nominee in 2012,1,0.2,Mar/23/2010 06:57:45
713577,2012.REP.NOM.BLOOMBERG,Michael Bloomberg to be Republican Presidential Nominee in 2012,1,0.2,Mar/23/2010 06:57:51
713577,2012.REP.NOM.BLOOMBERG,Michael Bloomberg to be Republican Presidential Nominee in 2012,1,0.2,Mar/23/2010 06:58:04
713577,2012.REP.NOM.BLOOMBERG,Michael Bloomberg to be Republican Presidential Nominee in 2012,1,0.2,Mar/23/2010 06:58:17
713577,2012.REP.NOM.BLOOMBERG,Michael Bloomberg to be Republican Presidential Nominee in 2012,1,0.2,Mar/23/2010 06:58:25
713577,2012.REP.NOM.BLOOMBERG,Michael Bloomberg to be Republican Presidential Nominee in 2012,1,0.2,Mar/23/2010 06:58:32
713577,2012.REP.NOM.BLOOMBERG,Michael Bloomberg to be Republican Presidential Nominee in 2012,1,0.2,Mar/23/2010 06:58:39
713577,2012.REP.NOM.BLOOMBERG,Michael Bloomberg to be Republican Presidential Nominee in 2012,1,0.2,Mar/23/2010 06:58:47
713577,2012.REP.NOM.BLOOMBERG,Michael Bloomberg to be Republican Presidential Nominee in 2012,4,0.2,Mar/23/2010 06:58:55
713577,2012.REP.NOM.BLOOMBERG,Michael Bloomberg to be Republican Presidential Nominee in 2012,2,0.2,Mar/23/2010 06:59:03
713577,2012.REP.NOM.BLOOMBERG,Michael Bloomberg to be Republican Presidential Nominee in 2012,1,0.2,Mar/23/2010 06:59:10
713577,2012.REP.NOM.BLOOMBERG,Michael Bloomberg to be Republican Presidential Nominee in 2012,1,0.2,Mar/25/2010 22:40:56
713577,2012.REP.NOM.BLOOMBERG,Michael Bloomberg to be Republican Presidential Nominee in 2012,1,0.2,Mar/25/2010 22:41:01
713577,2012.REP.NOM.BLOOMBERG,Michael Bloomberg to be Republican Presidential Nominee in 2012,3,0.2,Mar/25/2010 22:41:19
713577,2012.REP.NOM.BLOOMBERG,Michael Bloomberg to be Republican Presidential Nominee in 2012,2,0.2,Mar/25/2010 22:41:27
713577,2012.REP.NOM.BLOOMBERG,Michael Bloomberg to be Republican Presidential Nominee in 2012,1,0.2,Mar/25/2010 22:41:34
713577,2012.REP.NOM.BLOOMBERG,Michael Bloomberg to be Republican Presidential Nominee in 2012,2,0.2,Mar/25/2010 22:41:40
713577,2012.REP.NOM.BLOOMBERG,Michael Bloomberg to be Republican Presidential Nominee in 2012,1,0.2,Mar/25/2010 22:42:05
713577,2012.REP.NOM.BLOOMBERG,Michael Bloomberg to be Republican Presidential Nominee in 2012,2,0.2,Mar/25/2010 22:42:12
713577,2012.REP.NOM.BLOOMBERG,Michael Bloomberg to be Republican Presidential Nominee in 2012,2,0.2,Mar/25/2010 22:42:18
713577,2012.REP.NOM.BLOOMBERG,Michael Bloomberg to be Republican Presidential Nominee in 2012,1,0.2,Mar/25/2010 22:42:26
713577,2012.REP.NOM.BLOOMBERG,Michael Bloomberg to be Republican Presidential Nominee in 2012,1,0.2,Mar/25/2010 22:42:33
713577,2012.REP.NOM.BLOOMBERG,Michael Bloomberg to be Republican Presidential Nominee in 2012,1,0.2,Mar/25/2010 22:42:40
713577,2012.REP.NOM.BLOOMBERG,Michael Bloomberg to be Republican Presidential Nominee in 2012,1,0.2,Mar/25/2010 22:42:47
713577,2012.REP.NOM.BLOOMBERG,Michael Bloomberg to be Republican Presidential Nominee in 2012,1,0.2,Mar/25/2010 22:42:55
713577,2012.REP.NOM.BLOOMBERG,Michael Bloomberg to be Republican Presidential Nominee in 2012,1,0.2,Mar/25/2010 22:43:02
713577,2012.REP.NOM.BLOOMBERG,Michael Bloomberg to be Republican Presidential Nominee in 2012,1,0.2,Mar/25/2010 22:43:09
713577,2012.REP.NOM.BLOOMBERG,Michael Bloomberg to be Republican Presidential Nominee in 2012,1,0.2,Mar/25/2010 22:43:16
713577,2012.REP.NOM.BLOOMBERG,Michael Bloomberg to be Republican Presidential Nominee in 2012,1,0.2,Mar/25/2010 22:43:24
713577,2012.REP.NOM.BLOOMBERG,Michael Bloomberg to be Republican Presidential Nominee in 2012,1,0.2,Mar/25/2010 22:43:31
713577,2012.REP.NOM.BLOOMBERG,Michael Bloomberg to be Republican Presidential Nominee in 2012,1,0.2,Mar/25/2010 22:43:39
713577,2012.REP.NOM.BLOOMBERG,Michael Bloomberg to be Republican Presidential Nominee in 2012,1,0.2,Mar/25/2010 22:43:47
713577,2012.REP.NOM.BLOOMBERG,Michael Bloomberg to be Republican Presidential Nominee in 2012,1,1.5,Mar/27/2010 16:41:25
713577,2012.REP.NOM.BLOOMBERG,Michael Bloomberg to be Republican Presidential Nominee in 2012,1,0.3,May/17/2010 10:08:12
713577,2012.REP.NOM.BLOOMBERG,Michael Bloomberg to be Republican Presidential Nominee in 2012,1,0.3,May/17/2010 10:09:33
713577,2012.REP.NOM.BLOOMBERG,Michael Bloomberg to be Republican Presidential Nominee in 2012,1,0.3,May/17/2010 10:09:40
713577,2012.REP.NOM.BLOOMBERG,Michael Bloomberg to be Republican Presidential Nominee in 2012,1,0.2,May/17/2010 10:10:09
713577,2012.REP.NOM.BLOOMBERG,Michael Bloomberg to be Republican Presidential Nominee in 2012,1,0.2,May/17/2010 10:10:24
713577,2012.REP.NOM.BLOOMBERG,Michael Bloomberg to be Republican Presidential Nominee in 2012,1,0.2,May/17/2010 10:10:36
713577,2012.REP.NOM.BLOOMBERG,Michael Bloomberg to be Republican Presidential Nominee in 2012,1,0.2,May/17/2010 10:10:45
713577,2012.REP.NOM.BLOOMBERG,Michael Bloomberg to be Republican Presidential Nominee in 2012,1,0.2,May/17/2010 10:10:57
713577,2012.REP.NOM.BLOOMBERG,Michael Bloomberg to be Republican Presidential Nominee in 2012,1,0.2,May/17/2010 10:11:07
713577,2012.REP.NOM.BLOOMBERG,Michael Bloomberg to be Republican Presidential Nominee in 2012,2,0.2,May/17/2010 10:11:15
713577,2012.REP.NOM.BLOOMBERG,Michael Bloomberg to be Republican Presidential Nominee in 2012,1,0.2,May/17/2010 10:11:24
713577,2012.REP.NOM.BLOOMBERG,Michael Bloomberg to be Republican Presidential Nominee in 2012,1,0.2,May/17/2010 10:11:33
713577,2012.REP.NOM.BLOOMBERG,Michael Bloomberg to be Republican Presidential Nominee in 2012,1,0.2,May/17/2010 10:11:42
713577,2012.REP.NOM.BLOOMBERG,Michael Bloomberg to be Republican Presidential Nominee in 2012,3,0.2,May/17/2010 10:11:51
713577,2012.REP.NOM.BLOOMBERG,Michael Bloomberg to be Republican Presidential Nominee in 2012,1,0.2,May/17/2010 10:12:45
713577,2012.REP.NOM.BLOOMBERG,Michael Bloomberg to be Republican Presidential Nominee in 2012,1,0.2,May/17/2010 10:13:03
713577,2012.REP.NOM.BLOOMBERG,Michael Bloomberg to be Republican Presidential Nominee in 2012,1,0.2,May/17/2010 10:13:16
713577,2012.REP.NOM.BLOOMBERG,Michael Bloomberg to be Republican Presidential Nominee in 2012,1,0.2,May/17/2010 10:13:26
713577,2012.REP.NOM.BLOOMBERG,Michael Bloomberg to be Republican Presidential Nominee in 2012,1,0.2,May/17/2010 10:13:31
713577,2012.REP.NOM.BLOOMBERG,Michael Bloomberg to be Republican Presidential Nominee in 2012,1,0.2,May/17/2010 10:13:36
713577,2012.REP.NOM.BLOOMBERG,Michael Bloomberg to be Republican Presidential Nominee in 2012,1,0.2,May/17/2010 10:13:41
713577,2012.REP.NOM.BLOOMBERG,Michael Bloomberg to be Republican Presidential Nominee in 2012,1,0.2,May/17/2010 10:13:53
713577,2012.REP.NOM.BLOOMBERG,Michael Bloomberg to be Republican Presidential Nominee in 2012,1,0.2,May/17/2010 10:14:04
713577,2012.REP.NOM.BLOOMBERG,Michael Bloomberg to be Republican Presidential Nominee in 2012,1,0.2,May/17/2010 10:14:13
713577,2012.REP.NOM.BLOOMBERG,Michael Bloomberg to be Republican Presidential Nominee in 2012,2,0.2,May/17/2010 10:14:23
713577,2012.REP.NOM.BLOOMBERG,Michael Bloomberg to be Republican Presidential Nominee in 2012,1,0.2,May/17/2010 10:14:30
713577,2012.REP.NOM.BLOOMBERG,Michael Bloomberg to be Republican Presidential Nominee in 2012,1,0.2,May/17/2010 10:14:41
713577,2012.REP.NOM.BLOOMBERG,Michael Bloomberg to be Republican Presidential Nominee in 2012,1,0.2,May/17/2010 10:14:50
713577,2012.REP.NOM.BLOOMBERG,Michael Bloomberg to be Republican Presidential Nominee in 2012,2,0.2,May/17/2010 10:14:59
713577,2012.REP.NOM.BLOOMBERG,Michael Bloomberg to be Republican Presidential Nominee in 2012,1,0.2,May/17/2010 10:15:09
713577,2012.REP.NOM.BLOOMBERG,Michael Bloomberg to be Republican Presidential Nominee in 2012,1,0.2,May/17/2010 10:15:17
713577,2012.REP.NOM.BLOOMBERG,Michael Bloomberg to be Republican Presidential Nominee in 2012,1,0.2,May/17/2010 10:15:27
713577,2012.REP.NOM.BLOOMBERG,Michael Bloomberg to be Republican Presidential Nominee in 2012,1,0.2,May/17/2010 10:15:38
713577,2012.REP.NOM.BLOOMBERG,Michael Bloomberg to be Republican Presidential Nominee in 2012,1,0.2,May/17/2010 10:15:48
713577,2012.REP.NOM.BLOOMBERG,Michael Bloomberg to be Republican Presidential Nominee in 2012,50,0.3,May/27/2010 11:27:07
713577,2012.REP.NOM.BLOOMBERG,Michael Bloomberg to be Republican Presidential Nominee in 2012,5,0.3,May/28/2010 12:32:47
713577,2012.REP.NOM.BLOOMBERG,Michael Bloomberg to be Republican Presidential Nominee in 2012,9,0.2,May/28/2010 12:32:47
713577,2012.REP.NOM.BLOOMBERG,Michael Bloomberg to be Republican Presidential Nominee in 2012,10,0.3,May/28/2010 12:32:47
713577,2012.REP.NOM.BLOOMBERG,Michael Bloomberg to be Republican Presidential Nominee in 2012,20,0.3,Jun/01/2010 17:35:51
713577,2012.REP.NOM.BLOOMBERG,Michael Bloomberg to be Republican Presidential Nominee in 2012,4,0.2,Jun/01/2010 20:39:59
713577,2012.REP.NOM.BLOOMBERG,Michael Bloomberg to be Republican Presidential Nominee in 2012,1,0.2,Jun/02/2010 10:26:01
713577,2012.REP.NOM.BLOOMBERG,Michael Bloomberg to be Republican Presidential Nominee in 2012,5,0.2,Jun/03/2010 12:27:36
713577,2012.REP.NOM.BLOOMBERG,Michael Bloomberg to be Republican Presidential Nominee in 2012,2,0.2,Jun/03/2010 20:17:06
713577,2012.REP.NOM.BLOOMBERG,Michael Bloomberg to be Republican Presidential Nominee in 2012,31,0.2,Jun/04/2010 10:36:03
713577,2012.REP.NOM.BLOOMBERG,Michael Bloomberg to be Republican Presidential Nominee in 2012,8,0.2,Jun/04/2010 21:46:22
713577,2012.REP.NOM.BLOOMBERG,Michael Bloomberg to be Republican Presidential Nominee in 2012,12,0.2,Jun/04/2010 21:46:22
713577,2012.REP.NOM.BLOOMBERG,Michael Bloomberg to be Republican Presidential Nominee in 2012,20,0.2,Jun/04/2010 22:55:46
713577,2012.REP.NOM.BLOOMBERG,Michael Bloomberg to be Republican Presidential Nominee in 2012,8,0.2,Jun/09/2010 20:22:32
713577,2012.REP.NOM.BLOOMBERG,Michael Bloomberg to be Republican Presidential Nominee in 2012,1,0.2,Jun/11/2010 09:56:15
713577,2012.REP.NOM.BLOOMBERG,Michael Bloomberg to be Republican Presidential Nominee in 2012,22,0.2,Jun/29/2010 10:47:22
713577,2012.REP.NOM.BLOOMBERG,Michael Bloomberg to be Republican Presidential Nominee in 2012,8,0.2,Jun/29/2010 10:47:41
713577,2012.REP.NOM.BLOOMBERG,Michael Bloomberg to be Republican Presidential Nominee in 2012,34,0.3,Jul/04/2010 19:00:53
713577,2012.REP.NOM.BLOOMBERG,Michael Bloomberg to be Republican Presidential Nominee in 2012,67,0.3,Jul/12/2010 06:43:04
713577,2012.REP.NOM.BLOOMBERG,Michael Bloomberg to be Republican Presidential Nominee in 2012,18,0.3,Jul/12/2010 21:16:43
713577,2012.REP.NOM.BLOOMBERG,Michael Bloomberg to be Republican Presidential Nominee in 2012,3,0.3,Jul/12/2010 21:16:54
713577,2012.REP.NOM.BLOOMBERG,Michael Bloomberg to be Republican Presidential Nominee in 2012,2,0.3,Jul/13/2010 05:45:27
713577,2012.REP.NOM.BLOOMBERG,Michael Bloomberg to be Republican Presidential Nominee in 2012,39,0.3,Jul/13/2010 19:28:18
713577,2012.REP.NOM.BLOOMBERG,Michael Bloomberg to be Republican Presidential Nominee in 2012,100,0.4,Jul/17/2010 19:13:30
713577,2012.REP.NOM.BLOOMBERG,Michael Bloomberg to be Republican Presidential Nominee in 2012,71,0.3,Nov/05/2010 17:48:57
713577,2012.REP.NOM.BLOOMBERG,Michael Bloomberg to be Republican Presidential Nominee in 2012,40,0.3,Nov/05/2010 17:50:56
713577,2012.REP.NOM.BLOOMBERG,Michael Bloomberg to be Republican Presidential Nominee in 2012,5,0.2,Nov/05/2010 17:50:56
713577,2012.REP.NOM.BLOOMBERG,Michael Bloomberg to be Republican Presidential Nominee in 2012,33,0.2,Nov/05/2010 17:50:56
713577,2012.REP.NOM.BLOOMBERG,Michael Bloomberg to be Republican Presidential Nominee in 2012,9,0.3,Nov/05/2010 17:53:39
713577,2012.REP.NOM.BLOOMBERG,Michael Bloomberg to be Republican Presidential Nominee in 2012,1,0.2,Nov/05/2010 18:00:37
713577,2012.REP.NOM.BLOOMBERG,Michael Bloomberg to be Republican Presidential Nominee in 2012,1,0.3,Nov/05/2010 18:00:37
713577,2012.REP.NOM.BLOOMBERG,Michael Bloomberg to be Republican Presidential Nominee in 2012,40,0.2,Nov/05/2010 22:26:27
713577,2012.REP.NOM.BLOOMBERG,Michael Bloomberg to be Republican Presidential Nominee in 2012,50,0.2,Nov/06/2010 21:37:19
713577,2012.REP.NOM.BLOOMBERG,Michael Bloomberg to be Republican Presidential Nominee in 2012,300,0.3,Nov/07/2010 02:16:47
713577,2012.REP.NOM.BLOOMBERG,Michael Bloomberg to be Republican Presidential Nominee in 2012,4,0.2,Nov/07/2010 21:41:40
713577,2012.REP.NOM.BLOOMBERG,Michael Bloomberg to be Republican Presidential Nominee in 2012,10,0.1,Nov/07/2010 21:41:40
713577,2012.REP.NOM.BLOOMBERG,Michael Bloomberg to be Republican Presidential Nominee in 2012,5,0.1,Nov/08/2010 20:45:25
713577,2012.REP.NOM.BLOOMBERG,Michael Bloomberg to be Republican Presidential Nominee in 2012,40,0.1,Nov/09/2010 21:22:01
713577,2012.REP.NOM.BLOOMBERG,Michael Bloomberg to be Republican Presidential Nominee in 2012,29,0.1,Nov/10/2010 06:54:40
713577,2012.REP.NOM.BLOOMBERG,Michael Bloomberg to be Republican Presidential Nominee in 2012,15,0.2,Nov/10/2010 15:15:24
713577,2012.REP.NOM.BLOOMBERG,Michael Bloomberg to be Republican Presidential Nominee in 2012,10,0.2,Nov/10/2010 15:15:24
713577,2012.REP.NOM.BLOOMBERG,Michael Bloomberg to be Republican Presidential Nominee in 2012,6,0.2,Nov/10/2010 17:23:28
713577,2012.REP.NOM.BLOOMBERG,Michael Bloomberg to be Republican Presidential Nominee in 2012,8,0.2,Nov/11/2010 07:51:56
713577,2012.REP.NOM.BLOOMBERG,Michael Bloomberg to be Republican Presidential Nominee in 2012,6,0.1,Nov/15/2010 08:03:10
713577,2012.REP.NOM.BLOOMBERG,Michael Bloomberg to be Republican Presidential Nominee in 2012,21,0.2,Nov/15/2010 08:03:10
713577,2012.REP.NOM.BLOOMBERG,Michael Bloomberg to be Republican Presidential Nominee in 2012,20,0.1,Nov/15/2010 08:03:10
713577,2012.REP.NOM.BLOOMBERG,Michael Bloomberg to be Republican Presidential Nominee in 2012,6,0.1,Nov/15/2010 08:03:10
713577,2012.REP.NOM.BLOOMBERG,Michael Bloomberg to be Republican Presidential Nominee in 2012,1,0.2,Nov/15/2010 17:58:19
713577,2012.REP.NOM.BLOOMBERG,Michael Bloomberg to be Republican Presidential Nominee in 2012,9,0.1,Nov/16/2010 07:19:42
713577,2012.REP.NOM.BLOOMBERG,Michael Bloomberg to be Republican Presidential Nominee in 2012,8,0.1,Nov/16/2010 07:19:42
713577,2012.REP.NOM.BLOOMBERG,Michael Bloomberg to be Republican Presidential Nominee in 2012,1,0.1,Nov/16/2010 09:41:41
713577,2012.REP.NOM.BLOOMBERG,Michael Bloomberg to be Republican Presidential Nominee in 2012,1,0.1,Nov/16/2010 09:41:45
713577,2012.REP.NOM.BLOOMBERG,Michael Bloomberg to be Republican Presidential Nominee in 2012,1,0.1,Nov/16/2010 09:41:49
713577,2012.REP.NOM.BLOOMBERG,Michael Bloomberg to be Republican Presidential Nominee in 2012,1,0.1,Nov/16/2010 09:42:14
713577,2012.REP.NOM.BLOOMBERG,Michael Bloomberg to be Republican Presidential Nominee in 2012,1,0.1,Nov/16/2010 09:42:18
713577,2012.REP.NOM.BLOOMBERG,Michael Bloomberg to be Republican Presidential Nominee in 2012,1,0.1,Nov/16/2010 09:42:21
713577,2012.REP.NOM.BLOOMBERG,Michael Bloomberg to be Republican Presidential Nominee in 2012,1,0.1,Nov/16/2010 09:42:24
713577,2012.REP.NOM.BLOOMBERG,Michael Bloomberg to be Republican Presidential Nominee in 2012,1,0.1,Nov/16/2010 09:42:30
713577,2012.REP.NOM.BLOOMBERG,Michael Bloomberg to be Republican Presidential Nominee in 2012,1,0.1,Nov/16/2010 09:42:36
713577,2012.REP.NOM.BLOOMBERG,Michael Bloomberg to be Republican Presidential Nominee in 2012,1,0.1,Nov/16/2010 09:42:39
713577,2012.REP.NOM.BLOOMBERG,Michael Bloomberg to be Republican Presidential Nominee in 2012,1,0.1,Nov/16/2010 09:42:43
713577,2012.REP.NOM.BLOOMBERG,Michael Bloomberg to be Republican Presidential Nominee in 2012,1,0.1,Nov/16/2010 09:42:50
713577,2012.REP.NOM.BLOOMBERG,Michael Bloomberg to be Republican Presidential Nominee in 2012,1,0.1,Nov/16/2010 09:42:54
713577,2012.REP.NOM.BLOOMBERG,Michael Bloomberg to be Republican Presidential Nominee in 2012,44,0.1,Nov/17/2010 07:36:28
713577,2012.REP.NOM.BLOOMBERG,Michael Bloomberg to be Republican Presidential Nominee in 2012,10,0.1,Nov/19/2010 08:32:39
713577,2012.REP.NOM.BLOOMBERG,Michael Bloomberg to be Republican Presidential Nominee in 2012,10,0.1,Nov/19/2010 08:32:44
713577,2012.REP.NOM.BLOOMBERG,Michael Bloomberg to be Republican Presidential Nominee in 2012,1,0.1,Nov/19/2010 19:17:48
713577,2012.REP.NOM.BLOOMBERG,Michael Bloomberg to be Republican Presidential Nominee in 2012,12,0.1,Nov/19/2010 19:18:11
713577,2012.REP.NOM.BLOOMBERG,Michael Bloomberg to be Republican Presidential Nominee in 2012,10,0.1,Nov/20/2010 18:38:38
713577,2012.REP.NOM.BLOOMBERG,Michael Bloomberg to be Republican Presidential Nominee in 2012,10,0.1,Nov/21/2010 08:46:22
713577,2012.REP.NOM.BLOOMBERG,Michael Bloomberg to be Republican Presidential Nominee in 2012,3,0.1,Nov/21/2010 23:02:38
713577,2012.REP.NOM.BLOOMBERG,Michael Bloomberg to be Republican Presidential Nominee in 2012,30,0.2,Nov/22/2010 21:18:52
713577,2012.REP.NOM.BLOOMBERG,Michael Bloomberg to be Republican Presidential Nominee in 2012,5,0.2,Nov/22/2010 21:18:52
713577,2012.REP.NOM.BLOOMBERG,Michael Bloomberg to be Republican Presidential Nominee in 2012,15,0.2,Nov/23/2010 16:39:47
713577,2012.REP.NOM.BLOOMBERG,Michael Bloomberg to be Republican Presidential Nominee in 2012,40,0.2,Nov/24/2010 10:16:52
713577,2012.REP.NOM.BLOOMBERG,Michael Bloomberg to be Republican Presidential Nominee in 2012,10,0.2,Dec/29/2010 14:06:40
713577,2012.REP.NOM.BLOOMBERG,Michael Bloomberg to be Republican Presidential Nominee in 2012,12,0.2,Dec/29/2010 22:45:56
713577,2012.REP.NOM.BLOOMBERG,Michael Bloomberg to be Republican Presidential Nominee in 2012,1,0.2,Jan/01/2011 01:12:11
713577,2012.REP.NOM.BLOOMBERG,Michael Bloomberg to be Republican Presidential Nominee in 2012,1,0.2,Jan/01/2011 04:21:00
713577,2012.REP.NOM.BLOOMBERG,Michael Bloomberg to be Republican Presidential Nominee in 2012,1,0.2,Jan/01/2011 19:11:02
713577,2012.REP.NOM.BLOOMBERG,Michael Bloomberg to be Republican Presidential Nominee in 2012,10,0.2,Jan/01/2011 19:40:49
713577,2012.REP.NOM.BLOOMBERG,Michael Bloomberg to be Republican Presidential Nominee in 2012,380,0.2,Jan/01/2011 22:14:01
713577,2012.REP.NOM.BLOOMBERG,Michael Bloomberg to be Republican Presidential Nominee in 2012,10,0.2,Jan/01/2011 22:14:21
713577,2012.REP.NOM.BLOOMBERG,Michael Bloomberg to be Republican Presidential Nominee in 2012,10,0.2,Jan/02/2011 16:30:04
713577,2012.REP.NOM.BLOOMBERG,Michael Bloomberg to be Republican Presidential Nominee in 2012,16,0.2,Jan/03/2011 15:08:34
713577,2012.REP.NOM.BLOOMBERG,Michael Bloomberg to be Republican Presidential Nominee in 2012,1,0.1,Jan/03/2011 18:16:15
713577,2012.REP.NOM.BLOOMBERG,Michael Bloomberg to be Republican Presidential Nominee in 2012,10,0.1,Jan/07/2011 04:49:06
713577,2012.REP.NOM.BLOOMBERG,Michael Bloomberg to be Republican Presidential Nominee in 2012,9,0.1,Jan/08/2011 01:47:04
713577,2012.REP.NOM.BLOOMBERG,Michael Bloomberg to be Republican Presidential Nominee in 2012,4,0.2,Jan/08/2011 17:40:03
713577,2012.REP.NOM.BLOOMBERG,Michael Bloomberg to be Republican Presidential Nominee in 2012,8,0.2,Jan/08/2011 17:40:03
713577,2012.REP.NOM.BLOOMBERG,Michael Bloomberg to be Republican Presidential Nominee in 2012,10,0.1,Jan/08/2011 17:40:03
713577,2012.REP.NOM.BLOOMBERG,Michael Bloomberg to be Republican Presidential Nominee in 2012,1,0.1,Jan/08/2011 17:40:03
713577,2012.REP.NOM.BLOOMBERG,Michael Bloomberg to be Republican Presidential Nominee in 2012,10,0.2,Jan/08/2011 17:40:03
713577,2012.REP.NOM.BLOOMBERG,Michael Bloomberg to be Republican Presidential Nominee in 2012,10,0.2,Jan/08/2011 17:40:03
713577,2012.REP.NOM.BLOOMBERG,Michael Bloomberg to be Republican Presidential Nominee in 2012,10,0.2,Jan/08/2011 17:40:03
713577,2012.REP.NOM.BLOOMBERG,Michael Bloomberg to be Republican Presidential Nominee in 2012,10,0.2,Jan/08/2011 17:40:03
713577,2012.REP.NOM.BLOOMBERG,Michael Bloomberg to be Republican Presidential Nominee in 2012,10,0.2,Jan/08/2011 17:40:03
713577,2012.REP.NOM.BLOOMBERG,Michael Bloomberg to be Republican Presidential Nominee in 2012,10,0.2,Jan/08/2011 17:40:03
713577,2012.REP.NOM.BLOOMBERG,Michael Bloomberg to be Republican Presidential Nominee in 2012,10,0.2,Jan/08/2011 17:40:03
713577,2012.REP.NOM.BLOOMBERG,Michael Bloomberg to be Republican Presidential Nominee in 2012,10,0.2,Jan/08/2011 17:40:03
713577,2012.REP.NOM.BLOOMBERG,Michael Bloomberg to be Republican Presidential Nominee in 2012,10,0.2,Jan/08/2011 17:40:03
713577,2012.REP.NOM.BLOOMBERG,Michael Bloomberg to be Republican Presidential Nominee in 2012,1,0.2,Jan/08/2011 17:40:18
713577,2012.REP.NOM.BLOOMBERG,Michael Bloomberg to be Republican Presidential Nominee in 2012,6,0.2,Jan/08/2011 17:40:25
713577,2012.REP.NOM.BLOOMBERG,Michael Bloomberg to be Republican Presidential Nominee in 2012,1,0.2,Jan/08/2011 17:47:44
713577,2012.REP.NOM.BLOOMBERG,Michael Bloomberg to be Republican Presidential Nominee in 2012,2,0.2,Jan/08/2011 17:47:50
713577,2012.REP.NOM.BLOOMBERG,Michael Bloomberg to be Republican Presidential Nominee in 2012,10,0.2,Jan/08/2011 17:47:56
713577,2012.REP.NOM.BLOOMBERG,Michael Bloomberg to be Republican Presidential Nominee in 2012,2,0.2,Jan/08/2011 17:48:02
713577,2012.REP.NOM.BLOOMBERG,Michael Bloomberg to be Republican Presidential Nominee in 2012,4,0.2,Jan/08/2011 17:48:08
713577,2012.REP.NOM.BLOOMBERG,Michael Bloomberg to be Republican Presidential Nominee in 2012,3,0.2,Jan/08/2011 17:48:14
713577,2012.REP.NOM.BLOOMBERG,Michael Bloomberg to be Republican Presidential Nominee in 2012,1,0.2,Jan/08/2011 17:48:20
713577,2012.REP.NOM.BLOOMBERG,Michael Bloomberg to be Republican Presidential Nominee in 2012,2,0.2,Jan/08/2011 17:48:26
713577,2012.REP.NOM.BLOOMBERG,Michael Bloomberg to be Republican Presidential Nominee in 2012,1,0.2,Jan/08/2011 17:48:32
713577,2012.REP.NOM.BLOOMBERG,Michael Bloomberg to be Republican Presidential Nominee in 2012,2,0.2,Jan/08/2011 17:48:38
713577,2012.REP.NOM.BLOOMBERG,Michael Bloomberg to be Republican Presidential Nominee in 2012,4,0.2,Jan/08/2011 17:48:44
713577,2012.REP.NOM.BLOOMBERG,Michael Bloomberg to be Republican Presidential Nominee in 2012,2,0.2,Jan/08/2011 17:48:50
713577,2012.REP.NOM.BLOOMBERG,Michael Bloomberg to be Republican Presidential Nominee in 2012,1,0.2,Jan/08/2011 17:48:56
713577,2012.REP.NOM.BLOOMBERG,Michael Bloomberg to be Republican Presidential Nominee in 2012,10,0.2,Jan/08/2011 17:49:02
713577,2012.REP.NOM.BLOOMBERG,Michael Bloomberg to be Republican Presidential Nominee in 2012,12,0.1,Jan/08/2011 18:01:48
713577,2012.REP.NOM.BLOOMBERG,Michael Bloomberg to be Republican Presidential Nominee in 2012,15,0.1,Jan/08/2011 18:03:12
713577,2012.REP.NOM.BLOOMBERG,Michael Bloomberg to be Republican Presidential Nominee in 2012,25,0.1,Jan/12/2011 05:04:14
713577,2012.REP.NOM.BLOOMBERG,Michael Bloomberg to be Republican Presidential Nominee in 2012,20,0.1,Jan/12/2011 05:04:14
713577,2012.REP.NOM.BLOOMBERG,Michael Bloomberg to be Republican Presidential Nominee in 2012,20,0.1,Jan/20/2011 01:04:33
713577,2012.REP.NOM.BLOOMBERG,Michael Bloomberg to be Republican Presidential Nominee in 2012,7,0.1,Feb/04/2011 00:41:42
713577,2012.REP.NOM.BLOOMBERG,Michael Bloomberg to be Republican Presidential Nominee in 2012,78,0.1,Feb/04/2011 00:41:42
713577,2012.REP.NOM.BLOOMBERG,Michael Bloomberg to be Republican Presidential Nominee in 2012,150,0.1,Feb/04/2011 00:41:42
713577,2012.REP.NOM.BLOOMBERG,Michael Bloomberg to be Republican Presidential Nominee in 2012,100,0.1,Feb/04/2011 00:41:42
713577,2012.REP.NOM.BLOOMBERG,Michael Bloomberg to be Republican Presidential Nominee in 2012,40,0.1,Feb/04/2011 00:41:42
713577,2012.REP.NOM.BLOOMBERG,Michael Bloomberg to be Republican Presidential Nominee in 2012,5,0.1,Feb/04/2011 00:41:42
713577,2012.REP.NOM.BLOOMBERG,Michael Bloomberg to be Republican Presidential Nominee in 2012,120,0.1,Feb/04/2011 00:41:42
713577,2012.REP.NOM.BLOOMBERG,Michael Bloomberg to be Republican Presidential Nominee in 2012,250,0.1,Feb/06/2011 01:32:38
713577,2012.REP.NOM.BLOOMBERG,Michael Bloomberg to be Republican Presidential Nominee in 2012,190,0.1,Feb/06/2011 01:32:38
713577,2012.REP.NOM.BLOOMBERG,Michael Bloomberg to be Republican Presidential Nominee in 2012,10,0.1,Feb/06/2011 01:32:38
713577,2012.REP.NOM.BLOOMBERG,Michael Bloomberg to be Republican Presidential Nominee in 2012,93,0.1,Feb/06/2011 01:32:38
713577,2012.REP.NOM.BLOOMBERG,Michael Bloomberg to be Republican Presidential Nominee in 2012,100,0.1,Feb/15/2011 02:28:11
713577,2012.REP.NOM.BLOOMBERG,Michael Bloomberg to be Republican Presidential Nominee in 2012,50,0.1,Feb/20/2011 19:14:31
713577,2012.REP.NOM.BLOOMBERG,Michael Bloomberg to be Republican Presidential Nominee in 2012,100,0.1,Mar/05/2011 18:05:27
713577,2012.REP.NOM.BLOOMBERG,Michael Bloomberg to be Republican Presidential Nominee in 2012,200,0.1,Apr/07/2011 15:55:07
713577,2012.REP.NOM.BLOOMBERG,Michael Bloomberg to be Republican Presidential Nominee in 2012,2,0.1,May/09/2011 05:20:00
713577,2012.REP.NOM.BLOOMBERG,Michael Bloomberg to be Republican Presidential Nominee in 2012,25,0.1,May/26/2011 10:40:55
713577,2012.REP.NOM.BLOOMBERG,Michael Bloomberg to be Republican Presidential Nominee in 2012,1,0.1,Jun/16/2011 01:08:27
713577,2012.REP.NOM.BLOOMBERG,Michael Bloomberg to be Republican Presidential Nominee in 2012,1,0.1,Jun/16/2011 01:28:23
713577,2012.REP.NOM.BLOOMBERG,Michael Bloomberg to be Republican Presidential Nominee in 2012,9,0.1,Jun/23/2011 20:59:03
713577,2012.REP.NOM.BLOOMBERG,Michael Bloomberg to be Republican Presidential Nominee in 2012,20,0.1,Jun/23/2011 20:59:03
713577,2012.REP.NOM.BLOOMBERG,Michael Bloomberg to be Republican Presidential Nominee in 2012,21,0.1,Jun/23/2011 20:59:03
713577,2012.REP.NOM.BLOOMBERG,Michael Bloomberg to be Republican Presidential Nominee in 2012,11,0.1,Jul/04/2011 01:49:04
713577,2012.REP.NOM.BLOOMBERG,Michael Bloomberg to be Republican Presidential Nominee in 2012,9,0.1,Jul/04/2011 01:49:04
713577,2012.REP.NOM.BLOOMBERG,Michael Bloomberg to be Republican Presidential Nominee in 2012,50,0.1,Aug/27/2011 15:55:21
713577,2012.REP.NOM.BLOOMBERG,Michael Bloomberg to be Republican Presidential Nominee in 2012,2965,0.1,Nov/10/2011 19:29:27
713577,2012.REP.NOM.BLOOMBERG,Michael Bloomberg to be Republican Presidential Nominee in 2012,512,0.1,Nov/10/2011 19:29:27
713577,2012.REP.NOM.BLOOMBERG,Michael Bloomberg to be Republican Presidential Nominee in 2012,1,0.1,Nov/10/2011 19:29:27
713577,2012.REP.NOM.BLOOMBERG,Michael Bloomberg to be Republican Presidential Nominee in 2012,20,0.1,Nov/10/2011 19:29:27
713577,2012.REP.NOM.BLOOMBERG,Michael Bloomberg to be Republican Presidential Nominee in 2012,50,0.1,Nov/10/2011 19:29:27
713577,2012.REP.NOM.BLOOMBERG,Michael Bloomberg to be Republican Presidential Nominee in 2012,496,0.1,Nov/10/2011 19:29:27
713577,2012.REP.NOM.BLOOMBERG,Michael Bloomberg to be Republican Presidential Nominee in 2012,5000,0.1,Nov/10/2011 19:29:27
713577,2012.REP.NOM.BLOOMBERG,Michael Bloomberg to be Republican Presidential Nominee in 2012,50,0.1,Nov/10/2011 19:29:27
713577,2012.REP.NOM.BLOOMBERG,Michael Bloomberg to be Republican Presidential Nominee in 2012,555,0.1,Nov/10/2011 19:29:27
713577,2012.REP.NOM.BLOOMBERG,Michael Bloomberg to be Republican Presidential Nominee in 2012,1,0.1,Nov/10/2011 19:29:27
713577,2012.REP.NOM.BLOOMBERG,Michael Bloomberg to be Republican Presidential Nominee in 2012,350,0.1,Nov/10/2011 19:29:27
713577,2012.REP.NOM.BLOOMBERG,Michael Bloomberg to be Republican Presidential Nominee in 2012,2500,0.1,Nov/10/2011 19:30:07
713577,2012.REP.NOM.BLOOMBERG,Michael Bloomberg to be Republican Presidential Nominee in 2012,1000,0.1,Nov/24/2011 21:07:27
713577,2012.REP.NOM.BLOOMBERG,Michael Bloomberg to be Republican Presidential Nominee in 2012,3000,0.1,Nov/24/2011 21:07:27
713577,2012.REP.NOM.BLOOMBERG,Michael Bloomberg to be Republican Presidential Nominee in 2012,1,0.1,Nov/24/2011 21:07:27
713577,2012.REP.NOM.BLOOMBERG,Michael Bloomberg to be Republican Presidential Nominee in 2012,5000,0.1,Nov/24/2011 21:07:27
713577,2012.REP.NOM.BLOOMBERG,Michael Bloomberg to be Republican Presidential Nominee in 2012,25,0.2,Nov/24/2011 21:07:47
713577,2012.REP.NOM.BLOOMBERG,Michael Bloomberg to be Republican Presidential Nominee in 2012,15,0.2,Nov/24/2011 21:07:47
713577,2012.REP.NOM.BLOOMBERG,Michael Bloomberg to be Republican Presidential Nominee in 2012,2,0.2,Nov/24/2011 21:07:47
713577,2012.REP.NOM.BLOOMBERG,Michael Bloomberg to be Republican Presidential Nominee in 2012,2000,0.2,Nov/24/2011 21:07:47
713577,2012.REP.NOM.BLOOMBERG,Michael Bloomberg to be Republican Presidential Nominee in 2012,10,0.2,Nov/24/2011 21:07:47
713577,2012.REP.NOM.BLOOMBERG,Michael Bloomberg to be Republican Presidential Nominee in 2012,1,0.1,Nov/24/2011 21:08:42
713577,2012.REP.NOM.BLOOMBERG,Michael Bloomberg to be Republican Presidential Nominee in 2012,999,0.1,Nov/24/2011 21:23:13
713577,2012.REP.NOM.BLOOMBERG,Michael Bloomberg to be Republican Presidential Nominee in 2012,100,0.1,Nov/24/2011 23:12:45
713577,2012.REP.NOM.BLOOMBERG,Michael Bloomberg to be Republican Presidential Nominee in 2012,100,0.1,Nov/25/2011 02:22:22
713577,2012.REP.NOM.BLOOMBERG,Michael Bloomberg to be Republican Presidential Nominee in 2012,800,0.1,Dec/18/2011 18:31:49
713577,2012.REP.NOM.BLOOMBERG,Michael Bloomberg to be Republican Presidential Nominee in 2012,200,0.1,Dec/18/2011 18:31:49
713577,2012.REP.NOM.BLOOMBERG,Michael Bloomberg to be Republican Presidential Nominee in 2012,500,0.1,Jan/21/2012 18:20:07
713577,2012.REP.NOM.BLOOMBERG,Michael Bloomberg to be Republican Presidential Nominee in 2012,1800,0.1,Feb/13/2012 02:38:09
713577,2012.REP.NOM.BLOOMBERG,Michael Bloomberg to be Republican Presidential Nominee in 2012,600,0.1,Feb/13/2012 02:38:09
713577,2012.REP.NOM.BLOOMBERG,Michael Bloomberg to be Republican Presidential Nominee in 2012,100,0.1,Feb/13/2012 14:54:37
713577,2012.REP.NOM.BLOOMBERG,Michael Bloomberg to be Republican Presidential Nominee in 2012,500,0.1,Feb/15/2012 00:45:09
713577,2012.REP.NOM.BLOOMBERG,Michael Bloomberg to be Republican Presidential Nominee in 2012,463,0.1,Feb/15/2012 19:22:24
713577,2012.REP.NOM.BLOOMBERG,Michael Bloomberg to be Republican Presidential Nominee in 2012,37,0.1,Feb/15/2012 19:22:24
713577,2012.REP.NOM.BLOOMBERG,Michael Bloomberg to be Republican Presidential Nominee in 2012,659,0.1,Feb/18/2012 18:35:02
713577,2012.REP.NOM.BLOOMBERG,Michael Bloomberg to be Republican Presidential Nominee in 2012,341,0.1,Feb/18/2012 18:35:02
713577,2012.REP.NOM.BLOOMBERG,Michael Bloomberg to be Republican Presidential Nominee in 2012,100,0.1,Feb/19/2012 23:30:57
713577,2012.REP.NOM.BLOOMBERG,Michael Bloomberg to be Republican Presidential Nominee in 2012,5,0.1,Mar/07/2012 23:34:59
713577,2012.REP.NOM.BLOOMBERG,Michael Bloomberg to be Republican Presidential Nominee in 2012,5,0.1,Mar/07/2012 23:36:27
713577,2012.REP.NOM.BLOOMBERG,Michael Bloomberg to be Republican Presidential Nominee in 2012,5,0.1,Mar/07/2012 23:37:49
713577,2012.REP.NOM.BLOOMBERG,Michael Bloomberg to be Republican Presidential Nominee in 2012,5,0.1,Mar/11/2012 16:58:48
713577,2012.REP.NOM.BLOOMBERG,Michael Bloomberg to be Republican Presidential Nominee in 2012,100,0.1,May/06/2012 05:16:01
