market id,market symbol,market name,trade quantity,trade price,date/time [utc]
686377,2012.REP.NOM.POWELL,Colin Powell to be Republican Presidential Nominee in 2012,20,5.0,Jul/06/2009 15:27:43
686377,2012.REP.NOM.POWELL,Colin Powell to be Republican Presidential Nominee in 2012,1,5.0,Jul/10/2009 04:18:10
686377,2012.REP.NOM.POWELL,Colin Powell to be Republican Presidential Nominee in 2012,1,8.7,Aug/06/2009 16:57:40
686377,2012.REP.NOM.POWELL,Colin Powell to be Republican Presidential Nominee in 2012,1,5.0,Aug/10/2009 09:38:23
686377,2012.REP.NOM.POWELL,Colin Powell to be Republican Presidential Nominee in 2012,3,5.0,Aug/11/2009 15:21:15
686377,2012.REP.NOM.POWELL,Colin Powell to be Republican Presidential Nominee in 2012,2,5.0,Aug/11/2009 15:27:13
686377,2012.REP.NOM.POWELL,Colin Powell to be Republican Presidential Nominee in 2012,20,5.0,Aug/14/2009 12:42:25
686377,2012.REP.NOM.POWELL,Colin Powell to be Republican Presidential Nominee in 2012,8,5.0,Aug/14/2009 12:42:30
686377,2012.REP.NOM.POWELL,Colin Powell to be Republican Presidential Nominee in 2012,10,2.7,Dec/09/2009 05:15:29
686377,2012.REP.NOM.POWELL,Colin Powell to be Republican Presidential Nominee in 2012,19,0.1,Jan/21/2010 11:10:21
686377,2012.REP.NOM.POWELL,Colin Powell to be Republican Presidential Nominee in 2012,10,1.0,Jan/21/2010 11:10:21
686377,2012.REP.NOM.POWELL,Colin Powell to be Republican Presidential Nominee in 2012,10,0.2,Jan/21/2010 11:10:21
686377,2012.REP.NOM.POWELL,Colin Powell to be Republican Presidential Nominee in 2012,1,1.1,Jan/21/2010 11:10:21
686377,2012.REP.NOM.POWELL,Colin Powell to be Republican Presidential Nominee in 2012,10,0.4,Jan/21/2010 15:50:39
686377,2012.REP.NOM.POWELL,Colin Powell to be Republican Presidential Nominee in 2012,4,0.2,Jan/21/2010 17:46:38
686377,2012.REP.NOM.POWELL,Colin Powell to be Republican Presidential Nominee in 2012,1,0.3,Jan/21/2010 17:46:38
686377,2012.REP.NOM.POWELL,Colin Powell to be Republican Presidential Nominee in 2012,5,0.2,Jan/21/2010 17:46:46
686377,2012.REP.NOM.POWELL,Colin Powell to be Republican Presidential Nominee in 2012,1,0.2,Jan/21/2010 17:47:36
686377,2012.REP.NOM.POWELL,Colin Powell to be Republican Presidential Nominee in 2012,14,0.3,Jan/22/2010 06:22:11
686377,2012.REP.NOM.POWELL,Colin Powell to be Republican Presidential Nominee in 2012,8,0.2,Jan/22/2010 06:22:14
686377,2012.REP.NOM.POWELL,Colin Powell to be Republican Presidential Nominee in 2012,6,0.3,Jan/22/2010 06:22:14
686377,2012.REP.NOM.POWELL,Colin Powell to be Republican Presidential Nominee in 2012,1,0.2,Jan/22/2010 06:22:25
686377,2012.REP.NOM.POWELL,Colin Powell to be Republican Presidential Nominee in 2012,3,0.2,Jan/22/2010 14:42:28
686377,2012.REP.NOM.POWELL,Colin Powell to be Republican Presidential Nominee in 2012,7,0.2,Jan/22/2010 15:55:56
686377,2012.REP.NOM.POWELL,Colin Powell to be Republican Presidential Nominee in 2012,14,0.2,Jan/25/2010 11:13:28
686377,2012.REP.NOM.POWELL,Colin Powell to be Republican Presidential Nominee in 2012,14,0.1,Jan/25/2010 18:33:58
686377,2012.REP.NOM.POWELL,Colin Powell to be Republican Presidential Nominee in 2012,4,0.1,Jan/26/2010 11:04:14
686377,2012.REP.NOM.POWELL,Colin Powell to be Republican Presidential Nominee in 2012,13,0.1,Feb/01/2010 17:13:14
686377,2012.REP.NOM.POWELL,Colin Powell to be Republican Presidential Nominee in 2012,2,0.1,Feb/01/2010 17:13:14
686377,2012.REP.NOM.POWELL,Colin Powell to be Republican Presidential Nominee in 2012,10,0.1,Feb/03/2010 12:15:32
686377,2012.REP.NOM.POWELL,Colin Powell to be Republican Presidential Nominee in 2012,2,0.2,Feb/05/2010 09:58:22
686377,2012.REP.NOM.POWELL,Colin Powell to be Republican Presidential Nominee in 2012,1,0.2,Feb/08/2010 10:20:14
686377,2012.REP.NOM.POWELL,Colin Powell to be Republican Presidential Nominee in 2012,1,0.2,Feb/08/2010 10:21:09
686377,2012.REP.NOM.POWELL,Colin Powell to be Republican Presidential Nominee in 2012,1,0.2,Feb/08/2010 10:21:17
686377,2012.REP.NOM.POWELL,Colin Powell to be Republican Presidential Nominee in 2012,1,0.2,Feb/08/2010 10:21:24
686377,2012.REP.NOM.POWELL,Colin Powell to be Republican Presidential Nominee in 2012,1,0.2,Feb/08/2010 10:21:43
686377,2012.REP.NOM.POWELL,Colin Powell to be Republican Presidential Nominee in 2012,1,0.2,Feb/08/2010 10:21:54
686377,2012.REP.NOM.POWELL,Colin Powell to be Republican Presidential Nominee in 2012,1,0.2,Feb/08/2010 10:22:02
686377,2012.REP.NOM.POWELL,Colin Powell to be Republican Presidential Nominee in 2012,1,0.2,Feb/08/2010 10:22:10
686377,2012.REP.NOM.POWELL,Colin Powell to be Republican Presidential Nominee in 2012,1,0.2,Feb/08/2010 10:22:17
686377,2012.REP.NOM.POWELL,Colin Powell to be Republican Presidential Nominee in 2012,1,0.2,Feb/08/2010 10:22:25
686377,2012.REP.NOM.POWELL,Colin Powell to be Republican Presidential Nominee in 2012,1,0.2,Feb/08/2010 10:22:33
686377,2012.REP.NOM.POWELL,Colin Powell to be Republican Presidential Nominee in 2012,2,0.2,Feb/08/2010 10:22:41
686377,2012.REP.NOM.POWELL,Colin Powell to be Republican Presidential Nominee in 2012,2,0.2,Feb/08/2010 10:22:48
686377,2012.REP.NOM.POWELL,Colin Powell to be Republican Presidential Nominee in 2012,1,0.2,Feb/08/2010 10:23:02
686377,2012.REP.NOM.POWELL,Colin Powell to be Republican Presidential Nominee in 2012,3,0.2,Feb/10/2010 09:56:57
686377,2012.REP.NOM.POWELL,Colin Powell to be Republican Presidential Nominee in 2012,1,0.2,Feb/10/2010 09:57:10
686377,2012.REP.NOM.POWELL,Colin Powell to be Republican Presidential Nominee in 2012,1,0.2,Feb/10/2010 09:57:30
686377,2012.REP.NOM.POWELL,Colin Powell to be Republican Presidential Nominee in 2012,2,0.2,Feb/10/2010 09:57:37
686377,2012.REP.NOM.POWELL,Colin Powell to be Republican Presidential Nominee in 2012,1,0.2,Feb/10/2010 09:57:44
686377,2012.REP.NOM.POWELL,Colin Powell to be Republican Presidential Nominee in 2012,1,0.2,Feb/10/2010 09:57:49
686377,2012.REP.NOM.POWELL,Colin Powell to be Republican Presidential Nominee in 2012,1,0.2,Feb/10/2010 09:58:04
686377,2012.REP.NOM.POWELL,Colin Powell to be Republican Presidential Nominee in 2012,1,0.2,Feb/10/2010 09:58:10
686377,2012.REP.NOM.POWELL,Colin Powell to be Republican Presidential Nominee in 2012,1,0.2,Feb/10/2010 09:58:16
686377,2012.REP.NOM.POWELL,Colin Powell to be Republican Presidential Nominee in 2012,1,0.2,Feb/10/2010 09:58:21
686377,2012.REP.NOM.POWELL,Colin Powell to be Republican Presidential Nominee in 2012,1,0.2,Feb/10/2010 09:58:27
686377,2012.REP.NOM.POWELL,Colin Powell to be Republican Presidential Nominee in 2012,1,0.2,Feb/10/2010 09:58:31
686377,2012.REP.NOM.POWELL,Colin Powell to be Republican Presidential Nominee in 2012,1,0.2,Feb/10/2010 09:58:36
686377,2012.REP.NOM.POWELL,Colin Powell to be Republican Presidential Nominee in 2012,1,0.2,Feb/10/2010 09:58:41
686377,2012.REP.NOM.POWELL,Colin Powell to be Republican Presidential Nominee in 2012,1,0.2,Feb/10/2010 09:58:50
686377,2012.REP.NOM.POWELL,Colin Powell to be Republican Presidential Nominee in 2012,1,0.2,Feb/10/2010 09:58:57
686377,2012.REP.NOM.POWELL,Colin Powell to be Republican Presidential Nominee in 2012,1,0.2,Feb/10/2010 09:59:03
686377,2012.REP.NOM.POWELL,Colin Powell to be Republican Presidential Nominee in 2012,1,0.2,Feb/10/2010 09:59:13
686377,2012.REP.NOM.POWELL,Colin Powell to be Republican Presidential Nominee in 2012,2,0.2,Feb/10/2010 09:59:18
686377,2012.REP.NOM.POWELL,Colin Powell to be Republican Presidential Nominee in 2012,1,0.2,Feb/10/2010 09:59:32
686377,2012.REP.NOM.POWELL,Colin Powell to be Republican Presidential Nominee in 2012,2,0.2,Feb/10/2010 09:59:38
686377,2012.REP.NOM.POWELL,Colin Powell to be Republican Presidential Nominee in 2012,1,0.2,Feb/10/2010 09:59:44
686377,2012.REP.NOM.POWELL,Colin Powell to be Republican Presidential Nominee in 2012,1,0.2,Feb/14/2010 16:45:13
686377,2012.REP.NOM.POWELL,Colin Powell to be Republican Presidential Nominee in 2012,1,0.2,Feb/14/2010 16:45:19
686377,2012.REP.NOM.POWELL,Colin Powell to be Republican Presidential Nominee in 2012,1,0.2,Feb/14/2010 16:45:37
686377,2012.REP.NOM.POWELL,Colin Powell to be Republican Presidential Nominee in 2012,1,0.2,Feb/14/2010 16:45:45
686377,2012.REP.NOM.POWELL,Colin Powell to be Republican Presidential Nominee in 2012,3,0.2,Feb/15/2010 09:59:08
686377,2012.REP.NOM.POWELL,Colin Powell to be Republican Presidential Nominee in 2012,2,0.2,Feb/15/2010 09:59:14
686377,2012.REP.NOM.POWELL,Colin Powell to be Republican Presidential Nominee in 2012,3,0.2,Feb/15/2010 09:59:23
686377,2012.REP.NOM.POWELL,Colin Powell to be Republican Presidential Nominee in 2012,5,0.2,Feb/15/2010 09:59:28
686377,2012.REP.NOM.POWELL,Colin Powell to be Republican Presidential Nominee in 2012,8,0.2,Feb/15/2010 11:58:22
686377,2012.REP.NOM.POWELL,Colin Powell to be Republican Presidential Nominee in 2012,8,0.2,Feb/15/2010 11:58:29
686377,2012.REP.NOM.POWELL,Colin Powell to be Republican Presidential Nominee in 2012,11,0.2,Feb/15/2010 11:58:37
686377,2012.REP.NOM.POWELL,Colin Powell to be Republican Presidential Nominee in 2012,11,0.2,Feb/15/2010 11:58:42
686377,2012.REP.NOM.POWELL,Colin Powell to be Republican Presidential Nominee in 2012,4,0.2,Feb/15/2010 11:58:47
686377,2012.REP.NOM.POWELL,Colin Powell to be Republican Presidential Nominee in 2012,1,0.2,Feb/15/2010 11:58:54
686377,2012.REP.NOM.POWELL,Colin Powell to be Republican Presidential Nominee in 2012,2,0.2,Feb/15/2010 11:58:54
686377,2012.REP.NOM.POWELL,Colin Powell to be Republican Presidential Nominee in 2012,2,0.2,Feb/15/2010 11:58:59
686377,2012.REP.NOM.POWELL,Colin Powell to be Republican Presidential Nominee in 2012,1,0.2,Feb/15/2010 11:59:04
686377,2012.REP.NOM.POWELL,Colin Powell to be Republican Presidential Nominee in 2012,1,0.2,Feb/15/2010 11:59:09
686377,2012.REP.NOM.POWELL,Colin Powell to be Republican Presidential Nominee in 2012,1,0.2,Feb/15/2010 11:59:14
686377,2012.REP.NOM.POWELL,Colin Powell to be Republican Presidential Nominee in 2012,1,0.2,Feb/15/2010 11:59:20
686377,2012.REP.NOM.POWELL,Colin Powell to be Republican Presidential Nominee in 2012,2,0.2,Feb/15/2010 11:59:27
686377,2012.REP.NOM.POWELL,Colin Powell to be Republican Presidential Nominee in 2012,5,0.2,Feb/15/2010 11:59:32
686377,2012.REP.NOM.POWELL,Colin Powell to be Republican Presidential Nominee in 2012,1,0.2,Feb/15/2010 11:59:38
686377,2012.REP.NOM.POWELL,Colin Powell to be Republican Presidential Nominee in 2012,1,0.2,Feb/15/2010 11:59:42
686377,2012.REP.NOM.POWELL,Colin Powell to be Republican Presidential Nominee in 2012,1,0.2,Feb/15/2010 11:59:47
686377,2012.REP.NOM.POWELL,Colin Powell to be Republican Presidential Nominee in 2012,1,0.2,Feb/15/2010 11:59:54
686377,2012.REP.NOM.POWELL,Colin Powell to be Republican Presidential Nominee in 2012,1,0.2,Feb/15/2010 12:00:00
686377,2012.REP.NOM.POWELL,Colin Powell to be Republican Presidential Nominee in 2012,2,0.2,Feb/15/2010 12:00:04
686377,2012.REP.NOM.POWELL,Colin Powell to be Republican Presidential Nominee in 2012,1,0.2,Feb/15/2010 12:00:11
686377,2012.REP.NOM.POWELL,Colin Powell to be Republican Presidential Nominee in 2012,1,0.2,Feb/17/2010 14:25:01
686377,2012.REP.NOM.POWELL,Colin Powell to be Republican Presidential Nominee in 2012,1,0.2,Feb/17/2010 14:25:07
686377,2012.REP.NOM.POWELL,Colin Powell to be Republican Presidential Nominee in 2012,1,0.2,Feb/17/2010 14:25:12
686377,2012.REP.NOM.POWELL,Colin Powell to be Republican Presidential Nominee in 2012,2,0.2,Feb/17/2010 14:25:18
686377,2012.REP.NOM.POWELL,Colin Powell to be Republican Presidential Nominee in 2012,1,0.2,Feb/19/2010 17:58:35
686377,2012.REP.NOM.POWELL,Colin Powell to be Republican Presidential Nominee in 2012,1,0.2,Feb/19/2010 18:00:06
686377,2012.REP.NOM.POWELL,Colin Powell to be Republican Presidential Nominee in 2012,1,0.2,Feb/19/2010 18:00:17
686377,2012.REP.NOM.POWELL,Colin Powell to be Republican Presidential Nominee in 2012,1,0.2,Feb/19/2010 18:00:25
686377,2012.REP.NOM.POWELL,Colin Powell to be Republican Presidential Nominee in 2012,1,0.2,Feb/19/2010 18:00:31
686377,2012.REP.NOM.POWELL,Colin Powell to be Republican Presidential Nominee in 2012,1,0.2,Feb/19/2010 18:00:37
686377,2012.REP.NOM.POWELL,Colin Powell to be Republican Presidential Nominee in 2012,1,0.2,Feb/19/2010 18:00:45
686377,2012.REP.NOM.POWELL,Colin Powell to be Republican Presidential Nominee in 2012,1,0.2,Feb/19/2010 18:01:08
686377,2012.REP.NOM.POWELL,Colin Powell to be Republican Presidential Nominee in 2012,3,0.2,Feb/19/2010 18:01:14
686377,2012.REP.NOM.POWELL,Colin Powell to be Republican Presidential Nominee in 2012,1,0.2,Feb/19/2010 18:01:21
686377,2012.REP.NOM.POWELL,Colin Powell to be Republican Presidential Nominee in 2012,1,0.2,Feb/19/2010 18:01:28
686377,2012.REP.NOM.POWELL,Colin Powell to be Republican Presidential Nominee in 2012,10,0.4,Feb/21/2010 14:38:04
686377,2012.REP.NOM.POWELL,Colin Powell to be Republican Presidential Nominee in 2012,1,0.2,Feb/24/2010 11:35:13
686377,2012.REP.NOM.POWELL,Colin Powell to be Republican Presidential Nominee in 2012,1,0.2,Feb/24/2010 11:35:21
686377,2012.REP.NOM.POWELL,Colin Powell to be Republican Presidential Nominee in 2012,1,0.2,Feb/24/2010 11:35:26
686377,2012.REP.NOM.POWELL,Colin Powell to be Republican Presidential Nominee in 2012,1,0.2,Feb/24/2010 11:35:33
686377,2012.REP.NOM.POWELL,Colin Powell to be Republican Presidential Nominee in 2012,1,0.2,Feb/24/2010 11:35:38
686377,2012.REP.NOM.POWELL,Colin Powell to be Republican Presidential Nominee in 2012,2,0.2,Feb/24/2010 11:35:43
686377,2012.REP.NOM.POWELL,Colin Powell to be Republican Presidential Nominee in 2012,1,0.2,Feb/24/2010 11:35:48
686377,2012.REP.NOM.POWELL,Colin Powell to be Republican Presidential Nominee in 2012,1,0.2,Feb/24/2010 11:35:53
686377,2012.REP.NOM.POWELL,Colin Powell to be Republican Presidential Nominee in 2012,1,0.2,Feb/24/2010 11:35:58
686377,2012.REP.NOM.POWELL,Colin Powell to be Republican Presidential Nominee in 2012,1,0.2,Feb/24/2010 11:36:03
686377,2012.REP.NOM.POWELL,Colin Powell to be Republican Presidential Nominee in 2012,1,0.2,Feb/24/2010 11:36:09
686377,2012.REP.NOM.POWELL,Colin Powell to be Republican Presidential Nominee in 2012,1,0.2,Feb/24/2010 11:36:15
686377,2012.REP.NOM.POWELL,Colin Powell to be Republican Presidential Nominee in 2012,6,0.2,Feb/24/2010 11:36:21
686377,2012.REP.NOM.POWELL,Colin Powell to be Republican Presidential Nominee in 2012,1,0.2,Feb/24/2010 11:36:26
686377,2012.REP.NOM.POWELL,Colin Powell to be Republican Presidential Nominee in 2012,1,0.2,Feb/24/2010 11:36:31
686377,2012.REP.NOM.POWELL,Colin Powell to be Republican Presidential Nominee in 2012,3,0.2,Feb/24/2010 11:36:38
686377,2012.REP.NOM.POWELL,Colin Powell to be Republican Presidential Nominee in 2012,3,0.2,Feb/24/2010 11:36:52
686377,2012.REP.NOM.POWELL,Colin Powell to be Republican Presidential Nominee in 2012,2,0.2,Feb/24/2010 11:37:00
686377,2012.REP.NOM.POWELL,Colin Powell to be Republican Presidential Nominee in 2012,1,0.2,Feb/24/2010 11:37:05
686377,2012.REP.NOM.POWELL,Colin Powell to be Republican Presidential Nominee in 2012,1,0.2,Feb/24/2010 11:37:10
686377,2012.REP.NOM.POWELL,Colin Powell to be Republican Presidential Nominee in 2012,2,0.2,Feb/24/2010 11:37:16
686377,2012.REP.NOM.POWELL,Colin Powell to be Republican Presidential Nominee in 2012,3,0.2,Feb/24/2010 11:37:32
686377,2012.REP.NOM.POWELL,Colin Powell to be Republican Presidential Nominee in 2012,4,0.2,Feb/24/2010 11:37:38
686377,2012.REP.NOM.POWELL,Colin Powell to be Republican Presidential Nominee in 2012,1,0.2,Feb/24/2010 11:37:44
686377,2012.REP.NOM.POWELL,Colin Powell to be Republican Presidential Nominee in 2012,1,0.2,Feb/24/2010 11:37:51
686377,2012.REP.NOM.POWELL,Colin Powell to be Republican Presidential Nominee in 2012,3,0.2,Feb/24/2010 11:38:07
686377,2012.REP.NOM.POWELL,Colin Powell to be Republican Presidential Nominee in 2012,4,0.2,Feb/24/2010 11:38:15
686377,2012.REP.NOM.POWELL,Colin Powell to be Republican Presidential Nominee in 2012,1,0.2,Feb/24/2010 16:58:16
686377,2012.REP.NOM.POWELL,Colin Powell to be Republican Presidential Nominee in 2012,2,0.2,Feb/24/2010 16:58:51
686377,2012.REP.NOM.POWELL,Colin Powell to be Republican Presidential Nominee in 2012,2,0.2,Feb/24/2010 16:59:06
686377,2012.REP.NOM.POWELL,Colin Powell to be Republican Presidential Nominee in 2012,1,0.2,Mar/01/2010 06:00:50
686377,2012.REP.NOM.POWELL,Colin Powell to be Republican Presidential Nominee in 2012,1,0.2,Mar/01/2010 06:00:55
686377,2012.REP.NOM.POWELL,Colin Powell to be Republican Presidential Nominee in 2012,1,0.2,Mar/01/2010 06:02:22
686377,2012.REP.NOM.POWELL,Colin Powell to be Republican Presidential Nominee in 2012,1,0.2,Mar/01/2010 06:02:28
686377,2012.REP.NOM.POWELL,Colin Powell to be Republican Presidential Nominee in 2012,1,0.2,Mar/01/2010 06:02:34
686377,2012.REP.NOM.POWELL,Colin Powell to be Republican Presidential Nominee in 2012,1,0.2,Mar/01/2010 06:02:43
686377,2012.REP.NOM.POWELL,Colin Powell to be Republican Presidential Nominee in 2012,1,0.2,Mar/01/2010 06:02:49
686377,2012.REP.NOM.POWELL,Colin Powell to be Republican Presidential Nominee in 2012,1,0.2,Mar/04/2010 07:34:23
686377,2012.REP.NOM.POWELL,Colin Powell to be Republican Presidential Nominee in 2012,1,0.2,Mar/04/2010 07:35:27
686377,2012.REP.NOM.POWELL,Colin Powell to be Republican Presidential Nominee in 2012,1,0.2,Mar/04/2010 07:35:34
686377,2012.REP.NOM.POWELL,Colin Powell to be Republican Presidential Nominee in 2012,1,0.2,Mar/04/2010 07:35:40
686377,2012.REP.NOM.POWELL,Colin Powell to be Republican Presidential Nominee in 2012,1,0.2,Mar/04/2010 07:36:01
686377,2012.REP.NOM.POWELL,Colin Powell to be Republican Presidential Nominee in 2012,1,0.2,Mar/04/2010 07:36:06
686377,2012.REP.NOM.POWELL,Colin Powell to be Republican Presidential Nominee in 2012,1,0.2,Mar/04/2010 07:36:12
686377,2012.REP.NOM.POWELL,Colin Powell to be Republican Presidential Nominee in 2012,1,0.2,Mar/04/2010 07:36:19
686377,2012.REP.NOM.POWELL,Colin Powell to be Republican Presidential Nominee in 2012,2,0.2,Mar/04/2010 07:36:26
686377,2012.REP.NOM.POWELL,Colin Powell to be Republican Presidential Nominee in 2012,2,0.2,Mar/04/2010 07:36:32
686377,2012.REP.NOM.POWELL,Colin Powell to be Republican Presidential Nominee in 2012,1,0.2,Mar/04/2010 07:36:44
686377,2012.REP.NOM.POWELL,Colin Powell to be Republican Presidential Nominee in 2012,2,0.1,Mar/04/2010 07:36:55
686377,2012.REP.NOM.POWELL,Colin Powell to be Republican Presidential Nominee in 2012,1,0.1,Mar/04/2010 07:37:02
686377,2012.REP.NOM.POWELL,Colin Powell to be Republican Presidential Nominee in 2012,3,0.1,Mar/04/2010 07:37:10
686377,2012.REP.NOM.POWELL,Colin Powell to be Republican Presidential Nominee in 2012,2,0.1,Mar/04/2010 07:37:16
686377,2012.REP.NOM.POWELL,Colin Powell to be Republican Presidential Nominee in 2012,2,0.1,Mar/04/2010 07:37:22
686377,2012.REP.NOM.POWELL,Colin Powell to be Republican Presidential Nominee in 2012,1,0.1,Mar/04/2010 07:37:28
686377,2012.REP.NOM.POWELL,Colin Powell to be Republican Presidential Nominee in 2012,1,0.1,Mar/04/2010 07:37:35
686377,2012.REP.NOM.POWELL,Colin Powell to be Republican Presidential Nominee in 2012,1,0.1,Mar/04/2010 07:37:43
686377,2012.REP.NOM.POWELL,Colin Powell to be Republican Presidential Nominee in 2012,1,0.1,Mar/04/2010 07:37:49
686377,2012.REP.NOM.POWELL,Colin Powell to be Republican Presidential Nominee in 2012,2,0.1,Mar/04/2010 07:37:54
686377,2012.REP.NOM.POWELL,Colin Powell to be Republican Presidential Nominee in 2012,2,0.1,Mar/04/2010 07:38:00
686377,2012.REP.NOM.POWELL,Colin Powell to be Republican Presidential Nominee in 2012,3,0.1,Mar/04/2010 07:38:10
686377,2012.REP.NOM.POWELL,Colin Powell to be Republican Presidential Nominee in 2012,2,0.1,Mar/04/2010 07:38:20
686377,2012.REP.NOM.POWELL,Colin Powell to be Republican Presidential Nominee in 2012,2,0.1,Mar/04/2010 07:38:26
686377,2012.REP.NOM.POWELL,Colin Powell to be Republican Presidential Nominee in 2012,2,0.1,Mar/04/2010 07:38:37
686377,2012.REP.NOM.POWELL,Colin Powell to be Republican Presidential Nominee in 2012,2,0.1,Mar/04/2010 07:38:44
686377,2012.REP.NOM.POWELL,Colin Powell to be Republican Presidential Nominee in 2012,2,0.1,Mar/04/2010 07:38:49
686377,2012.REP.NOM.POWELL,Colin Powell to be Republican Presidential Nominee in 2012,2,0.1,Mar/04/2010 07:38:56
686377,2012.REP.NOM.POWELL,Colin Powell to be Republican Presidential Nominee in 2012,1,0.1,Mar/04/2010 07:39:04
686377,2012.REP.NOM.POWELL,Colin Powell to be Republican Presidential Nominee in 2012,1,0.1,Mar/05/2010 14:51:16
686377,2012.REP.NOM.POWELL,Colin Powell to be Republican Presidential Nominee in 2012,1,0.1,Mar/05/2010 14:51:23
686377,2012.REP.NOM.POWELL,Colin Powell to be Republican Presidential Nominee in 2012,2,0.1,Mar/05/2010 14:51:27
686377,2012.REP.NOM.POWELL,Colin Powell to be Republican Presidential Nominee in 2012,3,0.1,Mar/05/2010 14:51:33
686377,2012.REP.NOM.POWELL,Colin Powell to be Republican Presidential Nominee in 2012,1,0.1,Mar/05/2010 14:51:39
686377,2012.REP.NOM.POWELL,Colin Powell to be Republican Presidential Nominee in 2012,1,0.1,Mar/05/2010 14:51:45
686377,2012.REP.NOM.POWELL,Colin Powell to be Republican Presidential Nominee in 2012,1,0.1,Mar/05/2010 14:51:50
686377,2012.REP.NOM.POWELL,Colin Powell to be Republican Presidential Nominee in 2012,1,0.1,Mar/05/2010 14:51:57
686377,2012.REP.NOM.POWELL,Colin Powell to be Republican Presidential Nominee in 2012,1,0.1,Mar/05/2010 14:52:03
686377,2012.REP.NOM.POWELL,Colin Powell to be Republican Presidential Nominee in 2012,1,0.1,Mar/05/2010 14:52:09
686377,2012.REP.NOM.POWELL,Colin Powell to be Republican Presidential Nominee in 2012,1,0.1,Mar/05/2010 14:52:14
686377,2012.REP.NOM.POWELL,Colin Powell to be Republican Presidential Nominee in 2012,1,0.1,Mar/05/2010 14:52:21
686377,2012.REP.NOM.POWELL,Colin Powell to be Republican Presidential Nominee in 2012,2,0.1,Mar/05/2010 14:52:26
686377,2012.REP.NOM.POWELL,Colin Powell to be Republican Presidential Nominee in 2012,1,0.1,Mar/05/2010 14:52:31
686377,2012.REP.NOM.POWELL,Colin Powell to be Republican Presidential Nominee in 2012,1,0.1,Mar/05/2010 14:52:37
686377,2012.REP.NOM.POWELL,Colin Powell to be Republican Presidential Nominee in 2012,2,0.1,Mar/05/2010 14:52:42
686377,2012.REP.NOM.POWELL,Colin Powell to be Republican Presidential Nominee in 2012,1,0.1,Mar/08/2010 05:45:28
686377,2012.REP.NOM.POWELL,Colin Powell to be Republican Presidential Nominee in 2012,1,0.1,Mar/08/2010 05:45:33
686377,2012.REP.NOM.POWELL,Colin Powell to be Republican Presidential Nominee in 2012,1,0.1,Mar/08/2010 05:45:38
686377,2012.REP.NOM.POWELL,Colin Powell to be Republican Presidential Nominee in 2012,1,0.1,Mar/08/2010 05:45:45
686377,2012.REP.NOM.POWELL,Colin Powell to be Republican Presidential Nominee in 2012,1,0.1,Mar/08/2010 05:45:49
686377,2012.REP.NOM.POWELL,Colin Powell to be Republican Presidential Nominee in 2012,1,0.1,Mar/08/2010 05:45:53
686377,2012.REP.NOM.POWELL,Colin Powell to be Republican Presidential Nominee in 2012,1,0.1,Mar/08/2010 05:46:13
686377,2012.REP.NOM.POWELL,Colin Powell to be Republican Presidential Nominee in 2012,2,0.1,Mar/08/2010 05:46:22
686377,2012.REP.NOM.POWELL,Colin Powell to be Republican Presidential Nominee in 2012,1,0.1,Mar/08/2010 05:46:30
686377,2012.REP.NOM.POWELL,Colin Powell to be Republican Presidential Nominee in 2012,1,0.1,Mar/08/2010 05:46:49
686377,2012.REP.NOM.POWELL,Colin Powell to be Republican Presidential Nominee in 2012,1,0.1,Mar/08/2010 05:46:54
686377,2012.REP.NOM.POWELL,Colin Powell to be Republican Presidential Nominee in 2012,1,0.1,Mar/08/2010 05:46:59
686377,2012.REP.NOM.POWELL,Colin Powell to be Republican Presidential Nominee in 2012,1,0.1,Mar/08/2010 05:47:03
686377,2012.REP.NOM.POWELL,Colin Powell to be Republican Presidential Nominee in 2012,1,0.1,Mar/08/2010 05:47:16
686377,2012.REP.NOM.POWELL,Colin Powell to be Republican Presidential Nominee in 2012,1,0.1,Mar/08/2010 05:47:25
686377,2012.REP.NOM.POWELL,Colin Powell to be Republican Presidential Nominee in 2012,1,0.1,Mar/08/2010 05:47:30
686377,2012.REP.NOM.POWELL,Colin Powell to be Republican Presidential Nominee in 2012,1,0.1,Mar/08/2010 05:47:38
686377,2012.REP.NOM.POWELL,Colin Powell to be Republican Presidential Nominee in 2012,1,0.1,Mar/08/2010 05:47:44
686377,2012.REP.NOM.POWELL,Colin Powell to be Republican Presidential Nominee in 2012,4,0.1,Mar/08/2010 05:47:50
686377,2012.REP.NOM.POWELL,Colin Powell to be Republican Presidential Nominee in 2012,1,0.1,Mar/08/2010 05:48:11
686377,2012.REP.NOM.POWELL,Colin Powell to be Republican Presidential Nominee in 2012,1,0.1,Mar/08/2010 05:48:19
686377,2012.REP.NOM.POWELL,Colin Powell to be Republican Presidential Nominee in 2012,5,0.1,Mar/08/2010 05:48:26
686377,2012.REP.NOM.POWELL,Colin Powell to be Republican Presidential Nominee in 2012,4,0.1,Mar/08/2010 05:48:38
686377,2012.REP.NOM.POWELL,Colin Powell to be Republican Presidential Nominee in 2012,1,0.1,Mar/08/2010 05:48:48
686377,2012.REP.NOM.POWELL,Colin Powell to be Republican Presidential Nominee in 2012,1,0.1,Mar/08/2010 05:48:56
686377,2012.REP.NOM.POWELL,Colin Powell to be Republican Presidential Nominee in 2012,1,0.1,Mar/08/2010 05:49:04
686377,2012.REP.NOM.POWELL,Colin Powell to be Republican Presidential Nominee in 2012,1,0.1,Mar/08/2010 05:49:13
686377,2012.REP.NOM.POWELL,Colin Powell to be Republican Presidential Nominee in 2012,1,0.1,Mar/08/2010 05:49:22
686377,2012.REP.NOM.POWELL,Colin Powell to be Republican Presidential Nominee in 2012,1,0.1,Mar/10/2010 07:41:54
686377,2012.REP.NOM.POWELL,Colin Powell to be Republican Presidential Nominee in 2012,1,0.1,Mar/10/2010 07:42:02
686377,2012.REP.NOM.POWELL,Colin Powell to be Republican Presidential Nominee in 2012,1,0.1,Mar/10/2010 07:42:09
686377,2012.REP.NOM.POWELL,Colin Powell to be Republican Presidential Nominee in 2012,3,0.1,Mar/10/2010 07:42:14
686377,2012.REP.NOM.POWELL,Colin Powell to be Republican Presidential Nominee in 2012,1,0.1,Mar/10/2010 07:42:39
686377,2012.REP.NOM.POWELL,Colin Powell to be Republican Presidential Nominee in 2012,2,0.1,Mar/10/2010 07:42:48
686377,2012.REP.NOM.POWELL,Colin Powell to be Republican Presidential Nominee in 2012,1,0.1,Mar/10/2010 07:42:54
686377,2012.REP.NOM.POWELL,Colin Powell to be Republican Presidential Nominee in 2012,11,0.2,Mar/17/2010 12:09:45
686377,2012.REP.NOM.POWELL,Colin Powell to be Republican Presidential Nominee in 2012,10,0.2,Mar/17/2010 12:09:45
686377,2012.REP.NOM.POWELL,Colin Powell to be Republican Presidential Nominee in 2012,1,0.2,Mar/23/2010 06:56:34
686377,2012.REP.NOM.POWELL,Colin Powell to be Republican Presidential Nominee in 2012,1,0.2,Mar/23/2010 06:56:42
686377,2012.REP.NOM.POWELL,Colin Powell to be Republican Presidential Nominee in 2012,1,0.2,Mar/23/2010 06:56:50
686377,2012.REP.NOM.POWELL,Colin Powell to be Republican Presidential Nominee in 2012,1,0.2,Mar/23/2010 06:57:12
686377,2012.REP.NOM.POWELL,Colin Powell to be Republican Presidential Nominee in 2012,1,0.2,Mar/23/2010 06:57:21
686377,2012.REP.NOM.POWELL,Colin Powell to be Republican Presidential Nominee in 2012,3,0.2,Mar/23/2010 06:57:31
686377,2012.REP.NOM.POWELL,Colin Powell to be Republican Presidential Nominee in 2012,1,0.2,Mar/23/2010 06:57:45
686377,2012.REP.NOM.POWELL,Colin Powell to be Republican Presidential Nominee in 2012,1,0.2,Mar/23/2010 06:57:51
686377,2012.REP.NOM.POWELL,Colin Powell to be Republican Presidential Nominee in 2012,1,0.2,Mar/23/2010 06:58:04
686377,2012.REP.NOM.POWELL,Colin Powell to be Republican Presidential Nominee in 2012,1,0.2,Mar/23/2010 06:58:17
686377,2012.REP.NOM.POWELL,Colin Powell to be Republican Presidential Nominee in 2012,1,0.2,Mar/23/2010 06:58:25
686377,2012.REP.NOM.POWELL,Colin Powell to be Republican Presidential Nominee in 2012,1,0.2,Mar/23/2010 06:58:32
686377,2012.REP.NOM.POWELL,Colin Powell to be Republican Presidential Nominee in 2012,1,0.2,Mar/23/2010 06:58:39
686377,2012.REP.NOM.POWELL,Colin Powell to be Republican Presidential Nominee in 2012,1,0.2,Mar/23/2010 06:58:47
686377,2012.REP.NOM.POWELL,Colin Powell to be Republican Presidential Nominee in 2012,4,0.2,Mar/23/2010 06:58:55
686377,2012.REP.NOM.POWELL,Colin Powell to be Republican Presidential Nominee in 2012,2,0.2,Mar/23/2010 06:59:03
686377,2012.REP.NOM.POWELL,Colin Powell to be Republican Presidential Nominee in 2012,1,0.2,Mar/25/2010 22:40:56
686377,2012.REP.NOM.POWELL,Colin Powell to be Republican Presidential Nominee in 2012,1,0.2,Mar/25/2010 22:41:01
686377,2012.REP.NOM.POWELL,Colin Powell to be Republican Presidential Nominee in 2012,3,0.2,Mar/25/2010 22:41:19
686377,2012.REP.NOM.POWELL,Colin Powell to be Republican Presidential Nominee in 2012,2,0.2,Mar/25/2010 22:41:27
686377,2012.REP.NOM.POWELL,Colin Powell to be Republican Presidential Nominee in 2012,1,0.2,Mar/25/2010 22:41:34
686377,2012.REP.NOM.POWELL,Colin Powell to be Republican Presidential Nominee in 2012,2,0.2,Mar/25/2010 22:41:40
686377,2012.REP.NOM.POWELL,Colin Powell to be Republican Presidential Nominee in 2012,1,0.2,Mar/25/2010 22:42:05
686377,2012.REP.NOM.POWELL,Colin Powell to be Republican Presidential Nominee in 2012,2,0.2,Mar/25/2010 22:42:12
686377,2012.REP.NOM.POWELL,Colin Powell to be Republican Presidential Nominee in 2012,2,0.2,Mar/25/2010 22:42:18
686377,2012.REP.NOM.POWELL,Colin Powell to be Republican Presidential Nominee in 2012,1,0.2,Mar/25/2010 22:42:26
686377,2012.REP.NOM.POWELL,Colin Powell to be Republican Presidential Nominee in 2012,1,0.2,Mar/25/2010 22:42:33
686377,2012.REP.NOM.POWELL,Colin Powell to be Republican Presidential Nominee in 2012,1,0.2,Mar/25/2010 22:42:40
686377,2012.REP.NOM.POWELL,Colin Powell to be Republican Presidential Nominee in 2012,1,0.2,Mar/25/2010 22:42:47
686377,2012.REP.NOM.POWELL,Colin Powell to be Republican Presidential Nominee in 2012,1,0.2,Mar/25/2010 22:42:55
686377,2012.REP.NOM.POWELL,Colin Powell to be Republican Presidential Nominee in 2012,1,0.2,Mar/25/2010 22:43:02
686377,2012.REP.NOM.POWELL,Colin Powell to be Republican Presidential Nominee in 2012,1,0.2,Mar/25/2010 22:43:09
686377,2012.REP.NOM.POWELL,Colin Powell to be Republican Presidential Nominee in 2012,1,0.2,Mar/25/2010 22:43:16
686377,2012.REP.NOM.POWELL,Colin Powell to be Republican Presidential Nominee in 2012,1,0.2,Mar/25/2010 22:43:24
686377,2012.REP.NOM.POWELL,Colin Powell to be Republican Presidential Nominee in 2012,1,0.2,Mar/25/2010 22:43:31
686377,2012.REP.NOM.POWELL,Colin Powell to be Republican Presidential Nominee in 2012,1,0.2,Mar/25/2010 22:43:39
686377,2012.REP.NOM.POWELL,Colin Powell to be Republican Presidential Nominee in 2012,1,0.2,Mar/25/2010 22:43:47
686377,2012.REP.NOM.POWELL,Colin Powell to be Republican Presidential Nominee in 2012,1,0.2,May/17/2010 10:08:12
686377,2012.REP.NOM.POWELL,Colin Powell to be Republican Presidential Nominee in 2012,1,0.2,May/17/2010 10:09:33
686377,2012.REP.NOM.POWELL,Colin Powell to be Republican Presidential Nominee in 2012,1,0.2,May/17/2010 10:09:40
686377,2012.REP.NOM.POWELL,Colin Powell to be Republican Presidential Nominee in 2012,1,0.2,May/17/2010 10:10:09
686377,2012.REP.NOM.POWELL,Colin Powell to be Republican Presidential Nominee in 2012,1,0.2,May/17/2010 10:10:24
686377,2012.REP.NOM.POWELL,Colin Powell to be Republican Presidential Nominee in 2012,1,0.2,May/17/2010 10:10:36
686377,2012.REP.NOM.POWELL,Colin Powell to be Republican Presidential Nominee in 2012,1,0.2,May/17/2010 10:10:45
686377,2012.REP.NOM.POWELL,Colin Powell to be Republican Presidential Nominee in 2012,1,0.2,May/17/2010 10:10:57
686377,2012.REP.NOM.POWELL,Colin Powell to be Republican Presidential Nominee in 2012,1,0.2,May/17/2010 10:11:07
686377,2012.REP.NOM.POWELL,Colin Powell to be Republican Presidential Nominee in 2012,2,0.2,May/17/2010 10:11:15
686377,2012.REP.NOM.POWELL,Colin Powell to be Republican Presidential Nominee in 2012,1,0.2,May/17/2010 10:11:24
686377,2012.REP.NOM.POWELL,Colin Powell to be Republican Presidential Nominee in 2012,1,0.2,May/17/2010 10:11:33
686377,2012.REP.NOM.POWELL,Colin Powell to be Republican Presidential Nominee in 2012,1,0.2,May/17/2010 10:11:42
686377,2012.REP.NOM.POWELL,Colin Powell to be Republican Presidential Nominee in 2012,3,0.2,May/17/2010 10:11:51
686377,2012.REP.NOM.POWELL,Colin Powell to be Republican Presidential Nominee in 2012,1,0.2,May/17/2010 10:12:45
686377,2012.REP.NOM.POWELL,Colin Powell to be Republican Presidential Nominee in 2012,1,0.2,May/17/2010 10:13:03
686377,2012.REP.NOM.POWELL,Colin Powell to be Republican Presidential Nominee in 2012,1,0.2,May/17/2010 10:13:16
686377,2012.REP.NOM.POWELL,Colin Powell to be Republican Presidential Nominee in 2012,1,0.2,May/17/2010 10:13:26
686377,2012.REP.NOM.POWELL,Colin Powell to be Republican Presidential Nominee in 2012,1,0.2,May/17/2010 10:13:31
686377,2012.REP.NOM.POWELL,Colin Powell to be Republican Presidential Nominee in 2012,1,0.2,May/17/2010 10:13:36
686377,2012.REP.NOM.POWELL,Colin Powell to be Republican Presidential Nominee in 2012,1,0.2,May/17/2010 10:13:41
686377,2012.REP.NOM.POWELL,Colin Powell to be Republican Presidential Nominee in 2012,1,0.2,May/17/2010 10:13:53
686377,2012.REP.NOM.POWELL,Colin Powell to be Republican Presidential Nominee in 2012,1,0.2,May/17/2010 10:14:04
686377,2012.REP.NOM.POWELL,Colin Powell to be Republican Presidential Nominee in 2012,1,0.2,May/17/2010 10:14:13
686377,2012.REP.NOM.POWELL,Colin Powell to be Republican Presidential Nominee in 2012,2,0.2,May/17/2010 10:14:23
686377,2012.REP.NOM.POWELL,Colin Powell to be Republican Presidential Nominee in 2012,1,0.2,May/17/2010 10:14:30
686377,2012.REP.NOM.POWELL,Colin Powell to be Republican Presidential Nominee in 2012,1,0.1,May/17/2010 10:14:41
686377,2012.REP.NOM.POWELL,Colin Powell to be Republican Presidential Nominee in 2012,1,0.1,May/17/2010 10:14:50
686377,2012.REP.NOM.POWELL,Colin Powell to be Republican Presidential Nominee in 2012,2,0.1,May/17/2010 10:14:59
686377,2012.REP.NOM.POWELL,Colin Powell to be Republican Presidential Nominee in 2012,1,0.1,May/17/2010 10:15:09
686377,2012.REP.NOM.POWELL,Colin Powell to be Republican Presidential Nominee in 2012,1,0.1,May/17/2010 10:15:17
686377,2012.REP.NOM.POWELL,Colin Powell to be Republican Presidential Nominee in 2012,1,0.1,May/17/2010 10:15:27
686377,2012.REP.NOM.POWELL,Colin Powell to be Republican Presidential Nominee in 2012,1,0.1,May/17/2010 10:15:38
686377,2012.REP.NOM.POWELL,Colin Powell to be Republican Presidential Nominee in 2012,1,0.1,May/17/2010 10:15:48
686377,2012.REP.NOM.POWELL,Colin Powell to be Republican Presidential Nominee in 2012,50,0.1,May/27/2010 11:27:07
686377,2012.REP.NOM.POWELL,Colin Powell to be Republican Presidential Nominee in 2012,24,0.1,May/28/2010 12:32:47
686377,2012.REP.NOM.POWELL,Colin Powell to be Republican Presidential Nominee in 2012,20,0.1,Jun/01/2010 17:35:51
686377,2012.REP.NOM.POWELL,Colin Powell to be Republican Presidential Nominee in 2012,1,0.1,Jun/01/2010 20:39:59
686377,2012.REP.NOM.POWELL,Colin Powell to be Republican Presidential Nominee in 2012,3,0.1,Jun/01/2010 20:39:59
686377,2012.REP.NOM.POWELL,Colin Powell to be Republican Presidential Nominee in 2012,1,0.1,Jun/02/2010 10:26:01
686377,2012.REP.NOM.POWELL,Colin Powell to be Republican Presidential Nominee in 2012,5,0.1,Jun/03/2010 12:27:36
686377,2012.REP.NOM.POWELL,Colin Powell to be Republican Presidential Nominee in 2012,1,0.1,Jun/03/2010 20:17:06
686377,2012.REP.NOM.POWELL,Colin Powell to be Republican Presidential Nominee in 2012,1,0.1,Jun/03/2010 20:17:06
686377,2012.REP.NOM.POWELL,Colin Powell to be Republican Presidential Nominee in 2012,31,0.1,Jun/04/2010 10:36:03
686377,2012.REP.NOM.POWELL,Colin Powell to be Republican Presidential Nominee in 2012,20,0.1,Jun/04/2010 21:46:22
686377,2012.REP.NOM.POWELL,Colin Powell to be Republican Presidential Nominee in 2012,20,0.1,Jun/04/2010 22:55:46
686377,2012.REP.NOM.POWELL,Colin Powell to be Republican Presidential Nominee in 2012,8,0.1,Jun/09/2010 20:22:32
686377,2012.REP.NOM.POWELL,Colin Powell to be Republican Presidential Nominee in 2012,1,0.1,Jun/11/2010 09:56:15
686377,2012.REP.NOM.POWELL,Colin Powell to be Republican Presidential Nominee in 2012,19,0.1,Jun/29/2010 10:47:22
686377,2012.REP.NOM.POWELL,Colin Powell to be Republican Presidential Nominee in 2012,3,0.1,Jun/29/2010 10:47:22
686377,2012.REP.NOM.POWELL,Colin Powell to be Republican Presidential Nominee in 2012,8,0.1,Jun/29/2010 10:47:41
686377,2012.REP.NOM.POWELL,Colin Powell to be Republican Presidential Nominee in 2012,67,0.1,Jul/12/2010 06:43:04
686377,2012.REP.NOM.POWELL,Colin Powell to be Republican Presidential Nominee in 2012,18,0.1,Jul/12/2010 21:16:43
686377,2012.REP.NOM.POWELL,Colin Powell to be Republican Presidential Nominee in 2012,3,0.1,Jul/12/2010 21:16:54
686377,2012.REP.NOM.POWELL,Colin Powell to be Republican Presidential Nominee in 2012,1,0.1,Jul/13/2010 05:45:27
686377,2012.REP.NOM.POWELL,Colin Powell to be Republican Presidential Nominee in 2012,1,0.1,Jul/13/2010 05:45:27
686377,2012.REP.NOM.POWELL,Colin Powell to be Republican Presidential Nominee in 2012,39,0.1,Jul/13/2010 19:28:18
686377,2012.REP.NOM.POWELL,Colin Powell to be Republican Presidential Nominee in 2012,17,0.1,Nov/05/2010 17:48:57
686377,2012.REP.NOM.POWELL,Colin Powell to be Republican Presidential Nominee in 2012,54,0.1,Nov/05/2010 17:48:57
686377,2012.REP.NOM.POWELL,Colin Powell to be Republican Presidential Nominee in 2012,78,0.1,Nov/05/2010 17:50:56
686377,2012.REP.NOM.POWELL,Colin Powell to be Republican Presidential Nominee in 2012,9,0.1,Nov/05/2010 17:53:39
686377,2012.REP.NOM.POWELL,Colin Powell to be Republican Presidential Nominee in 2012,2,0.1,Nov/05/2010 18:00:37
686377,2012.REP.NOM.POWELL,Colin Powell to be Republican Presidential Nominee in 2012,1,0.1,Nov/10/2010 08:40:45
686377,2012.REP.NOM.POWELL,Colin Powell to be Republican Presidential Nominee in 2012,100,0.1,Jan/04/2011 22:48:03
686377,2012.REP.NOM.POWELL,Colin Powell to be Republican Presidential Nominee in 2012,50,0.1,Jan/19/2011 05:35:01
686377,2012.REP.NOM.POWELL,Colin Powell to be Republican Presidential Nominee in 2012,200,0.1,Feb/07/2011 01:33:42
686377,2012.REP.NOM.POWELL,Colin Powell to be Republican Presidential Nominee in 2012,100,0.1,Feb/15/2011 02:21:04
686377,2012.REP.NOM.POWELL,Colin Powell to be Republican Presidential Nominee in 2012,125,0.1,Feb/17/2011 07:59:16
686377,2012.REP.NOM.POWELL,Colin Powell to be Republican Presidential Nominee in 2012,20,0.1,Feb/20/2011 19:02:14
686377,2012.REP.NOM.POWELL,Colin Powell to be Republican Presidential Nominee in 2012,10,0.1,Feb/20/2011 19:02:14
686377,2012.REP.NOM.POWELL,Colin Powell to be Republican Presidential Nominee in 2012,40,0.1,Feb/20/2011 21:47:40
686377,2012.REP.NOM.POWELL,Colin Powell to be Republican Presidential Nominee in 2012,80,0.1,Feb/20/2011 21:47:40
686377,2012.REP.NOM.POWELL,Colin Powell to be Republican Presidential Nominee in 2012,10,0.1,Feb/20/2011 21:47:40
686377,2012.REP.NOM.POWELL,Colin Powell to be Republican Presidential Nominee in 2012,80,0.1,Feb/20/2011 21:47:40
686377,2012.REP.NOM.POWELL,Colin Powell to be Republican Presidential Nominee in 2012,60,0.1,Feb/20/2011 21:47:40
686377,2012.REP.NOM.POWELL,Colin Powell to be Republican Presidential Nominee in 2012,65,0.1,Feb/20/2011 21:47:40
686377,2012.REP.NOM.POWELL,Colin Powell to be Republican Presidential Nominee in 2012,30,0.1,Feb/20/2011 21:47:40
686377,2012.REP.NOM.POWELL,Colin Powell to be Republican Presidential Nominee in 2012,90,0.1,Feb/20/2011 21:47:40
686377,2012.REP.NOM.POWELL,Colin Powell to be Republican Presidential Nominee in 2012,80,0.1,Feb/20/2011 21:47:40
686377,2012.REP.NOM.POWELL,Colin Powell to be Republican Presidential Nominee in 2012,5,0.1,Feb/20/2011 21:47:40
686377,2012.REP.NOM.POWELL,Colin Powell to be Republican Presidential Nominee in 2012,70,0.1,Feb/20/2011 21:47:40
686377,2012.REP.NOM.POWELL,Colin Powell to be Republican Presidential Nominee in 2012,999,0.1,Feb/20/2011 21:47:40
686377,2012.REP.NOM.POWELL,Colin Powell to be Republican Presidential Nominee in 2012,100,0.1,Feb/20/2011 21:47:40
686377,2012.REP.NOM.POWELL,Colin Powell to be Republican Presidential Nominee in 2012,91,0.1,Feb/20/2011 21:47:40
686377,2012.REP.NOM.POWELL,Colin Powell to be Republican Presidential Nominee in 2012,9,0.1,Feb/20/2011 22:54:47
686377,2012.REP.NOM.POWELL,Colin Powell to be Republican Presidential Nominee in 2012,130,0.1,Feb/20/2011 22:54:47
686377,2012.REP.NOM.POWELL,Colin Powell to be Republican Presidential Nominee in 2012,60,0.1,Feb/20/2011 22:54:47
686377,2012.REP.NOM.POWELL,Colin Powell to be Republican Presidential Nominee in 2012,100,0.1,Feb/20/2011 22:54:47
686377,2012.REP.NOM.POWELL,Colin Powell to be Republican Presidential Nominee in 2012,100,0.1,Feb/20/2011 22:54:47
686377,2012.REP.NOM.POWELL,Colin Powell to be Republican Presidential Nominee in 2012,125,0.1,Feb/20/2011 22:54:47
686377,2012.REP.NOM.POWELL,Colin Powell to be Republican Presidential Nominee in 2012,200,0.1,Feb/20/2011 22:54:47
686377,2012.REP.NOM.POWELL,Colin Powell to be Republican Presidential Nominee in 2012,200,0.1,Feb/20/2011 22:54:47
686377,2012.REP.NOM.POWELL,Colin Powell to be Republican Presidential Nominee in 2012,176,0.1,Feb/20/2011 22:54:47
686377,2012.REP.NOM.POWELL,Colin Powell to be Republican Presidential Nominee in 2012,24,0.1,Feb/24/2011 02:25:08
686377,2012.REP.NOM.POWELL,Colin Powell to be Republican Presidential Nominee in 2012,200,0.1,Feb/24/2011 02:25:08
686377,2012.REP.NOM.POWELL,Colin Powell to be Republican Presidential Nominee in 2012,76,0.1,Feb/24/2011 06:40:27
686377,2012.REP.NOM.POWELL,Colin Powell to be Republican Presidential Nominee in 2012,59,0.1,Feb/25/2011 22:33:53
686377,2012.REP.NOM.POWELL,Colin Powell to be Republican Presidential Nominee in 2012,25,0.1,Feb/28/2011 19:40:35
686377,2012.REP.NOM.POWELL,Colin Powell to be Republican Presidential Nominee in 2012,100,0.1,Feb/28/2011 23:52:29
686377,2012.REP.NOM.POWELL,Colin Powell to be Republican Presidential Nominee in 2012,75,0.1,Mar/02/2011 04:26:12
686377,2012.REP.NOM.POWELL,Colin Powell to be Republican Presidential Nominee in 2012,60,0.1,Mar/03/2011 23:39:36
686377,2012.REP.NOM.POWELL,Colin Powell to be Republican Presidential Nominee in 2012,100,0.1,Mar/05/2011 01:27:40
686377,2012.REP.NOM.POWELL,Colin Powell to be Republican Presidential Nominee in 2012,1,0.1,Mar/08/2011 12:39:56
686377,2012.REP.NOM.POWELL,Colin Powell to be Republican Presidential Nominee in 2012,1,0.1,Mar/08/2011 12:41:45
686377,2012.REP.NOM.POWELL,Colin Powell to be Republican Presidential Nominee in 2012,1,0.1,Mar/08/2011 12:41:51
686377,2012.REP.NOM.POWELL,Colin Powell to be Republican Presidential Nominee in 2012,1,0.1,Mar/08/2011 12:43:32
686377,2012.REP.NOM.POWELL,Colin Powell to be Republican Presidential Nominee in 2012,50,0.1,Mar/09/2011 06:02:42
686377,2012.REP.NOM.POWELL,Colin Powell to be Republican Presidential Nominee in 2012,46,0.1,Mar/09/2011 16:03:28
686377,2012.REP.NOM.POWELL,Colin Powell to be Republican Presidential Nominee in 2012,54,0.1,Mar/09/2011 23:39:18
686377,2012.REP.NOM.POWELL,Colin Powell to be Republican Presidential Nominee in 2012,1000,0.1,Mar/10/2011 13:49:24
686377,2012.REP.NOM.POWELL,Colin Powell to be Republican Presidential Nominee in 2012,100,0.1,Mar/10/2011 23:27:01
686377,2012.REP.NOM.POWELL,Colin Powell to be Republican Presidential Nominee in 2012,160,0.1,Mar/18/2011 00:37:38
686377,2012.REP.NOM.POWELL,Colin Powell to be Republican Presidential Nominee in 2012,40,0.1,Mar/18/2011 00:37:38
686377,2012.REP.NOM.POWELL,Colin Powell to be Republican Presidential Nominee in 2012,100,0.1,Mar/19/2011 04:20:41
686377,2012.REP.NOM.POWELL,Colin Powell to be Republican Presidential Nominee in 2012,140,0.1,Mar/23/2011 00:46:51
686377,2012.REP.NOM.POWELL,Colin Powell to be Republican Presidential Nominee in 2012,60,0.1,Apr/02/2011 01:34:46
686377,2012.REP.NOM.POWELL,Colin Powell to be Republican Presidential Nominee in 2012,20,0.1,Apr/02/2011 01:34:46
686377,2012.REP.NOM.POWELL,Colin Powell to be Republican Presidential Nominee in 2012,20,0.1,Apr/02/2011 01:34:46
686377,2012.REP.NOM.POWELL,Colin Powell to be Republican Presidential Nominee in 2012,20,0.1,Apr/02/2011 01:34:46
686377,2012.REP.NOM.POWELL,Colin Powell to be Republican Presidential Nominee in 2012,20,0.1,Apr/02/2011 01:34:46
686377,2012.REP.NOM.POWELL,Colin Powell to be Republican Presidential Nominee in 2012,20,0.1,Apr/02/2011 01:34:46
686377,2012.REP.NOM.POWELL,Colin Powell to be Republican Presidential Nominee in 2012,20,0.1,Apr/02/2011 01:34:46
686377,2012.REP.NOM.POWELL,Colin Powell to be Republican Presidential Nominee in 2012,20,0.1,Apr/02/2011 01:34:46
686377,2012.REP.NOM.POWELL,Colin Powell to be Republican Presidential Nominee in 2012,20,0.1,Apr/02/2011 01:34:46
686377,2012.REP.NOM.POWELL,Colin Powell to be Republican Presidential Nominee in 2012,80,0.1,Apr/07/2011 15:50:57
686377,2012.REP.NOM.POWELL,Colin Powell to be Republican Presidential Nominee in 2012,20,0.1,Apr/07/2011 15:50:57
686377,2012.REP.NOM.POWELL,Colin Powell to be Republican Presidential Nominee in 2012,40,0.1,Apr/07/2011 15:50:57
686377,2012.REP.NOM.POWELL,Colin Powell to be Republican Presidential Nominee in 2012,2,0.2,Apr/07/2011 15:59:22
686377,2012.REP.NOM.POWELL,Colin Powell to be Republican Presidential Nominee in 2012,58,0.2,Apr/07/2011 15:59:22
686377,2012.REP.NOM.POWELL,Colin Powell to be Republican Presidential Nominee in 2012,3,0.1,Apr/07/2011 16:07:25
686377,2012.REP.NOM.POWELL,Colin Powell to be Republican Presidential Nominee in 2012,217,0.1,May/07/2011 21:10:28
686377,2012.REP.NOM.POWELL,Colin Powell to be Republican Presidential Nominee in 2012,27,0.1,May/07/2011 21:10:28
686377,2012.REP.NOM.POWELL,Colin Powell to be Republican Presidential Nominee in 2012,200,0.1,May/07/2011 21:10:28
686377,2012.REP.NOM.POWELL,Colin Powell to be Republican Presidential Nominee in 2012,120,0.1,May/07/2011 21:10:28
686377,2012.REP.NOM.POWELL,Colin Powell to be Republican Presidential Nominee in 2012,260,0.1,May/07/2011 21:10:28
686377,2012.REP.NOM.POWELL,Colin Powell to be Republican Presidential Nominee in 2012,1,0.1,Jun/16/2011 01:10:07
686377,2012.REP.NOM.POWELL,Colin Powell to be Republican Presidential Nominee in 2012,1,0.1,Jun/16/2011 01:28:57
686377,2012.REP.NOM.POWELL,Colin Powell to be Republican Presidential Nominee in 2012,20,0.1,Jul/04/2011 01:48:05
686377,2012.REP.NOM.POWELL,Colin Powell to be Republican Presidential Nominee in 2012,101,0.1,Aug/18/2011 20:38:25
686377,2012.REP.NOM.POWELL,Colin Powell to be Republican Presidential Nominee in 2012,4000,0.1,Aug/18/2011 20:38:25
686377,2012.REP.NOM.POWELL,Colin Powell to be Republican Presidential Nominee in 2012,978,0.1,Aug/18/2011 20:38:25
686377,2012.REP.NOM.POWELL,Colin Powell to be Republican Presidential Nominee in 2012,20,0.1,Aug/18/2011 20:38:25
686377,2012.REP.NOM.POWELL,Colin Powell to be Republican Presidential Nominee in 2012,42,0.2,Aug/18/2011 20:39:34
686377,2012.REP.NOM.POWELL,Colin Powell to be Republican Presidential Nominee in 2012,15,0.2,Aug/18/2011 20:39:34
686377,2012.REP.NOM.POWELL,Colin Powell to be Republican Presidential Nominee in 2012,10,0.2,Aug/18/2011 20:39:34
686377,2012.REP.NOM.POWELL,Colin Powell to be Republican Presidential Nominee in 2012,200,0.2,Aug/18/2011 20:39:34
686377,2012.REP.NOM.POWELL,Colin Powell to be Republican Presidential Nominee in 2012,400,0.2,Aug/18/2011 20:39:34
686377,2012.REP.NOM.POWELL,Colin Powell to be Republican Presidential Nominee in 2012,10,0.3,Aug/18/2011 20:40:29
686377,2012.REP.NOM.POWELL,Colin Powell to be Republican Presidential Nominee in 2012,100,0.3,Aug/18/2011 20:40:29
686377,2012.REP.NOM.POWELL,Colin Powell to be Republican Presidential Nominee in 2012,50,0.4,Aug/18/2011 20:41:21
686377,2012.REP.NOM.POWELL,Colin Powell to be Republican Presidential Nominee in 2012,50,0.5,Aug/18/2011 20:42:00
686377,2012.REP.NOM.POWELL,Colin Powell to be Republican Presidential Nominee in 2012,50,0.8,Aug/18/2011 20:42:37
686377,2012.REP.NOM.POWELL,Colin Powell to be Republican Presidential Nominee in 2012,5,0.9,Aug/18/2011 20:43:17
686377,2012.REP.NOM.POWELL,Colin Powell to be Republican Presidential Nominee in 2012,50,0.9,Aug/18/2011 20:43:17
686377,2012.REP.NOM.POWELL,Colin Powell to be Republican Presidential Nominee in 2012,80,5.0,Aug/18/2011 20:46:47
686377,2012.REP.NOM.POWELL,Colin Powell to be Republican Presidential Nominee in 2012,100,0.5,Aug/18/2011 23:35:14
686377,2012.REP.NOM.POWELL,Colin Powell to be Republican Presidential Nominee in 2012,39,1.0,Aug/18/2011 23:37:11
686377,2012.REP.NOM.POWELL,Colin Powell to be Republican Presidential Nominee in 2012,500,0.2,Aug/19/2011 01:41:02
686377,2012.REP.NOM.POWELL,Colin Powell to be Republican Presidential Nominee in 2012,100,0.2,Aug/19/2011 13:27:52
686377,2012.REP.NOM.POWELL,Colin Powell to be Republican Presidential Nominee in 2012,10,0.1,Aug/20/2011 00:23:38
686377,2012.REP.NOM.POWELL,Colin Powell to be Republican Presidential Nominee in 2012,1,0.1,Aug/20/2011 04:06:06
686377,2012.REP.NOM.POWELL,Colin Powell to be Republican Presidential Nominee in 2012,89,0.1,Aug/20/2011 04:27:16
686377,2012.REP.NOM.POWELL,Colin Powell to be Republican Presidential Nominee in 2012,200,0.1,Aug/20/2011 04:27:16
686377,2012.REP.NOM.POWELL,Colin Powell to be Republican Presidential Nominee in 2012,9,0.1,Aug/20/2011 04:27:16
686377,2012.REP.NOM.POWELL,Colin Powell to be Republican Presidential Nominee in 2012,400,0.1,Aug/20/2011 04:27:16
686377,2012.REP.NOM.POWELL,Colin Powell to be Republican Presidential Nominee in 2012,393,0.1,Aug/20/2011 05:23:15
686377,2012.REP.NOM.POWELL,Colin Powell to be Republican Presidential Nominee in 2012,1,0.2,Aug/20/2011 05:23:25
686377,2012.REP.NOM.POWELL,Colin Powell to be Republican Presidential Nominee in 2012,1,0.1,Aug/22/2011 16:59:56
686377,2012.REP.NOM.POWELL,Colin Powell to be Republican Presidential Nominee in 2012,2,0.1,Aug/22/2011 18:04:03
686377,2012.REP.NOM.POWELL,Colin Powell to be Republican Presidential Nominee in 2012,47,0.1,Aug/22/2011 18:08:42
686377,2012.REP.NOM.POWELL,Colin Powell to be Republican Presidential Nominee in 2012,10,0.1,Aug/22/2011 18:08:42
686377,2012.REP.NOM.POWELL,Colin Powell to be Republican Presidential Nominee in 2012,50,0.1,Aug/23/2011 20:07:13
686377,2012.REP.NOM.POWELL,Colin Powell to be Republican Presidential Nominee in 2012,10,0.1,Aug/23/2011 20:07:13
686377,2012.REP.NOM.POWELL,Colin Powell to be Republican Presidential Nominee in 2012,9,0.2,Aug/24/2011 22:15:50
686377,2012.REP.NOM.POWELL,Colin Powell to be Republican Presidential Nominee in 2012,10,0.2,Aug/24/2011 22:15:50
686377,2012.REP.NOM.POWELL,Colin Powell to be Republican Presidential Nominee in 2012,61,0.2,Aug/24/2011 22:15:50
686377,2012.REP.NOM.POWELL,Colin Powell to be Republican Presidential Nominee in 2012,100,0.2,Aug/24/2011 22:15:50
686377,2012.REP.NOM.POWELL,Colin Powell to be Republican Presidential Nominee in 2012,100,0.2,Aug/24/2011 22:15:50
686377,2012.REP.NOM.POWELL,Colin Powell to be Republican Presidential Nominee in 2012,500,0.2,Aug/24/2011 22:15:50
686377,2012.REP.NOM.POWELL,Colin Powell to be Republican Presidential Nominee in 2012,190,0.1,Aug/24/2011 22:15:50
686377,2012.REP.NOM.POWELL,Colin Powell to be Republican Presidential Nominee in 2012,10,0.1,Aug/24/2011 22:15:50
686377,2012.REP.NOM.POWELL,Colin Powell to be Republican Presidential Nominee in 2012,200,0.2,Aug/24/2011 22:19:34
686377,2012.REP.NOM.POWELL,Colin Powell to be Republican Presidential Nominee in 2012,10,0.2,Aug/24/2011 22:19:34
686377,2012.REP.NOM.POWELL,Colin Powell to be Republican Presidential Nominee in 2012,100,0.3,Aug/24/2011 22:20:31
686377,2012.REP.NOM.POWELL,Colin Powell to be Republican Presidential Nominee in 2012,10,0.3,Aug/24/2011 22:20:31
686377,2012.REP.NOM.POWELL,Colin Powell to be Republican Presidential Nominee in 2012,10,0.3,Aug/24/2011 22:20:31
686377,2012.REP.NOM.POWELL,Colin Powell to be Republican Presidential Nominee in 2012,100,0.3,Aug/24/2011 22:20:31
686377,2012.REP.NOM.POWELL,Colin Powell to be Republican Presidential Nominee in 2012,5,0.4,Aug/24/2011 22:22:11
686377,2012.REP.NOM.POWELL,Colin Powell to be Republican Presidential Nominee in 2012,10,0.4,Aug/24/2011 22:22:11
686377,2012.REP.NOM.POWELL,Colin Powell to be Republican Presidential Nominee in 2012,10,0.4,Aug/24/2011 22:22:11
686377,2012.REP.NOM.POWELL,Colin Powell to be Republican Presidential Nominee in 2012,35,0.4,Aug/24/2011 22:22:11
686377,2012.REP.NOM.POWELL,Colin Powell to be Republican Presidential Nominee in 2012,10,0.2,Aug/24/2011 23:45:51
686377,2012.REP.NOM.POWELL,Colin Powell to be Republican Presidential Nominee in 2012,10,0.2,Aug/24/2011 23:45:51
686377,2012.REP.NOM.POWELL,Colin Powell to be Republican Presidential Nominee in 2012,10,0.3,Aug/24/2011 23:49:06
686377,2012.REP.NOM.POWELL,Colin Powell to be Republican Presidential Nominee in 2012,165,0.4,Aug/24/2011 23:50:22
686377,2012.REP.NOM.POWELL,Colin Powell to be Republican Presidential Nominee in 2012,10,0.4,Aug/24/2011 23:50:22
686377,2012.REP.NOM.POWELL,Colin Powell to be Republican Presidential Nominee in 2012,25,0.5,Aug/24/2011 23:51:28
686377,2012.REP.NOM.POWELL,Colin Powell to be Republican Presidential Nominee in 2012,910,0.4,Aug/26/2011 01:30:02
686377,2012.REP.NOM.POWELL,Colin Powell to be Republican Presidential Nominee in 2012,100,0.3,Aug/26/2011 01:30:02
686377,2012.REP.NOM.POWELL,Colin Powell to be Republican Presidential Nominee in 2012,90,0.4,Aug/26/2011 01:34:15
686377,2012.REP.NOM.POWELL,Colin Powell to be Republican Presidential Nominee in 2012,10,0.4,Aug/26/2011 01:34:15
686377,2012.REP.NOM.POWELL,Colin Powell to be Republican Presidential Nominee in 2012,50,0.1,Aug/26/2011 04:07:32
686377,2012.REP.NOM.POWELL,Colin Powell to be Republican Presidential Nominee in 2012,50,0.1,Aug/26/2011 20:52:48
686377,2012.REP.NOM.POWELL,Colin Powell to be Republican Presidential Nominee in 2012,60,0.1,Aug/27/2011 03:10:52
686377,2012.REP.NOM.POWELL,Colin Powell to be Republican Presidential Nominee in 2012,50,0.1,Aug/27/2011 04:55:33
686377,2012.REP.NOM.POWELL,Colin Powell to be Republican Presidential Nominee in 2012,155,0.2,Aug/28/2011 16:01:52
686377,2012.REP.NOM.POWELL,Colin Powell to be Republican Presidential Nominee in 2012,70,0.2,Aug/28/2011 16:01:52
686377,2012.REP.NOM.POWELL,Colin Powell to be Republican Presidential Nominee in 2012,10,0.2,Aug/28/2011 16:01:52
686377,2012.REP.NOM.POWELL,Colin Powell to be Republican Presidential Nominee in 2012,50,0.2,Aug/28/2011 16:01:52
686377,2012.REP.NOM.POWELL,Colin Powell to be Republican Presidential Nominee in 2012,10,0.2,Aug/28/2011 16:01:52
686377,2012.REP.NOM.POWELL,Colin Powell to be Republican Presidential Nominee in 2012,28,0.3,Aug/28/2011 16:04:49
686377,2012.REP.NOM.POWELL,Colin Powell to be Republican Presidential Nominee in 2012,160,0.1,Aug/30/2011 19:37:48
686377,2012.REP.NOM.POWELL,Colin Powell to be Republican Presidential Nominee in 2012,1,0.1,Aug/30/2011 23:41:24
686377,2012.REP.NOM.POWELL,Colin Powell to be Republican Presidential Nominee in 2012,25,0.1,Aug/31/2011 03:35:58
686377,2012.REP.NOM.POWELL,Colin Powell to be Republican Presidential Nominee in 2012,1,0.1,Sep/23/2011 18:26:42
686377,2012.REP.NOM.POWELL,Colin Powell to be Republican Presidential Nominee in 2012,10,0.1,Oct/06/2011 14:08:03
686377,2012.REP.NOM.POWELL,Colin Powell to be Republican Presidential Nominee in 2012,1,0.1,Oct/06/2011 14:08:03
686377,2012.REP.NOM.POWELL,Colin Powell to be Republican Presidential Nominee in 2012,99,0.1,Oct/11/2011 14:46:42
686377,2012.REP.NOM.POWELL,Colin Powell to be Republican Presidential Nominee in 2012,100,0.1,Oct/11/2011 14:46:42
686377,2012.REP.NOM.POWELL,Colin Powell to be Republican Presidential Nominee in 2012,101,0.1,Oct/11/2011 14:46:42
686377,2012.REP.NOM.POWELL,Colin Powell to be Republican Presidential Nominee in 2012,601,0.1,Nov/11/2011 10:57:36
686377,2012.REP.NOM.POWELL,Colin Powell to be Republican Presidential Nominee in 2012,3899,0.1,Dec/10/2011 16:51:42
686377,2012.REP.NOM.POWELL,Colin Powell to be Republican Presidential Nominee in 2012,500,0.1,Dec/10/2011 16:51:42
686377,2012.REP.NOM.POWELL,Colin Powell to be Republican Presidential Nominee in 2012,1,0.1,Dec/10/2011 16:51:42
686377,2012.REP.NOM.POWELL,Colin Powell to be Republican Presidential Nominee in 2012,1000,0.1,Dec/10/2011 16:51:42
686377,2012.REP.NOM.POWELL,Colin Powell to be Republican Presidential Nominee in 2012,3333,0.1,Dec/10/2011 16:51:42
686377,2012.REP.NOM.POWELL,Colin Powell to be Republican Presidential Nominee in 2012,767,0.1,Dec/10/2011 16:51:42
686377,2012.REP.NOM.POWELL,Colin Powell to be Republican Presidential Nominee in 2012,233,0.1,Dec/10/2011 16:54:22
686377,2012.REP.NOM.POWELL,Colin Powell to be Republican Presidential Nominee in 2012,5667,0.1,Dec/10/2011 16:54:22
686377,2012.REP.NOM.POWELL,Colin Powell to be Republican Presidential Nominee in 2012,300,0.2,Dec/10/2011 16:59:39
686377,2012.REP.NOM.POWELL,Colin Powell to be Republican Presidential Nominee in 2012,160,0.2,Dec/10/2011 16:59:39
686377,2012.REP.NOM.POWELL,Colin Powell to be Republican Presidential Nominee in 2012,1,0.2,Dec/10/2011 16:59:39
686377,2012.REP.NOM.POWELL,Colin Powell to be Republican Presidential Nominee in 2012,500,0.2,Dec/10/2011 16:59:39
686377,2012.REP.NOM.POWELL,Colin Powell to be Republican Presidential Nominee in 2012,10,0.2,Dec/10/2011 16:59:39
686377,2012.REP.NOM.POWELL,Colin Powell to be Republican Presidential Nominee in 2012,100,0.3,Dec/10/2011 17:00:06
686377,2012.REP.NOM.POWELL,Colin Powell to be Republican Presidential Nominee in 2012,25,0.3,Dec/10/2011 17:00:06
686377,2012.REP.NOM.POWELL,Colin Powell to be Republican Presidential Nominee in 2012,3000,0.3,Dec/10/2011 17:00:06
686377,2012.REP.NOM.POWELL,Colin Powell to be Republican Presidential Nominee in 2012,500,0.3,Dec/10/2011 17:00:06
686377,2012.REP.NOM.POWELL,Colin Powell to be Republican Presidential Nominee in 2012,1000,0.4,Dec/10/2011 17:00:44
686377,2012.REP.NOM.POWELL,Colin Powell to be Republican Presidential Nominee in 2012,500,0.4,Dec/10/2011 17:00:44
686377,2012.REP.NOM.POWELL,Colin Powell to be Republican Presidential Nominee in 2012,1,0.2,Dec/10/2011 17:01:21
686377,2012.REP.NOM.POWELL,Colin Powell to be Republican Presidential Nominee in 2012,1,0.2,Dec/10/2011 17:03:43
686377,2012.REP.NOM.POWELL,Colin Powell to be Republican Presidential Nominee in 2012,400,0.2,Dec/10/2011 17:09:53
686377,2012.REP.NOM.POWELL,Colin Powell to be Republican Presidential Nominee in 2012,14,0.2,Dec/10/2011 17:14:07
686377,2012.REP.NOM.POWELL,Colin Powell to be Republican Presidential Nominee in 2012,2,0.2,Dec/10/2011 17:36:32
686377,2012.REP.NOM.POWELL,Colin Powell to be Republican Presidential Nominee in 2012,1200,0.2,Dec/10/2011 17:36:59
686377,2012.REP.NOM.POWELL,Colin Powell to be Republican Presidential Nominee in 2012,4,0.2,Dec/10/2011 17:38:32
686377,2012.REP.NOM.POWELL,Colin Powell to be Republican Presidential Nominee in 2012,2,0.2,Dec/10/2011 17:44:44
686377,2012.REP.NOM.POWELL,Colin Powell to be Republican Presidential Nominee in 2012,234,0.2,Dec/10/2011 17:58:01
686377,2012.REP.NOM.POWELL,Colin Powell to be Republican Presidential Nominee in 2012,1,0.2,Dec/10/2011 18:07:07
686377,2012.REP.NOM.POWELL,Colin Powell to be Republican Presidential Nominee in 2012,1,0.2,Dec/10/2011 18:31:18
686377,2012.REP.NOM.POWELL,Colin Powell to be Republican Presidential Nominee in 2012,2,0.2,Dec/10/2011 18:31:30
686377,2012.REP.NOM.POWELL,Colin Powell to be Republican Presidential Nominee in 2012,29,0.2,Dec/10/2011 18:33:30
686377,2012.REP.NOM.POWELL,Colin Powell to be Republican Presidential Nominee in 2012,500,0.2,Dec/10/2011 18:55:02
686377,2012.REP.NOM.POWELL,Colin Powell to be Republican Presidential Nominee in 2012,1,0.2,Dec/10/2011 19:48:28
686377,2012.REP.NOM.POWELL,Colin Powell to be Republican Presidential Nominee in 2012,5,0.2,Dec/10/2011 20:24:43
686377,2012.REP.NOM.POWELL,Colin Powell to be Republican Presidential Nominee in 2012,1,0.2,Dec/10/2011 20:26:24
686377,2012.REP.NOM.POWELL,Colin Powell to be Republican Presidential Nominee in 2012,8,0.2,Dec/10/2011 20:31:25
686377,2012.REP.NOM.POWELL,Colin Powell to be Republican Presidential Nominee in 2012,3,0.2,Dec/10/2011 20:34:12
686377,2012.REP.NOM.POWELL,Colin Powell to be Republican Presidential Nominee in 2012,2,0.2,Dec/10/2011 20:39:53
686377,2012.REP.NOM.POWELL,Colin Powell to be Republican Presidential Nominee in 2012,8,0.2,Dec/10/2011 21:27:12
686377,2012.REP.NOM.POWELL,Colin Powell to be Republican Presidential Nominee in 2012,550,0.2,Dec/10/2011 21:50:57
686377,2012.REP.NOM.POWELL,Colin Powell to be Republican Presidential Nominee in 2012,1000,0.3,Dec/10/2011 22:09:47
686377,2012.REP.NOM.POWELL,Colin Powell to be Republican Presidential Nominee in 2012,6531,0.2,Dec/10/2011 23:51:13
686377,2012.REP.NOM.POWELL,Colin Powell to be Republican Presidential Nominee in 2012,230,0.1,Dec/10/2011 23:51:24
686377,2012.REP.NOM.POWELL,Colin Powell to be Republican Presidential Nominee in 2012,1,0.1,Dec/11/2011 00:23:24
686377,2012.REP.NOM.POWELL,Colin Powell to be Republican Presidential Nominee in 2012,1,0.2,Dec/11/2011 06:09:05
686377,2012.REP.NOM.POWELL,Colin Powell to be Republican Presidential Nominee in 2012,5,0.1,Dec/11/2011 13:34:43
686377,2012.REP.NOM.POWELL,Colin Powell to be Republican Presidential Nominee in 2012,1,0.1,Dec/11/2011 13:34:43
686377,2012.REP.NOM.POWELL,Colin Powell to be Republican Presidential Nominee in 2012,500,0.1,Dec/11/2011 13:34:43
686377,2012.REP.NOM.POWELL,Colin Powell to be Republican Presidential Nominee in 2012,1,0.2,Dec/11/2011 14:38:54
686377,2012.REP.NOM.POWELL,Colin Powell to be Republican Presidential Nominee in 2012,50,0.2,Dec/11/2011 18:24:47
686377,2012.REP.NOM.POWELL,Colin Powell to be Republican Presidential Nominee in 2012,1,0.1,Dec/12/2011 18:52:47
686377,2012.REP.NOM.POWELL,Colin Powell to be Republican Presidential Nominee in 2012,1,0.1,Dec/12/2011 19:10:05
686377,2012.REP.NOM.POWELL,Colin Powell to be Republican Presidential Nominee in 2012,1970,0.1,Dec/12/2011 20:18:10
686377,2012.REP.NOM.POWELL,Colin Powell to be Republican Presidential Nominee in 2012,1,0.2,Dec/13/2011 05:45:55
686377,2012.REP.NOM.POWELL,Colin Powell to be Republican Presidential Nominee in 2012,50,0.1,Dec/14/2011 01:34:57
686377,2012.REP.NOM.POWELL,Colin Powell to be Republican Presidential Nominee in 2012,448,0.2,Dec/15/2011 06:00:04
686377,2012.REP.NOM.POWELL,Colin Powell to be Republican Presidential Nominee in 2012,1,0.2,Dec/15/2011 06:00:04
686377,2012.REP.NOM.POWELL,Colin Powell to be Republican Presidential Nominee in 2012,1,0.2,Dec/15/2011 06:00:04
686377,2012.REP.NOM.POWELL,Colin Powell to be Republican Presidential Nominee in 2012,15,0.2,Dec/15/2011 06:00:04
686377,2012.REP.NOM.POWELL,Colin Powell to be Republican Presidential Nominee in 2012,1,0.2,Dec/15/2011 06:00:04
686377,2012.REP.NOM.POWELL,Colin Powell to be Republican Presidential Nominee in 2012,3,0.2,Dec/15/2011 06:00:04
686377,2012.REP.NOM.POWELL,Colin Powell to be Republican Presidential Nominee in 2012,220,0.2,Dec/15/2011 06:00:04
686377,2012.REP.NOM.POWELL,Colin Powell to be Republican Presidential Nominee in 2012,3,0.2,Dec/15/2011 06:00:04
686377,2012.REP.NOM.POWELL,Colin Powell to be Republican Presidential Nominee in 2012,242,0.2,Dec/15/2011 06:00:04
686377,2012.REP.NOM.POWELL,Colin Powell to be Republican Presidential Nominee in 2012,7,0.2,Dec/15/2011 06:00:04
686377,2012.REP.NOM.POWELL,Colin Powell to be Republican Presidential Nominee in 2012,500,0.2,Dec/15/2011 06:00:04
686377,2012.REP.NOM.POWELL,Colin Powell to be Republican Presidential Nominee in 2012,1,0.2,Dec/15/2011 06:00:04
686377,2012.REP.NOM.POWELL,Colin Powell to be Republican Presidential Nominee in 2012,500,0.2,Dec/15/2011 06:00:04
686377,2012.REP.NOM.POWELL,Colin Powell to be Republican Presidential Nominee in 2012,300,0.2,Dec/15/2011 06:00:04
686377,2012.REP.NOM.POWELL,Colin Powell to be Republican Presidential Nominee in 2012,1000,0.2,Dec/15/2011 06:00:04
686377,2012.REP.NOM.POWELL,Colin Powell to be Republican Presidential Nominee in 2012,187,0.2,Dec/15/2011 06:00:04
686377,2012.REP.NOM.POWELL,Colin Powell to be Republican Presidential Nominee in 2012,50,0.2,Dec/15/2011 06:00:04
686377,2012.REP.NOM.POWELL,Colin Powell to be Republican Presidential Nominee in 2012,7,0.2,Dec/15/2011 06:00:04
686377,2012.REP.NOM.POWELL,Colin Powell to be Republican Presidential Nominee in 2012,500,0.2,Dec/15/2011 06:00:04
686377,2012.REP.NOM.POWELL,Colin Powell to be Republican Presidential Nominee in 2012,3,0.2,Dec/15/2011 06:00:04
686377,2012.REP.NOM.POWELL,Colin Powell to be Republican Presidential Nominee in 2012,1000,0.3,Dec/15/2011 06:00:54
686377,2012.REP.NOM.POWELL,Colin Powell to be Republican Presidential Nominee in 2012,1000,0.3,Dec/15/2011 06:00:54
686377,2012.REP.NOM.POWELL,Colin Powell to be Republican Presidential Nominee in 2012,50,0.3,Dec/15/2011 06:00:54
686377,2012.REP.NOM.POWELL,Colin Powell to be Republican Presidential Nominee in 2012,149,0.4,Dec/15/2011 06:01:38
686377,2012.REP.NOM.POWELL,Colin Powell to be Republican Presidential Nominee in 2012,700,0.5,Dec/15/2011 06:01:59
686377,2012.REP.NOM.POWELL,Colin Powell to be Republican Presidential Nominee in 2012,851,0.9,Dec/15/2011 06:02:41
686377,2012.REP.NOM.POWELL,Colin Powell to be Republican Presidential Nominee in 2012,77,0.9,Dec/15/2011 06:03:28
686377,2012.REP.NOM.POWELL,Colin Powell to be Republican Presidential Nominee in 2012,195,1.0,Dec/15/2011 06:03:53
686377,2012.REP.NOM.POWELL,Colin Powell to be Republican Presidential Nominee in 2012,5,0.4,Dec/15/2011 15:09:15
686377,2012.REP.NOM.POWELL,Colin Powell to be Republican Presidential Nominee in 2012,25,0.4,Dec/15/2011 17:05:36
686377,2012.REP.NOM.POWELL,Colin Powell to be Republican Presidential Nominee in 2012,21,0.4,Dec/15/2011 17:07:00
686377,2012.REP.NOM.POWELL,Colin Powell to be Republican Presidential Nominee in 2012,3000,0.4,Dec/15/2011 19:50:43
686377,2012.REP.NOM.POWELL,Colin Powell to be Republican Presidential Nominee in 2012,21,0.4,Dec/15/2011 21:18:49
686377,2012.REP.NOM.POWELL,Colin Powell to be Republican Presidential Nominee in 2012,41,0.4,Dec/15/2011 21:20:20
686377,2012.REP.NOM.POWELL,Colin Powell to be Republican Presidential Nominee in 2012,6,0.4,Dec/15/2011 21:23:16
686377,2012.REP.NOM.POWELL,Colin Powell to be Republican Presidential Nominee in 2012,5,0.5,Dec/15/2011 21:26:13
686377,2012.REP.NOM.POWELL,Colin Powell to be Republican Presidential Nominee in 2012,4,0.5,Dec/15/2011 21:28:04
686377,2012.REP.NOM.POWELL,Colin Powell to be Republican Presidential Nominee in 2012,1,0.5,Dec/15/2011 21:29:44
686377,2012.REP.NOM.POWELL,Colin Powell to be Republican Presidential Nominee in 2012,4,0.5,Dec/15/2011 21:31:15
686377,2012.REP.NOM.POWELL,Colin Powell to be Republican Presidential Nominee in 2012,1,0.5,Dec/15/2011 21:32:03
686377,2012.REP.NOM.POWELL,Colin Powell to be Republican Presidential Nominee in 2012,1,0.4,Dec/15/2011 21:35:41
686377,2012.REP.NOM.POWELL,Colin Powell to be Republican Presidential Nominee in 2012,19,0.4,Dec/15/2011 21:40:40
686377,2012.REP.NOM.POWELL,Colin Powell to be Republican Presidential Nominee in 2012,3,0.4,Dec/15/2011 21:45:36
686377,2012.REP.NOM.POWELL,Colin Powell to be Republican Presidential Nominee in 2012,4,0.4,Dec/15/2011 21:45:48
686377,2012.REP.NOM.POWELL,Colin Powell to be Republican Presidential Nominee in 2012,14,0.4,Dec/16/2011 00:12:25
686377,2012.REP.NOM.POWELL,Colin Powell to be Republican Presidential Nominee in 2012,4,0.4,Dec/16/2011 00:18:31
686377,2012.REP.NOM.POWELL,Colin Powell to be Republican Presidential Nominee in 2012,1,0.4,Dec/16/2011 00:44:50
686377,2012.REP.NOM.POWELL,Colin Powell to be Republican Presidential Nominee in 2012,9,0.4,Dec/16/2011 00:45:26
686377,2012.REP.NOM.POWELL,Colin Powell to be Republican Presidential Nominee in 2012,200,0.4,Dec/16/2011 01:29:11
686377,2012.REP.NOM.POWELL,Colin Powell to be Republican Presidential Nominee in 2012,50,0.4,Dec/16/2011 01:30:05
686377,2012.REP.NOM.POWELL,Colin Powell to be Republican Presidential Nominee in 2012,1,0.4,Dec/16/2011 02:10:19
686377,2012.REP.NOM.POWELL,Colin Powell to be Republican Presidential Nominee in 2012,2,0.4,Dec/16/2011 02:12:34
686377,2012.REP.NOM.POWELL,Colin Powell to be Republican Presidential Nominee in 2012,2,0.4,Dec/16/2011 02:16:03
686377,2012.REP.NOM.POWELL,Colin Powell to be Republican Presidential Nominee in 2012,20,0.4,Dec/16/2011 02:20:36
686377,2012.REP.NOM.POWELL,Colin Powell to be Republican Presidential Nominee in 2012,3,0.4,Dec/16/2011 02:21:58
686377,2012.REP.NOM.POWELL,Colin Powell to be Republican Presidential Nominee in 2012,2,0.4,Dec/16/2011 02:22:28
686377,2012.REP.NOM.POWELL,Colin Powell to be Republican Presidential Nominee in 2012,40,0.4,Dec/16/2011 02:28:10
686377,2012.REP.NOM.POWELL,Colin Powell to be Republican Presidential Nominee in 2012,1,0.4,Dec/16/2011 03:33:40
686377,2012.REP.NOM.POWELL,Colin Powell to be Republican Presidential Nominee in 2012,10,0.4,Dec/16/2011 04:31:26
686377,2012.REP.NOM.POWELL,Colin Powell to be Republican Presidential Nominee in 2012,5,0.4,Dec/16/2011 04:33:04
686377,2012.REP.NOM.POWELL,Colin Powell to be Republican Presidential Nominee in 2012,3,0.4,Dec/16/2011 04:52:35
686377,2012.REP.NOM.POWELL,Colin Powell to be Republican Presidential Nominee in 2012,3,0.4,Dec/16/2011 05:12:58
686377,2012.REP.NOM.POWELL,Colin Powell to be Republican Presidential Nominee in 2012,45,0.4,Dec/16/2011 05:13:21
686377,2012.REP.NOM.POWELL,Colin Powell to be Republican Presidential Nominee in 2012,6,0.4,Dec/16/2011 05:13:42
686377,2012.REP.NOM.POWELL,Colin Powell to be Republican Presidential Nominee in 2012,5,0.4,Dec/16/2011 05:45:51
686377,2012.REP.NOM.POWELL,Colin Powell to be Republican Presidential Nominee in 2012,5,0.4,Dec/16/2011 05:46:24
686377,2012.REP.NOM.POWELL,Colin Powell to be Republican Presidential Nominee in 2012,3,0.4,Dec/16/2011 05:46:37
686377,2012.REP.NOM.POWELL,Colin Powell to be Republican Presidential Nominee in 2012,2,0.4,Dec/16/2011 05:48:08
686377,2012.REP.NOM.POWELL,Colin Powell to be Republican Presidential Nominee in 2012,7,0.4,Dec/16/2011 05:50:34
686377,2012.REP.NOM.POWELL,Colin Powell to be Republican Presidential Nominee in 2012,50,0.4,Dec/16/2011 05:53:05
686377,2012.REP.NOM.POWELL,Colin Powell to be Republican Presidential Nominee in 2012,28,0.4,Dec/16/2011 05:53:19
686377,2012.REP.NOM.POWELL,Colin Powell to be Republican Presidential Nominee in 2012,14,0.4,Dec/16/2011 05:58:02
686377,2012.REP.NOM.POWELL,Colin Powell to be Republican Presidential Nominee in 2012,33,0.4,Dec/16/2011 05:58:45
686377,2012.REP.NOM.POWELL,Colin Powell to be Republican Presidential Nominee in 2012,50,0.4,Dec/16/2011 06:36:05
686377,2012.REP.NOM.POWELL,Colin Powell to be Republican Presidential Nominee in 2012,30,0.4,Dec/16/2011 06:36:18
686377,2012.REP.NOM.POWELL,Colin Powell to be Republican Presidential Nominee in 2012,3,0.4,Dec/16/2011 09:44:49
686377,2012.REP.NOM.POWELL,Colin Powell to be Republican Presidential Nominee in 2012,8,0.4,Dec/16/2011 09:48:10
686377,2012.REP.NOM.POWELL,Colin Powell to be Republican Presidential Nominee in 2012,5,0.4,Dec/16/2011 11:39:56
686377,2012.REP.NOM.POWELL,Colin Powell to be Republican Presidential Nominee in 2012,2,0.4,Dec/16/2011 12:07:07
686377,2012.REP.NOM.POWELL,Colin Powell to be Republican Presidential Nominee in 2012,35,0.4,Dec/16/2011 12:07:32
686377,2012.REP.NOM.POWELL,Colin Powell to be Republican Presidential Nominee in 2012,25,0.4,Dec/16/2011 12:49:02
686377,2012.REP.NOM.POWELL,Colin Powell to be Republican Presidential Nominee in 2012,1,0.4,Dec/16/2011 13:11:57
686377,2012.REP.NOM.POWELL,Colin Powell to be Republican Presidential Nominee in 2012,4,0.4,Dec/16/2011 13:42:26
686377,2012.REP.NOM.POWELL,Colin Powell to be Republican Presidential Nominee in 2012,33,0.4,Dec/16/2011 15:09:50
686377,2012.REP.NOM.POWELL,Colin Powell to be Republican Presidential Nominee in 2012,15,0.4,Dec/16/2011 16:33:19
686377,2012.REP.NOM.POWELL,Colin Powell to be Republican Presidential Nominee in 2012,2,0.4,Dec/16/2011 16:53:11
686377,2012.REP.NOM.POWELL,Colin Powell to be Republican Presidential Nominee in 2012,50,0.4,Dec/16/2011 16:56:44
686377,2012.REP.NOM.POWELL,Colin Powell to be Republican Presidential Nominee in 2012,50,0.4,Dec/16/2011 17:44:02
686377,2012.REP.NOM.POWELL,Colin Powell to be Republican Presidential Nominee in 2012,4,0.4,Dec/16/2011 20:17:45
686377,2012.REP.NOM.POWELL,Colin Powell to be Republican Presidential Nominee in 2012,1,0.4,Dec/16/2011 21:09:29
686377,2012.REP.NOM.POWELL,Colin Powell to be Republican Presidential Nominee in 2012,2,0.4,Dec/16/2011 21:11:12
686377,2012.REP.NOM.POWELL,Colin Powell to be Republican Presidential Nominee in 2012,1,0.4,Dec/16/2011 22:08:10
686377,2012.REP.NOM.POWELL,Colin Powell to be Republican Presidential Nominee in 2012,4,0.4,Dec/16/2011 22:08:42
686377,2012.REP.NOM.POWELL,Colin Powell to be Republican Presidential Nominee in 2012,3,0.4,Dec/16/2011 22:09:13
686377,2012.REP.NOM.POWELL,Colin Powell to be Republican Presidential Nominee in 2012,1,0.4,Dec/16/2011 22:19:59
686377,2012.REP.NOM.POWELL,Colin Powell to be Republican Presidential Nominee in 2012,50,0.4,Dec/16/2011 22:44:45
686377,2012.REP.NOM.POWELL,Colin Powell to be Republican Presidential Nominee in 2012,11,0.4,Dec/16/2011 22:45:17
686377,2012.REP.NOM.POWELL,Colin Powell to be Republican Presidential Nominee in 2012,14,0.4,Dec/16/2011 22:55:17
686377,2012.REP.NOM.POWELL,Colin Powell to be Republican Presidential Nominee in 2012,3,0.4,Dec/16/2011 22:55:32
686377,2012.REP.NOM.POWELL,Colin Powell to be Republican Presidential Nominee in 2012,100,0.4,Dec/17/2011 00:38:34
686377,2012.REP.NOM.POWELL,Colin Powell to be Republican Presidential Nominee in 2012,2,0.4,Dec/17/2011 01:44:21
686377,2012.REP.NOM.POWELL,Colin Powell to be Republican Presidential Nominee in 2012,3,0.4,Dec/17/2011 01:46:30
686377,2012.REP.NOM.POWELL,Colin Powell to be Republican Presidential Nominee in 2012,100,0.4,Dec/17/2011 03:01:05
686377,2012.REP.NOM.POWELL,Colin Powell to be Republican Presidential Nominee in 2012,77,0.4,Dec/18/2011 00:49:38
686377,2012.REP.NOM.POWELL,Colin Powell to be Republican Presidential Nominee in 2012,56,0.4,Dec/18/2011 03:48:04
686377,2012.REP.NOM.POWELL,Colin Powell to be Republican Presidential Nominee in 2012,30,0.4,Dec/18/2011 13:54:23
686377,2012.REP.NOM.POWELL,Colin Powell to be Republican Presidential Nominee in 2012,5,0.4,Dec/18/2011 21:47:53
686377,2012.REP.NOM.POWELL,Colin Powell to be Republican Presidential Nominee in 2012,30,0.5,Dec/19/2011 00:00:49
686377,2012.REP.NOM.POWELL,Colin Powell to be Republican Presidential Nominee in 2012,7,0.5,Dec/19/2011 00:01:07
686377,2012.REP.NOM.POWELL,Colin Powell to be Republican Presidential Nominee in 2012,13,0.5,Dec/19/2011 00:01:07
686377,2012.REP.NOM.POWELL,Colin Powell to be Republican Presidential Nominee in 2012,100,0.4,Dec/19/2011 06:54:11
686377,2012.REP.NOM.POWELL,Colin Powell to be Republican Presidential Nominee in 2012,87,0.5,Dec/19/2011 15:48:07
686377,2012.REP.NOM.POWELL,Colin Powell to be Republican Presidential Nominee in 2012,1,0.5,Dec/19/2011 15:48:07
686377,2012.REP.NOM.POWELL,Colin Powell to be Republican Presidential Nominee in 2012,2,0.5,Dec/19/2011 15:48:07
686377,2012.REP.NOM.POWELL,Colin Powell to be Republican Presidential Nominee in 2012,4,0.5,Dec/19/2011 15:48:07
686377,2012.REP.NOM.POWELL,Colin Powell to be Republican Presidential Nominee in 2012,6,0.5,Dec/19/2011 15:48:07
686377,2012.REP.NOM.POWELL,Colin Powell to be Republican Presidential Nominee in 2012,8,0.4,Dec/19/2011 17:57:24
686377,2012.REP.NOM.POWELL,Colin Powell to be Republican Presidential Nominee in 2012,1,0.4,Dec/19/2011 17:58:57
686377,2012.REP.NOM.POWELL,Colin Powell to be Republican Presidential Nominee in 2012,1,0.4,Dec/19/2011 18:00:17
686377,2012.REP.NOM.POWELL,Colin Powell to be Republican Presidential Nominee in 2012,1,0.4,Dec/19/2011 18:00:54
686377,2012.REP.NOM.POWELL,Colin Powell to be Republican Presidential Nominee in 2012,1,0.4,Dec/19/2011 18:01:40
686377,2012.REP.NOM.POWELL,Colin Powell to be Republican Presidential Nominee in 2012,1,0.4,Dec/19/2011 18:03:15
686377,2012.REP.NOM.POWELL,Colin Powell to be Republican Presidential Nominee in 2012,4,0.4,Dec/19/2011 18:04:37
686377,2012.REP.NOM.POWELL,Colin Powell to be Republican Presidential Nominee in 2012,12,0.4,Dec/19/2011 18:27:10
686377,2012.REP.NOM.POWELL,Colin Powell to be Republican Presidential Nominee in 2012,1,0.4,Dec/19/2011 18:27:39
686377,2012.REP.NOM.POWELL,Colin Powell to be Republican Presidential Nominee in 2012,129,0.4,Dec/19/2011 18:36:01
686377,2012.REP.NOM.POWELL,Colin Powell to be Republican Presidential Nominee in 2012,1,0.4,Dec/19/2011 18:49:45
686377,2012.REP.NOM.POWELL,Colin Powell to be Republican Presidential Nominee in 2012,1,0.4,Dec/19/2011 18:53:36
686377,2012.REP.NOM.POWELL,Colin Powell to be Republican Presidential Nominee in 2012,20,0.4,Dec/19/2011 18:54:26
686377,2012.REP.NOM.POWELL,Colin Powell to be Republican Presidential Nominee in 2012,1,0.4,Dec/19/2011 18:54:51
686377,2012.REP.NOM.POWELL,Colin Powell to be Republican Presidential Nominee in 2012,2,0.4,Dec/19/2011 18:55:40
686377,2012.REP.NOM.POWELL,Colin Powell to be Republican Presidential Nominee in 2012,1,0.4,Dec/19/2011 18:55:56
686377,2012.REP.NOM.POWELL,Colin Powell to be Republican Presidential Nominee in 2012,7,0.4,Dec/19/2011 19:02:37
686377,2012.REP.NOM.POWELL,Colin Powell to be Republican Presidential Nominee in 2012,20,0.4,Dec/19/2011 19:06:51
686377,2012.REP.NOM.POWELL,Colin Powell to be Republican Presidential Nominee in 2012,11,0.4,Dec/19/2011 19:12:11
686377,2012.REP.NOM.POWELL,Colin Powell to be Republican Presidential Nominee in 2012,2,0.4,Dec/19/2011 20:20:15
686377,2012.REP.NOM.POWELL,Colin Powell to be Republican Presidential Nominee in 2012,3,0.4,Dec/19/2011 20:23:56
686377,2012.REP.NOM.POWELL,Colin Powell to be Republican Presidential Nominee in 2012,2,0.4,Dec/19/2011 20:25:54
686377,2012.REP.NOM.POWELL,Colin Powell to be Republican Presidential Nominee in 2012,1,0.4,Dec/19/2011 20:27:14
686377,2012.REP.NOM.POWELL,Colin Powell to be Republican Presidential Nominee in 2012,1,0.4,Dec/19/2011 20:57:23
686377,2012.REP.NOM.POWELL,Colin Powell to be Republican Presidential Nominee in 2012,50,0.4,Dec/19/2011 21:09:52
686377,2012.REP.NOM.POWELL,Colin Powell to be Republican Presidential Nominee in 2012,400,0.4,Dec/19/2011 21:22:49
686377,2012.REP.NOM.POWELL,Colin Powell to be Republican Presidential Nominee in 2012,80,0.4,Dec/19/2011 21:24:02
686377,2012.REP.NOM.POWELL,Colin Powell to be Republican Presidential Nominee in 2012,50,0.4,Dec/19/2011 21:32:01
686377,2012.REP.NOM.POWELL,Colin Powell to be Republican Presidential Nominee in 2012,1,0.4,Dec/19/2011 21:38:40
686377,2012.REP.NOM.POWELL,Colin Powell to be Republican Presidential Nominee in 2012,4,0.4,Dec/19/2011 21:40:18
686377,2012.REP.NOM.POWELL,Colin Powell to be Republican Presidential Nominee in 2012,3,0.4,Dec/19/2011 21:42:59
686377,2012.REP.NOM.POWELL,Colin Powell to be Republican Presidential Nominee in 2012,2,0.4,Dec/19/2011 21:43:40
686377,2012.REP.NOM.POWELL,Colin Powell to be Republican Presidential Nominee in 2012,7,0.4,Dec/19/2011 21:46:31
686377,2012.REP.NOM.POWELL,Colin Powell to be Republican Presidential Nominee in 2012,10,0.4,Dec/19/2011 23:24:56
686377,2012.REP.NOM.POWELL,Colin Powell to be Republican Presidential Nominee in 2012,4,0.4,Dec/19/2011 23:58:19
686377,2012.REP.NOM.POWELL,Colin Powell to be Republican Presidential Nominee in 2012,3,0.4,Dec/20/2011 01:55:46
686377,2012.REP.NOM.POWELL,Colin Powell to be Republican Presidential Nominee in 2012,1,0.4,Dec/20/2011 01:56:33
686377,2012.REP.NOM.POWELL,Colin Powell to be Republican Presidential Nominee in 2012,5,0.4,Dec/20/2011 02:02:14
686377,2012.REP.NOM.POWELL,Colin Powell to be Republican Presidential Nominee in 2012,4,0.4,Dec/20/2011 02:07:06
686377,2012.REP.NOM.POWELL,Colin Powell to be Republican Presidential Nominee in 2012,5,0.4,Dec/20/2011 02:48:29
686377,2012.REP.NOM.POWELL,Colin Powell to be Republican Presidential Nominee in 2012,26,0.4,Dec/20/2011 04:05:33
686377,2012.REP.NOM.POWELL,Colin Powell to be Republican Presidential Nominee in 2012,20,0.4,Dec/20/2011 04:33:15
686377,2012.REP.NOM.POWELL,Colin Powell to be Republican Presidential Nominee in 2012,10,0.4,Dec/20/2011 04:57:08
686377,2012.REP.NOM.POWELL,Colin Powell to be Republican Presidential Nominee in 2012,10,0.4,Dec/20/2011 04:58:03
686377,2012.REP.NOM.POWELL,Colin Powell to be Republican Presidential Nominee in 2012,1,0.4,Dec/20/2011 12:03:50
686377,2012.REP.NOM.POWELL,Colin Powell to be Republican Presidential Nominee in 2012,4,0.4,Dec/20/2011 12:04:50
686377,2012.REP.NOM.POWELL,Colin Powell to be Republican Presidential Nominee in 2012,11,0.4,Dec/20/2011 12:05:14
686377,2012.REP.NOM.POWELL,Colin Powell to be Republican Presidential Nominee in 2012,1,0.4,Dec/20/2011 12:34:30
686377,2012.REP.NOM.POWELL,Colin Powell to be Republican Presidential Nominee in 2012,4,0.4,Dec/20/2011 12:45:23
686377,2012.REP.NOM.POWELL,Colin Powell to be Republican Presidential Nominee in 2012,4,0.4,Dec/20/2011 13:07:44
686377,2012.REP.NOM.POWELL,Colin Powell to be Republican Presidential Nominee in 2012,4,0.4,Dec/20/2011 13:18:18
686377,2012.REP.NOM.POWELL,Colin Powell to be Republican Presidential Nominee in 2012,50,0.4,Dec/20/2011 13:47:53
686377,2012.REP.NOM.POWELL,Colin Powell to be Republican Presidential Nominee in 2012,21,0.4,Dec/20/2011 13:48:06
686377,2012.REP.NOM.POWELL,Colin Powell to be Republican Presidential Nominee in 2012,16,0.4,Dec/20/2011 13:48:19
686377,2012.REP.NOM.POWELL,Colin Powell to be Republican Presidential Nominee in 2012,21,0.4,Dec/20/2011 14:10:47
686377,2012.REP.NOM.POWELL,Colin Powell to be Republican Presidential Nominee in 2012,50,0.4,Dec/20/2011 14:15:53
686377,2012.REP.NOM.POWELL,Colin Powell to be Republican Presidential Nominee in 2012,30,0.4,Dec/20/2011 14:16:04
686377,2012.REP.NOM.POWELL,Colin Powell to be Republican Presidential Nominee in 2012,18,0.4,Dec/20/2011 14:20:34
686377,2012.REP.NOM.POWELL,Colin Powell to be Republican Presidential Nominee in 2012,10,0.4,Dec/20/2011 14:40:26
686377,2012.REP.NOM.POWELL,Colin Powell to be Republican Presidential Nominee in 2012,4,0.4,Dec/20/2011 14:40:41
686377,2012.REP.NOM.POWELL,Colin Powell to be Republican Presidential Nominee in 2012,2,0.4,Dec/20/2011 14:42:21
686377,2012.REP.NOM.POWELL,Colin Powell to be Republican Presidential Nominee in 2012,10,0.4,Dec/20/2011 14:45:02
686377,2012.REP.NOM.POWELL,Colin Powell to be Republican Presidential Nominee in 2012,2,0.4,Dec/20/2011 14:58:02
686377,2012.REP.NOM.POWELL,Colin Powell to be Republican Presidential Nominee in 2012,16,0.4,Dec/20/2011 14:58:17
686377,2012.REP.NOM.POWELL,Colin Powell to be Republican Presidential Nominee in 2012,100,0.4,Dec/20/2011 16:01:55
686377,2012.REP.NOM.POWELL,Colin Powell to be Republican Presidential Nominee in 2012,10,0.4,Dec/20/2011 16:44:18
686377,2012.REP.NOM.POWELL,Colin Powell to be Republican Presidential Nominee in 2012,22,0.4,Dec/20/2011 16:45:37
686377,2012.REP.NOM.POWELL,Colin Powell to be Republican Presidential Nominee in 2012,20,0.4,Dec/20/2011 20:13:26
686377,2012.REP.NOM.POWELL,Colin Powell to be Republican Presidential Nominee in 2012,6,0.4,Dec/20/2011 22:10:58
686377,2012.REP.NOM.POWELL,Colin Powell to be Republican Presidential Nominee in 2012,11,0.4,Dec/20/2011 22:17:05
686377,2012.REP.NOM.POWELL,Colin Powell to be Republican Presidential Nominee in 2012,5,0.4,Dec/20/2011 23:37:44
686377,2012.REP.NOM.POWELL,Colin Powell to be Republican Presidential Nominee in 2012,5,0.4,Dec/21/2011 18:24:23
686377,2012.REP.NOM.POWELL,Colin Powell to be Republican Presidential Nominee in 2012,50,0.4,Dec/21/2011 18:26:55
686377,2012.REP.NOM.POWELL,Colin Powell to be Republican Presidential Nominee in 2012,50,0.4,Dec/21/2011 18:27:11
686377,2012.REP.NOM.POWELL,Colin Powell to be Republican Presidential Nominee in 2012,50,0.4,Dec/21/2011 18:27:22
686377,2012.REP.NOM.POWELL,Colin Powell to be Republican Presidential Nominee in 2012,17,0.4,Dec/21/2011 18:27:36
686377,2012.REP.NOM.POWELL,Colin Powell to be Republican Presidential Nominee in 2012,264,0.4,Dec/21/2011 18:54:04
686377,2012.REP.NOM.POWELL,Colin Powell to be Republican Presidential Nominee in 2012,100,0.4,Dec/22/2011 02:13:00
686377,2012.REP.NOM.POWELL,Colin Powell to be Republican Presidential Nominee in 2012,40,0.4,Dec/22/2011 02:13:42
686377,2012.REP.NOM.POWELL,Colin Powell to be Republican Presidential Nominee in 2012,30,0.4,Dec/22/2011 04:52:50
686377,2012.REP.NOM.POWELL,Colin Powell to be Republican Presidential Nominee in 2012,60,0.4,Dec/22/2011 05:14:33
686377,2012.REP.NOM.POWELL,Colin Powell to be Republican Presidential Nominee in 2012,319,0.4,Dec/22/2011 13:05:02
686377,2012.REP.NOM.POWELL,Colin Powell to be Republican Presidential Nominee in 2012,506,0.4,Dec/22/2011 15:20:06
686377,2012.REP.NOM.POWELL,Colin Powell to be Republican Presidential Nominee in 2012,3,0.4,Dec/22/2011 18:52:58
686377,2012.REP.NOM.POWELL,Colin Powell to be Republican Presidential Nominee in 2012,2,0.4,Dec/22/2011 18:53:11
686377,2012.REP.NOM.POWELL,Colin Powell to be Republican Presidential Nominee in 2012,8,0.4,Dec/22/2011 19:04:33
686377,2012.REP.NOM.POWELL,Colin Powell to be Republican Presidential Nominee in 2012,5,0.4,Dec/22/2011 19:27:00
686377,2012.REP.NOM.POWELL,Colin Powell to be Republican Presidential Nominee in 2012,1,0.4,Dec/22/2011 21:35:22
686377,2012.REP.NOM.POWELL,Colin Powell to be Republican Presidential Nominee in 2012,1,0.4,Dec/22/2011 21:35:54
686377,2012.REP.NOM.POWELL,Colin Powell to be Republican Presidential Nominee in 2012,1,0.4,Dec/22/2011 21:36:06
686377,2012.REP.NOM.POWELL,Colin Powell to be Republican Presidential Nominee in 2012,1,0.4,Dec/22/2011 21:36:17
686377,2012.REP.NOM.POWELL,Colin Powell to be Republican Presidential Nominee in 2012,3,0.4,Dec/22/2011 22:36:44
686377,2012.REP.NOM.POWELL,Colin Powell to be Republican Presidential Nominee in 2012,7,0.4,Dec/23/2011 00:14:31
686377,2012.REP.NOM.POWELL,Colin Powell to be Republican Presidential Nominee in 2012,4,0.4,Dec/23/2011 00:15:07
686377,2012.REP.NOM.POWELL,Colin Powell to be Republican Presidential Nominee in 2012,17,0.4,Dec/23/2011 00:17:26
686377,2012.REP.NOM.POWELL,Colin Powell to be Republican Presidential Nominee in 2012,250,0.4,Dec/23/2011 02:09:31
686377,2012.REP.NOM.POWELL,Colin Powell to be Republican Presidential Nominee in 2012,2,0.4,Dec/23/2011 02:10:47
686377,2012.REP.NOM.POWELL,Colin Powell to be Republican Presidential Nominee in 2012,32,0.4,Dec/23/2011 06:25:48
686377,2012.REP.NOM.POWELL,Colin Powell to be Republican Presidential Nominee in 2012,1698,0.4,Dec/23/2011 14:18:16
686377,2012.REP.NOM.POWELL,Colin Powell to be Republican Presidential Nominee in 2012,33,0.3,Dec/24/2011 21:32:29
686377,2012.REP.NOM.POWELL,Colin Powell to be Republican Presidential Nominee in 2012,6,0.2,Dec/25/2011 14:12:27
686377,2012.REP.NOM.POWELL,Colin Powell to be Republican Presidential Nominee in 2012,77,0.2,Dec/25/2011 14:12:27
686377,2012.REP.NOM.POWELL,Colin Powell to be Republican Presidential Nominee in 2012,1,0.2,Dec/25/2011 16:51:03
686377,2012.REP.NOM.POWELL,Colin Powell to be Republican Presidential Nominee in 2012,1,0.2,Dec/27/2011 23:46:18
686377,2012.REP.NOM.POWELL,Colin Powell to be Republican Presidential Nominee in 2012,6,0.2,Dec/28/2011 14:53:00
686377,2012.REP.NOM.POWELL,Colin Powell to be Republican Presidential Nominee in 2012,1,0.2,Dec/28/2011 14:53:00
686377,2012.REP.NOM.POWELL,Colin Powell to be Republican Presidential Nominee in 2012,1,0.1,Dec/28/2011 17:02:12
686377,2012.REP.NOM.POWELL,Colin Powell to be Republican Presidential Nominee in 2012,10,0.1,Dec/29/2011 18:50:49
686377,2012.REP.NOM.POWELL,Colin Powell to be Republican Presidential Nominee in 2012,20,0.1,Dec/29/2011 18:50:49
686377,2012.REP.NOM.POWELL,Colin Powell to be Republican Presidential Nominee in 2012,179,0.1,Dec/30/2011 18:26:03
686377,2012.REP.NOM.POWELL,Colin Powell to be Republican Presidential Nominee in 2012,263,0.1,Dec/30/2011 18:26:03
686377,2012.REP.NOM.POWELL,Colin Powell to be Republican Presidential Nominee in 2012,1,0.2,Dec/31/2011 21:41:48
686377,2012.REP.NOM.POWELL,Colin Powell to be Republican Presidential Nominee in 2012,3,0.2,Dec/31/2011 21:41:48
686377,2012.REP.NOM.POWELL,Colin Powell to be Republican Presidential Nominee in 2012,1,0.2,Dec/31/2011 21:41:48
686377,2012.REP.NOM.POWELL,Colin Powell to be Republican Presidential Nominee in 2012,195,0.2,Dec/31/2011 21:41:48
686377,2012.REP.NOM.POWELL,Colin Powell to be Republican Presidential Nominee in 2012,47,0.1,Dec/31/2011 22:09:54
686377,2012.REP.NOM.POWELL,Colin Powell to be Republican Presidential Nominee in 2012,53,0.1,Dec/31/2011 22:09:54
686377,2012.REP.NOM.POWELL,Colin Powell to be Republican Presidential Nominee in 2012,38,0.2,Jan/01/2012 03:44:48
686377,2012.REP.NOM.POWELL,Colin Powell to be Republican Presidential Nominee in 2012,47,0.2,Jan/01/2012 03:44:48
686377,2012.REP.NOM.POWELL,Colin Powell to be Republican Presidential Nominee in 2012,1,0.2,Jan/01/2012 03:44:48
686377,2012.REP.NOM.POWELL,Colin Powell to be Republican Presidential Nominee in 2012,96,0.2,Jan/01/2012 03:44:48
686377,2012.REP.NOM.POWELL,Colin Powell to be Republican Presidential Nominee in 2012,14,0.1,Jan/03/2012 16:34:22
686377,2012.REP.NOM.POWELL,Colin Powell to be Republican Presidential Nominee in 2012,15,0.1,Jan/03/2012 23:58:49
686377,2012.REP.NOM.POWELL,Colin Powell to be Republican Presidential Nominee in 2012,5,0.1,Jan/03/2012 23:59:23
686377,2012.REP.NOM.POWELL,Colin Powell to be Republican Presidential Nominee in 2012,10,0.1,Jan/04/2012 00:07:48
686377,2012.REP.NOM.POWELL,Colin Powell to be Republican Presidential Nominee in 2012,3,0.1,Jan/04/2012 00:09:40
686377,2012.REP.NOM.POWELL,Colin Powell to be Republican Presidential Nominee in 2012,10,0.1,Jan/04/2012 00:09:40
686377,2012.REP.NOM.POWELL,Colin Powell to be Republican Presidential Nominee in 2012,1,0.1,Jan/04/2012 00:10:29
686377,2012.REP.NOM.POWELL,Colin Powell to be Republican Presidential Nominee in 2012,4,0.1,Jan/04/2012 00:15:38
686377,2012.REP.NOM.POWELL,Colin Powell to be Republican Presidential Nominee in 2012,1,0.1,Jan/04/2012 00:15:38
686377,2012.REP.NOM.POWELL,Colin Powell to be Republican Presidential Nominee in 2012,1,0.1,Jan/04/2012 00:15:38
686377,2012.REP.NOM.POWELL,Colin Powell to be Republican Presidential Nominee in 2012,2,0.1,Jan/04/2012 00:15:38
686377,2012.REP.NOM.POWELL,Colin Powell to be Republican Presidential Nominee in 2012,100,0.1,Jan/04/2012 07:30:53
686377,2012.REP.NOM.POWELL,Colin Powell to be Republican Presidential Nominee in 2012,6,0.1,Jan/04/2012 07:31:13
686377,2012.REP.NOM.POWELL,Colin Powell to be Republican Presidential Nominee in 2012,2,0.1,Jan/04/2012 07:31:51
686377,2012.REP.NOM.POWELL,Colin Powell to be Republican Presidential Nominee in 2012,3,0.1,Jan/04/2012 07:37:56
686377,2012.REP.NOM.POWELL,Colin Powell to be Republican Presidential Nominee in 2012,39,0.1,Jan/04/2012 07:38:14
686377,2012.REP.NOM.POWELL,Colin Powell to be Republican Presidential Nominee in 2012,2,0.1,Jan/04/2012 07:41:59
686377,2012.REP.NOM.POWELL,Colin Powell to be Republican Presidential Nominee in 2012,5,0.1,Jan/04/2012 08:06:00
686377,2012.REP.NOM.POWELL,Colin Powell to be Republican Presidential Nominee in 2012,5,0.1,Jan/04/2012 12:13:39
686377,2012.REP.NOM.POWELL,Colin Powell to be Republican Presidential Nominee in 2012,56,0.1,Jan/04/2012 12:26:03
686377,2012.REP.NOM.POWELL,Colin Powell to be Republican Presidential Nominee in 2012,1,0.1,Jan/04/2012 12:53:58
686377,2012.REP.NOM.POWELL,Colin Powell to be Republican Presidential Nominee in 2012,1,0.1,Jan/04/2012 13:37:33
686377,2012.REP.NOM.POWELL,Colin Powell to be Republican Presidential Nominee in 2012,2,0.1,Jan/04/2012 14:04:28
686377,2012.REP.NOM.POWELL,Colin Powell to be Republican Presidential Nominee in 2012,56,0.1,Jan/04/2012 14:41:16
686377,2012.REP.NOM.POWELL,Colin Powell to be Republican Presidential Nominee in 2012,13,0.1,Jan/04/2012 14:41:16
686377,2012.REP.NOM.POWELL,Colin Powell to be Republican Presidential Nominee in 2012,15,0.1,Jan/04/2012 18:20:32
686377,2012.REP.NOM.POWELL,Colin Powell to be Republican Presidential Nominee in 2012,92,0.1,Jan/04/2012 18:56:43
686377,2012.REP.NOM.POWELL,Colin Powell to be Republican Presidential Nominee in 2012,150,0.1,Jan/05/2012 23:06:15
686377,2012.REP.NOM.POWELL,Colin Powell to be Republican Presidential Nominee in 2012,1,0.1,Jan/05/2012 23:06:15
686377,2012.REP.NOM.POWELL,Colin Powell to be Republican Presidential Nominee in 2012,35,0.1,Jan/05/2012 23:55:53
686377,2012.REP.NOM.POWELL,Colin Powell to be Republican Presidential Nominee in 2012,7,0.1,Jan/06/2012 04:24:49
686377,2012.REP.NOM.POWELL,Colin Powell to be Republican Presidential Nominee in 2012,113,0.1,Jan/06/2012 05:08:38
686377,2012.REP.NOM.POWELL,Colin Powell to be Republican Presidential Nominee in 2012,6,0.1,Jan/06/2012 06:48:30
686377,2012.REP.NOM.POWELL,Colin Powell to be Republican Presidential Nominee in 2012,1,0.1,Jan/06/2012 16:40:12
686377,2012.REP.NOM.POWELL,Colin Powell to be Republican Presidential Nominee in 2012,3,0.1,Jan/06/2012 16:40:28
686377,2012.REP.NOM.POWELL,Colin Powell to be Republican Presidential Nominee in 2012,1,0.1,Jan/06/2012 16:43:59
686377,2012.REP.NOM.POWELL,Colin Powell to be Republican Presidential Nominee in 2012,1,0.1,Jan/06/2012 16:46:10
686377,2012.REP.NOM.POWELL,Colin Powell to be Republican Presidential Nominee in 2012,1,0.1,Jan/06/2012 16:46:56
686377,2012.REP.NOM.POWELL,Colin Powell to be Republican Presidential Nominee in 2012,3,0.1,Jan/06/2012 16:48:12
686377,2012.REP.NOM.POWELL,Colin Powell to be Republican Presidential Nominee in 2012,1,0.1,Jan/06/2012 16:48:33
686377,2012.REP.NOM.POWELL,Colin Powell to be Republican Presidential Nominee in 2012,39,0.1,Jan/07/2012 01:09:17
686377,2012.REP.NOM.POWELL,Colin Powell to be Republican Presidential Nominee in 2012,50,0.1,Jan/07/2012 14:35:33
686377,2012.REP.NOM.POWELL,Colin Powell to be Republican Presidential Nominee in 2012,1,0.1,Jan/07/2012 22:45:57
686377,2012.REP.NOM.POWELL,Colin Powell to be Republican Presidential Nominee in 2012,1,0.1,Jan/07/2012 22:46:14
686377,2012.REP.NOM.POWELL,Colin Powell to be Republican Presidential Nominee in 2012,7,0.1,Jan/07/2012 22:48:55
686377,2012.REP.NOM.POWELL,Colin Powell to be Republican Presidential Nominee in 2012,1,0.1,Jan/08/2012 00:47:00
686377,2012.REP.NOM.POWELL,Colin Powell to be Republican Presidential Nominee in 2012,69,0.1,Jan/08/2012 04:44:07
686377,2012.REP.NOM.POWELL,Colin Powell to be Republican Presidential Nominee in 2012,50,0.1,Jan/08/2012 15:46:58
686377,2012.REP.NOM.POWELL,Colin Powell to be Republican Presidential Nominee in 2012,24,0.1,Jan/08/2012 20:22:20
686377,2012.REP.NOM.POWELL,Colin Powell to be Republican Presidential Nominee in 2012,6,0.1,Jan/08/2012 20:24:11
686377,2012.REP.NOM.POWELL,Colin Powell to be Republican Presidential Nominee in 2012,13,0.1,Jan/08/2012 20:24:32
686377,2012.REP.NOM.POWELL,Colin Powell to be Republican Presidential Nominee in 2012,9,0.1,Jan/08/2012 20:45:51
686377,2012.REP.NOM.POWELL,Colin Powell to be Republican Presidential Nominee in 2012,88,0.1,Jan/08/2012 21:01:29
686377,2012.REP.NOM.POWELL,Colin Powell to be Republican Presidential Nominee in 2012,10,0.1,Jan/08/2012 21:08:29
686377,2012.REP.NOM.POWELL,Colin Powell to be Republican Presidential Nominee in 2012,7,0.1,Jan/08/2012 21:08:49
686377,2012.REP.NOM.POWELL,Colin Powell to be Republican Presidential Nominee in 2012,12,0.1,Jan/08/2012 21:09:35
686377,2012.REP.NOM.POWELL,Colin Powell to be Republican Presidential Nominee in 2012,13,0.1,Jan/08/2012 21:23:11
686377,2012.REP.NOM.POWELL,Colin Powell to be Republican Presidential Nominee in 2012,3,0.1,Jan/08/2012 21:24:33
686377,2012.REP.NOM.POWELL,Colin Powell to be Republican Presidential Nominee in 2012,1,0.1,Jan/08/2012 21:25:00
686377,2012.REP.NOM.POWELL,Colin Powell to be Republican Presidential Nominee in 2012,94,0.1,Jan/08/2012 21:26:19
686377,2012.REP.NOM.POWELL,Colin Powell to be Republican Presidential Nominee in 2012,99,0.1,Jan/08/2012 23:56:32
686377,2012.REP.NOM.POWELL,Colin Powell to be Republican Presidential Nominee in 2012,3,0.1,Jan/09/2012 04:34:09
686377,2012.REP.NOM.POWELL,Colin Powell to be Republican Presidential Nominee in 2012,4,0.1,Jan/09/2012 04:49:11
686377,2012.REP.NOM.POWELL,Colin Powell to be Republican Presidential Nominee in 2012,1,0.1,Jan/09/2012 07:47:05
686377,2012.REP.NOM.POWELL,Colin Powell to be Republican Presidential Nominee in 2012,1,0.1,Jan/09/2012 07:47:21
686377,2012.REP.NOM.POWELL,Colin Powell to be Republican Presidential Nominee in 2012,1,0.1,Jan/09/2012 07:47:52
686377,2012.REP.NOM.POWELL,Colin Powell to be Republican Presidential Nominee in 2012,1,0.1,Jan/09/2012 07:48:07
686377,2012.REP.NOM.POWELL,Colin Powell to be Republican Presidential Nominee in 2012,1,0.1,Jan/09/2012 07:48:23
686377,2012.REP.NOM.POWELL,Colin Powell to be Republican Presidential Nominee in 2012,1,0.1,Jan/09/2012 07:48:48
686377,2012.REP.NOM.POWELL,Colin Powell to be Republican Presidential Nominee in 2012,1,0.1,Jan/09/2012 07:51:13
686377,2012.REP.NOM.POWELL,Colin Powell to be Republican Presidential Nominee in 2012,2,0.1,Jan/09/2012 07:52:42
686377,2012.REP.NOM.POWELL,Colin Powell to be Republican Presidential Nominee in 2012,2,0.1,Jan/09/2012 09:57:49
686377,2012.REP.NOM.POWELL,Colin Powell to be Republican Presidential Nominee in 2012,1,0.1,Jan/09/2012 10:02:36
686377,2012.REP.NOM.POWELL,Colin Powell to be Republican Presidential Nominee in 2012,157,0.1,Jan/09/2012 13:59:07
686377,2012.REP.NOM.POWELL,Colin Powell to be Republican Presidential Nominee in 2012,4,0.1,Jan/09/2012 15:41:53
686377,2012.REP.NOM.POWELL,Colin Powell to be Republican Presidential Nominee in 2012,71,0.1,Jan/09/2012 18:11:39
686377,2012.REP.NOM.POWELL,Colin Powell to be Republican Presidential Nominee in 2012,1,0.1,Jan/09/2012 19:53:14
686377,2012.REP.NOM.POWELL,Colin Powell to be Republican Presidential Nominee in 2012,26,0.1,Jan/09/2012 22:28:03
686377,2012.REP.NOM.POWELL,Colin Powell to be Republican Presidential Nominee in 2012,1,0.1,Jan/10/2012 00:55:49
686377,2012.REP.NOM.POWELL,Colin Powell to be Republican Presidential Nominee in 2012,60,0.1,Jan/10/2012 18:19:25
686377,2012.REP.NOM.POWELL,Colin Powell to be Republican Presidential Nominee in 2012,4,0.1,Jan/10/2012 18:19:39
686377,2012.REP.NOM.POWELL,Colin Powell to be Republican Presidential Nominee in 2012,100,0.1,Jan/10/2012 18:52:45
686377,2012.REP.NOM.POWELL,Colin Powell to be Republican Presidential Nominee in 2012,6,0.1,Jan/11/2012 03:12:02
686377,2012.REP.NOM.POWELL,Colin Powell to be Republican Presidential Nominee in 2012,12,0.1,Jan/11/2012 03:12:33
686377,2012.REP.NOM.POWELL,Colin Powell to be Republican Presidential Nominee in 2012,10,0.1,Jan/11/2012 03:12:54
686377,2012.REP.NOM.POWELL,Colin Powell to be Republican Presidential Nominee in 2012,2,0.1,Jan/11/2012 05:33:51
686377,2012.REP.NOM.POWELL,Colin Powell to be Republican Presidential Nominee in 2012,33,0.1,Jan/11/2012 17:30:38
686377,2012.REP.NOM.POWELL,Colin Powell to be Republican Presidential Nominee in 2012,18,0.1,Jan/11/2012 17:32:58
686377,2012.REP.NOM.POWELL,Colin Powell to be Republican Presidential Nominee in 2012,10,0.1,Jan/11/2012 18:01:05
