market id,market symbol,market name,trade quantity,trade price,date/time [utc]
655720,2012.REP.NOM.LIEBERMAN,Joe Lieberman to be Republican Presidential Nominee in 2012,20,0.1,Jan/21/2010 11:10:21
655720,2012.REP.NOM.LIEBERMAN,Joe Lieberman to be Republican Presidential Nominee in 2012,10,0.2,Jan/21/2010 11:10:21
655720,2012.REP.NOM.LIEBERMAN,Joe Lieberman to be Republican Presidential Nominee in 2012,10,0.2,Jan/21/2010 11:10:21
655720,2012.REP.NOM.LIEBERMAN,Joe Lieberman to be Republican Presidential Nominee in 2012,10,0.2,Jan/21/2010 15:50:39
655720,2012.REP.NOM.LIEBERMAN,Joe Lieberman to be Republican Presidential Nominee in 2012,5,0.2,Jan/21/2010 17:46:38
655720,2012.REP.NOM.LIEBERMAN,Joe Lieberman to be Republican Presidential Nominee in 2012,5,0.2,Jan/21/2010 17:46:46
655720,2012.REP.NOM.LIEBERMAN,Joe Lieberman to be Republican Presidential Nominee in 2012,1,0.1,Jan/21/2010 17:47:36
655720,2012.REP.NOM.LIEBERMAN,Joe Lieberman to be Republican Presidential Nominee in 2012,14,0.1,Jan/22/2010 06:22:11
655720,2012.REP.NOM.LIEBERMAN,Joe Lieberman to be Republican Presidential Nominee in 2012,14,0.1,Jan/22/2010 06:22:14
655720,2012.REP.NOM.LIEBERMAN,Joe Lieberman to be Republican Presidential Nominee in 2012,1,0.1,Jan/22/2010 06:22:25
655720,2012.REP.NOM.LIEBERMAN,Joe Lieberman to be Republican Presidential Nominee in 2012,3,0.1,Jan/22/2010 14:42:28
655720,2012.REP.NOM.LIEBERMAN,Joe Lieberman to be Republican Presidential Nominee in 2012,7,0.1,Jan/22/2010 15:55:56
655720,2012.REP.NOM.LIEBERMAN,Joe Lieberman to be Republican Presidential Nominee in 2012,14,0.1,Jan/25/2010 11:13:28
655720,2012.REP.NOM.LIEBERMAN,Joe Lieberman to be Republican Presidential Nominee in 2012,14,0.1,Jan/25/2010 18:33:58
655720,2012.REP.NOM.LIEBERMAN,Joe Lieberman to be Republican Presidential Nominee in 2012,4,0.1,Jan/26/2010 11:04:14
655720,2012.REP.NOM.LIEBERMAN,Joe Lieberman to be Republican Presidential Nominee in 2012,15,0.2,Feb/01/2010 17:13:14
655720,2012.REP.NOM.LIEBERMAN,Joe Lieberman to be Republican Presidential Nominee in 2012,10,0.2,Feb/03/2010 12:15:32
655720,2012.REP.NOM.LIEBERMAN,Joe Lieberman to be Republican Presidential Nominee in 2012,2,0.2,Feb/05/2010 09:58:22
655720,2012.REP.NOM.LIEBERMAN,Joe Lieberman to be Republican Presidential Nominee in 2012,1,0.2,Feb/08/2010 10:21:09
655720,2012.REP.NOM.LIEBERMAN,Joe Lieberman to be Republican Presidential Nominee in 2012,1,0.2,Feb/08/2010 10:21:17
655720,2012.REP.NOM.LIEBERMAN,Joe Lieberman to be Republican Presidential Nominee in 2012,1,0.2,Feb/08/2010 10:21:24
655720,2012.REP.NOM.LIEBERMAN,Joe Lieberman to be Republican Presidential Nominee in 2012,1,0.2,Feb/08/2010 10:21:43
655720,2012.REP.NOM.LIEBERMAN,Joe Lieberman to be Republican Presidential Nominee in 2012,1,0.2,Feb/08/2010 10:21:54
655720,2012.REP.NOM.LIEBERMAN,Joe Lieberman to be Republican Presidential Nominee in 2012,1,0.2,Feb/08/2010 10:22:02
655720,2012.REP.NOM.LIEBERMAN,Joe Lieberman to be Republican Presidential Nominee in 2012,1,0.2,Feb/08/2010 10:22:10
655720,2012.REP.NOM.LIEBERMAN,Joe Lieberman to be Republican Presidential Nominee in 2012,1,0.2,Feb/08/2010 10:22:17
655720,2012.REP.NOM.LIEBERMAN,Joe Lieberman to be Republican Presidential Nominee in 2012,1,0.2,Feb/08/2010 10:22:25
655720,2012.REP.NOM.LIEBERMAN,Joe Lieberman to be Republican Presidential Nominee in 2012,1,0.2,Feb/08/2010 10:22:33
655720,2012.REP.NOM.LIEBERMAN,Joe Lieberman to be Republican Presidential Nominee in 2012,2,0.2,Feb/08/2010 10:22:41
655720,2012.REP.NOM.LIEBERMAN,Joe Lieberman to be Republican Presidential Nominee in 2012,2,0.2,Feb/08/2010 10:22:48
655720,2012.REP.NOM.LIEBERMAN,Joe Lieberman to be Republican Presidential Nominee in 2012,1,0.2,Feb/08/2010 10:23:02
655720,2012.REP.NOM.LIEBERMAN,Joe Lieberman to be Republican Presidential Nominee in 2012,1,0.1,Feb/10/2010 09:57:10
655720,2012.REP.NOM.LIEBERMAN,Joe Lieberman to be Republican Presidential Nominee in 2012,1,0.1,Feb/10/2010 09:57:30
655720,2012.REP.NOM.LIEBERMAN,Joe Lieberman to be Republican Presidential Nominee in 2012,2,0.1,Feb/10/2010 09:57:37
655720,2012.REP.NOM.LIEBERMAN,Joe Lieberman to be Republican Presidential Nominee in 2012,1,0.1,Feb/10/2010 09:57:44
655720,2012.REP.NOM.LIEBERMAN,Joe Lieberman to be Republican Presidential Nominee in 2012,1,0.1,Feb/10/2010 09:57:49
655720,2012.REP.NOM.LIEBERMAN,Joe Lieberman to be Republican Presidential Nominee in 2012,1,0.1,Feb/10/2010 09:58:04
655720,2012.REP.NOM.LIEBERMAN,Joe Lieberman to be Republican Presidential Nominee in 2012,1,0.1,Feb/10/2010 09:58:10
655720,2012.REP.NOM.LIEBERMAN,Joe Lieberman to be Republican Presidential Nominee in 2012,1,0.1,Feb/10/2010 09:58:16
655720,2012.REP.NOM.LIEBERMAN,Joe Lieberman to be Republican Presidential Nominee in 2012,1,0.1,Feb/10/2010 09:58:21
655720,2012.REP.NOM.LIEBERMAN,Joe Lieberman to be Republican Presidential Nominee in 2012,1,0.1,Feb/10/2010 09:58:27
655720,2012.REP.NOM.LIEBERMAN,Joe Lieberman to be Republican Presidential Nominee in 2012,1,0.1,Feb/10/2010 09:58:31
655720,2012.REP.NOM.LIEBERMAN,Joe Lieberman to be Republican Presidential Nominee in 2012,1,0.1,Feb/10/2010 09:58:36
655720,2012.REP.NOM.LIEBERMAN,Joe Lieberman to be Republican Presidential Nominee in 2012,1,0.1,Feb/10/2010 09:58:41
655720,2012.REP.NOM.LIEBERMAN,Joe Lieberman to be Republican Presidential Nominee in 2012,1,0.1,Feb/10/2010 09:58:50
655720,2012.REP.NOM.LIEBERMAN,Joe Lieberman to be Republican Presidential Nominee in 2012,1,0.1,Feb/10/2010 09:58:57
655720,2012.REP.NOM.LIEBERMAN,Joe Lieberman to be Republican Presidential Nominee in 2012,1,0.1,Feb/10/2010 09:59:03
655720,2012.REP.NOM.LIEBERMAN,Joe Lieberman to be Republican Presidential Nominee in 2012,1,0.1,Feb/10/2010 09:59:13
655720,2012.REP.NOM.LIEBERMAN,Joe Lieberman to be Republican Presidential Nominee in 2012,2,0.1,Feb/10/2010 09:59:18
655720,2012.REP.NOM.LIEBERMAN,Joe Lieberman to be Republican Presidential Nominee in 2012,1,0.1,Feb/10/2010 09:59:32
655720,2012.REP.NOM.LIEBERMAN,Joe Lieberman to be Republican Presidential Nominee in 2012,2,0.1,Feb/10/2010 09:59:38
655720,2012.REP.NOM.LIEBERMAN,Joe Lieberman to be Republican Presidential Nominee in 2012,1,0.1,Feb/10/2010 09:59:44
655720,2012.REP.NOM.LIEBERMAN,Joe Lieberman to be Republican Presidential Nominee in 2012,1,0.2,Feb/14/2010 16:45:13
655720,2012.REP.NOM.LIEBERMAN,Joe Lieberman to be Republican Presidential Nominee in 2012,1,0.2,Feb/14/2010 16:45:19
655720,2012.REP.NOM.LIEBERMAN,Joe Lieberman to be Republican Presidential Nominee in 2012,1,0.2,Feb/14/2010 16:45:37
655720,2012.REP.NOM.LIEBERMAN,Joe Lieberman to be Republican Presidential Nominee in 2012,1,0.2,Feb/14/2010 16:45:45
655720,2012.REP.NOM.LIEBERMAN,Joe Lieberman to be Republican Presidential Nominee in 2012,3,0.2,Feb/15/2010 09:59:08
655720,2012.REP.NOM.LIEBERMAN,Joe Lieberman to be Republican Presidential Nominee in 2012,2,0.2,Feb/15/2010 09:59:14
655720,2012.REP.NOM.LIEBERMAN,Joe Lieberman to be Republican Presidential Nominee in 2012,3,0.2,Feb/15/2010 09:59:23
655720,2012.REP.NOM.LIEBERMAN,Joe Lieberman to be Republican Presidential Nominee in 2012,5,0.2,Feb/15/2010 09:59:28
655720,2012.REP.NOM.LIEBERMAN,Joe Lieberman to be Republican Presidential Nominee in 2012,8,0.2,Feb/15/2010 11:58:22
655720,2012.REP.NOM.LIEBERMAN,Joe Lieberman to be Republican Presidential Nominee in 2012,8,0.2,Feb/15/2010 11:58:29
655720,2012.REP.NOM.LIEBERMAN,Joe Lieberman to be Republican Presidential Nominee in 2012,11,0.2,Feb/15/2010 11:58:37
655720,2012.REP.NOM.LIEBERMAN,Joe Lieberman to be Republican Presidential Nominee in 2012,11,0.2,Feb/15/2010 11:58:42
655720,2012.REP.NOM.LIEBERMAN,Joe Lieberman to be Republican Presidential Nominee in 2012,4,0.2,Feb/15/2010 11:58:47
655720,2012.REP.NOM.LIEBERMAN,Joe Lieberman to be Republican Presidential Nominee in 2012,3,0.2,Feb/15/2010 11:58:54
655720,2012.REP.NOM.LIEBERMAN,Joe Lieberman to be Republican Presidential Nominee in 2012,2,0.2,Feb/15/2010 11:58:59
655720,2012.REP.NOM.LIEBERMAN,Joe Lieberman to be Republican Presidential Nominee in 2012,1,0.2,Feb/15/2010 11:59:04
655720,2012.REP.NOM.LIEBERMAN,Joe Lieberman to be Republican Presidential Nominee in 2012,1,0.2,Feb/15/2010 11:59:09
655720,2012.REP.NOM.LIEBERMAN,Joe Lieberman to be Republican Presidential Nominee in 2012,1,0.2,Feb/15/2010 11:59:14
655720,2012.REP.NOM.LIEBERMAN,Joe Lieberman to be Republican Presidential Nominee in 2012,1,0.2,Feb/15/2010 11:59:20
655720,2012.REP.NOM.LIEBERMAN,Joe Lieberman to be Republican Presidential Nominee in 2012,2,0.2,Feb/15/2010 11:59:27
655720,2012.REP.NOM.LIEBERMAN,Joe Lieberman to be Republican Presidential Nominee in 2012,5,0.2,Feb/15/2010 11:59:32
655720,2012.REP.NOM.LIEBERMAN,Joe Lieberman to be Republican Presidential Nominee in 2012,1,0.2,Feb/15/2010 11:59:38
655720,2012.REP.NOM.LIEBERMAN,Joe Lieberman to be Republican Presidential Nominee in 2012,1,0.2,Feb/15/2010 11:59:42
655720,2012.REP.NOM.LIEBERMAN,Joe Lieberman to be Republican Presidential Nominee in 2012,1,0.2,Feb/15/2010 11:59:47
655720,2012.REP.NOM.LIEBERMAN,Joe Lieberman to be Republican Presidential Nominee in 2012,1,0.2,Feb/15/2010 11:59:54
655720,2012.REP.NOM.LIEBERMAN,Joe Lieberman to be Republican Presidential Nominee in 2012,1,0.2,Feb/15/2010 12:00:00
655720,2012.REP.NOM.LIEBERMAN,Joe Lieberman to be Republican Presidential Nominee in 2012,2,0.2,Feb/15/2010 12:00:04
655720,2012.REP.NOM.LIEBERMAN,Joe Lieberman to be Republican Presidential Nominee in 2012,1,0.2,Feb/15/2010 12:00:11
655720,2012.REP.NOM.LIEBERMAN,Joe Lieberman to be Republican Presidential Nominee in 2012,1,0.2,Feb/17/2010 14:25:01
655720,2012.REP.NOM.LIEBERMAN,Joe Lieberman to be Republican Presidential Nominee in 2012,1,0.2,Feb/17/2010 14:25:07
655720,2012.REP.NOM.LIEBERMAN,Joe Lieberman to be Republican Presidential Nominee in 2012,1,0.2,Feb/17/2010 14:25:12
655720,2012.REP.NOM.LIEBERMAN,Joe Lieberman to be Republican Presidential Nominee in 2012,2,0.2,Feb/17/2010 14:25:18
655720,2012.REP.NOM.LIEBERMAN,Joe Lieberman to be Republican Presidential Nominee in 2012,1,0.2,Feb/19/2010 17:58:35
655720,2012.REP.NOM.LIEBERMAN,Joe Lieberman to be Republican Presidential Nominee in 2012,1,0.2,Feb/19/2010 18:00:06
655720,2012.REP.NOM.LIEBERMAN,Joe Lieberman to be Republican Presidential Nominee in 2012,1,0.2,Feb/19/2010 18:00:17
655720,2012.REP.NOM.LIEBERMAN,Joe Lieberman to be Republican Presidential Nominee in 2012,1,0.2,Feb/19/2010 18:00:25
655720,2012.REP.NOM.LIEBERMAN,Joe Lieberman to be Republican Presidential Nominee in 2012,1,0.2,Feb/19/2010 18:00:31
655720,2012.REP.NOM.LIEBERMAN,Joe Lieberman to be Republican Presidential Nominee in 2012,1,0.2,Feb/19/2010 18:00:37
655720,2012.REP.NOM.LIEBERMAN,Joe Lieberman to be Republican Presidential Nominee in 2012,1,0.2,Feb/19/2010 18:00:45
655720,2012.REP.NOM.LIEBERMAN,Joe Lieberman to be Republican Presidential Nominee in 2012,1,0.2,Feb/19/2010 18:01:08
655720,2012.REP.NOM.LIEBERMAN,Joe Lieberman to be Republican Presidential Nominee in 2012,3,0.2,Feb/19/2010 18:01:14
655720,2012.REP.NOM.LIEBERMAN,Joe Lieberman to be Republican Presidential Nominee in 2012,1,0.2,Feb/19/2010 18:01:21
655720,2012.REP.NOM.LIEBERMAN,Joe Lieberman to be Republican Presidential Nominee in 2012,1,0.1,Feb/19/2010 18:01:28
655720,2012.REP.NOM.LIEBERMAN,Joe Lieberman to be Republican Presidential Nominee in 2012,10,0.3,Feb/21/2010 14:41:16
655720,2012.REP.NOM.LIEBERMAN,Joe Lieberman to be Republican Presidential Nominee in 2012,1,0.2,Feb/24/2010 11:35:13
655720,2012.REP.NOM.LIEBERMAN,Joe Lieberman to be Republican Presidential Nominee in 2012,1,0.2,Feb/24/2010 11:35:21
655720,2012.REP.NOM.LIEBERMAN,Joe Lieberman to be Republican Presidential Nominee in 2012,1,0.2,Feb/24/2010 11:35:26
655720,2012.REP.NOM.LIEBERMAN,Joe Lieberman to be Republican Presidential Nominee in 2012,1,0.2,Feb/24/2010 11:35:33
655720,2012.REP.NOM.LIEBERMAN,Joe Lieberman to be Republican Presidential Nominee in 2012,1,0.2,Feb/24/2010 11:35:38
655720,2012.REP.NOM.LIEBERMAN,Joe Lieberman to be Republican Presidential Nominee in 2012,2,0.2,Feb/24/2010 11:35:43
655720,2012.REP.NOM.LIEBERMAN,Joe Lieberman to be Republican Presidential Nominee in 2012,1,0.2,Feb/24/2010 11:35:48
655720,2012.REP.NOM.LIEBERMAN,Joe Lieberman to be Republican Presidential Nominee in 2012,1,0.2,Feb/24/2010 11:35:53
655720,2012.REP.NOM.LIEBERMAN,Joe Lieberman to be Republican Presidential Nominee in 2012,1,0.2,Feb/24/2010 11:35:58
655720,2012.REP.NOM.LIEBERMAN,Joe Lieberman to be Republican Presidential Nominee in 2012,1,0.2,Feb/24/2010 11:36:03
655720,2012.REP.NOM.LIEBERMAN,Joe Lieberman to be Republican Presidential Nominee in 2012,1,0.2,Feb/24/2010 11:36:09
655720,2012.REP.NOM.LIEBERMAN,Joe Lieberman to be Republican Presidential Nominee in 2012,1,0.2,Feb/24/2010 11:36:15
655720,2012.REP.NOM.LIEBERMAN,Joe Lieberman to be Republican Presidential Nominee in 2012,6,0.1,Feb/24/2010 11:36:21
655720,2012.REP.NOM.LIEBERMAN,Joe Lieberman to be Republican Presidential Nominee in 2012,1,0.1,Feb/24/2010 11:36:26
655720,2012.REP.NOM.LIEBERMAN,Joe Lieberman to be Republican Presidential Nominee in 2012,1,0.1,Feb/24/2010 11:36:31
655720,2012.REP.NOM.LIEBERMAN,Joe Lieberman to be Republican Presidential Nominee in 2012,3,0.1,Feb/24/2010 11:36:38
655720,2012.REP.NOM.LIEBERMAN,Joe Lieberman to be Republican Presidential Nominee in 2012,3,0.1,Feb/24/2010 11:36:52
655720,2012.REP.NOM.LIEBERMAN,Joe Lieberman to be Republican Presidential Nominee in 2012,2,0.1,Feb/24/2010 11:37:00
655720,2012.REP.NOM.LIEBERMAN,Joe Lieberman to be Republican Presidential Nominee in 2012,1,0.1,Feb/24/2010 11:37:05
655720,2012.REP.NOM.LIEBERMAN,Joe Lieberman to be Republican Presidential Nominee in 2012,1,0.1,Feb/24/2010 11:37:10
655720,2012.REP.NOM.LIEBERMAN,Joe Lieberman to be Republican Presidential Nominee in 2012,2,0.1,Feb/24/2010 11:37:16
655720,2012.REP.NOM.LIEBERMAN,Joe Lieberman to be Republican Presidential Nominee in 2012,3,0.1,Feb/24/2010 11:37:32
655720,2012.REP.NOM.LIEBERMAN,Joe Lieberman to be Republican Presidential Nominee in 2012,4,0.1,Feb/24/2010 11:37:38
655720,2012.REP.NOM.LIEBERMAN,Joe Lieberman to be Republican Presidential Nominee in 2012,1,0.1,Feb/24/2010 11:37:44
655720,2012.REP.NOM.LIEBERMAN,Joe Lieberman to be Republican Presidential Nominee in 2012,1,0.1,Feb/24/2010 11:37:51
655720,2012.REP.NOM.LIEBERMAN,Joe Lieberman to be Republican Presidential Nominee in 2012,3,0.1,Feb/24/2010 11:38:07
655720,2012.REP.NOM.LIEBERMAN,Joe Lieberman to be Republican Presidential Nominee in 2012,4,0.1,Feb/24/2010 11:38:15
655720,2012.REP.NOM.LIEBERMAN,Joe Lieberman to be Republican Presidential Nominee in 2012,1,0.1,Feb/24/2010 16:58:16
655720,2012.REP.NOM.LIEBERMAN,Joe Lieberman to be Republican Presidential Nominee in 2012,2,0.1,Feb/24/2010 16:58:51
655720,2012.REP.NOM.LIEBERMAN,Joe Lieberman to be Republican Presidential Nominee in 2012,2,0.1,Feb/24/2010 16:59:06
655720,2012.REP.NOM.LIEBERMAN,Joe Lieberman to be Republican Presidential Nominee in 2012,1,0.1,Mar/01/2010 06:00:50
655720,2012.REP.NOM.LIEBERMAN,Joe Lieberman to be Republican Presidential Nominee in 2012,1,0.1,Mar/01/2010 06:00:55
655720,2012.REP.NOM.LIEBERMAN,Joe Lieberman to be Republican Presidential Nominee in 2012,1,0.1,Mar/01/2010 06:02:22
655720,2012.REP.NOM.LIEBERMAN,Joe Lieberman to be Republican Presidential Nominee in 2012,1,0.1,Mar/01/2010 06:02:28
655720,2012.REP.NOM.LIEBERMAN,Joe Lieberman to be Republican Presidential Nominee in 2012,1,0.1,Mar/01/2010 06:02:34
655720,2012.REP.NOM.LIEBERMAN,Joe Lieberman to be Republican Presidential Nominee in 2012,1,0.1,Mar/01/2010 06:02:43
655720,2012.REP.NOM.LIEBERMAN,Joe Lieberman to be Republican Presidential Nominee in 2012,1,0.1,Mar/01/2010 06:02:49
655720,2012.REP.NOM.LIEBERMAN,Joe Lieberman to be Republican Presidential Nominee in 2012,1,0.1,Mar/04/2010 07:34:23
655720,2012.REP.NOM.LIEBERMAN,Joe Lieberman to be Republican Presidential Nominee in 2012,1,0.1,Mar/04/2010 07:35:27
655720,2012.REP.NOM.LIEBERMAN,Joe Lieberman to be Republican Presidential Nominee in 2012,1,0.1,Mar/04/2010 07:35:34
655720,2012.REP.NOM.LIEBERMAN,Joe Lieberman to be Republican Presidential Nominee in 2012,1,0.1,Mar/04/2010 07:35:40
655720,2012.REP.NOM.LIEBERMAN,Joe Lieberman to be Republican Presidential Nominee in 2012,1,0.1,Mar/04/2010 07:36:01
655720,2012.REP.NOM.LIEBERMAN,Joe Lieberman to be Republican Presidential Nominee in 2012,1,0.1,Mar/04/2010 07:36:06
655720,2012.REP.NOM.LIEBERMAN,Joe Lieberman to be Republican Presidential Nominee in 2012,1,0.1,Mar/04/2010 07:36:12
655720,2012.REP.NOM.LIEBERMAN,Joe Lieberman to be Republican Presidential Nominee in 2012,1,0.1,Mar/04/2010 07:36:19
655720,2012.REP.NOM.LIEBERMAN,Joe Lieberman to be Republican Presidential Nominee in 2012,2,0.1,Mar/04/2010 07:36:26
655720,2012.REP.NOM.LIEBERMAN,Joe Lieberman to be Republican Presidential Nominee in 2012,2,0.1,Mar/04/2010 07:36:32
655720,2012.REP.NOM.LIEBERMAN,Joe Lieberman to be Republican Presidential Nominee in 2012,1,0.1,Mar/04/2010 07:36:44
655720,2012.REP.NOM.LIEBERMAN,Joe Lieberman to be Republican Presidential Nominee in 2012,1,0.1,Mar/04/2010 07:36:49
655720,2012.REP.NOM.LIEBERMAN,Joe Lieberman to be Republican Presidential Nominee in 2012,2,0.1,Mar/04/2010 07:36:55
655720,2012.REP.NOM.LIEBERMAN,Joe Lieberman to be Republican Presidential Nominee in 2012,1,0.1,Mar/04/2010 07:37:02
655720,2012.REP.NOM.LIEBERMAN,Joe Lieberman to be Republican Presidential Nominee in 2012,3,0.1,Mar/04/2010 07:37:10
655720,2012.REP.NOM.LIEBERMAN,Joe Lieberman to be Republican Presidential Nominee in 2012,2,0.1,Mar/04/2010 07:37:16
655720,2012.REP.NOM.LIEBERMAN,Joe Lieberman to be Republican Presidential Nominee in 2012,2,0.1,Mar/04/2010 07:37:22
655720,2012.REP.NOM.LIEBERMAN,Joe Lieberman to be Republican Presidential Nominee in 2012,1,0.1,Mar/04/2010 07:37:28
655720,2012.REP.NOM.LIEBERMAN,Joe Lieberman to be Republican Presidential Nominee in 2012,1,0.1,Mar/04/2010 07:37:35
655720,2012.REP.NOM.LIEBERMAN,Joe Lieberman to be Republican Presidential Nominee in 2012,1,0.1,Mar/04/2010 07:37:43
655720,2012.REP.NOM.LIEBERMAN,Joe Lieberman to be Republican Presidential Nominee in 2012,1,0.1,Mar/04/2010 07:37:49
655720,2012.REP.NOM.LIEBERMAN,Joe Lieberman to be Republican Presidential Nominee in 2012,2,0.1,Mar/04/2010 07:37:54
655720,2012.REP.NOM.LIEBERMAN,Joe Lieberman to be Republican Presidential Nominee in 2012,2,0.1,Mar/04/2010 07:38:00
655720,2012.REP.NOM.LIEBERMAN,Joe Lieberman to be Republican Presidential Nominee in 2012,3,0.1,Mar/04/2010 07:38:10
655720,2012.REP.NOM.LIEBERMAN,Joe Lieberman to be Republican Presidential Nominee in 2012,2,0.1,Mar/04/2010 07:38:20
655720,2012.REP.NOM.LIEBERMAN,Joe Lieberman to be Republican Presidential Nominee in 2012,2,0.1,Mar/04/2010 07:38:26
655720,2012.REP.NOM.LIEBERMAN,Joe Lieberman to be Republican Presidential Nominee in 2012,2,0.1,Mar/04/2010 07:38:37
655720,2012.REP.NOM.LIEBERMAN,Joe Lieberman to be Republican Presidential Nominee in 2012,2,0.1,Mar/04/2010 07:38:44
655720,2012.REP.NOM.LIEBERMAN,Joe Lieberman to be Republican Presidential Nominee in 2012,2,0.1,Mar/04/2010 07:38:49
655720,2012.REP.NOM.LIEBERMAN,Joe Lieberman to be Republican Presidential Nominee in 2012,2,0.1,Mar/04/2010 07:38:56
655720,2012.REP.NOM.LIEBERMAN,Joe Lieberman to be Republican Presidential Nominee in 2012,1,0.1,Mar/04/2010 07:39:04
655720,2012.REP.NOM.LIEBERMAN,Joe Lieberman to be Republican Presidential Nominee in 2012,1,0.1,Mar/05/2010 14:51:16
655720,2012.REP.NOM.LIEBERMAN,Joe Lieberman to be Republican Presidential Nominee in 2012,1,0.1,Mar/05/2010 14:51:23
655720,2012.REP.NOM.LIEBERMAN,Joe Lieberman to be Republican Presidential Nominee in 2012,2,0.1,Mar/05/2010 14:51:27
655720,2012.REP.NOM.LIEBERMAN,Joe Lieberman to be Republican Presidential Nominee in 2012,3,0.1,Mar/05/2010 14:51:33
655720,2012.REP.NOM.LIEBERMAN,Joe Lieberman to be Republican Presidential Nominee in 2012,1,0.1,Mar/05/2010 14:51:39
655720,2012.REP.NOM.LIEBERMAN,Joe Lieberman to be Republican Presidential Nominee in 2012,1,0.1,Mar/05/2010 14:51:45
655720,2012.REP.NOM.LIEBERMAN,Joe Lieberman to be Republican Presidential Nominee in 2012,1,0.1,Mar/05/2010 14:51:50
655720,2012.REP.NOM.LIEBERMAN,Joe Lieberman to be Republican Presidential Nominee in 2012,1,0.1,Mar/05/2010 14:51:57
655720,2012.REP.NOM.LIEBERMAN,Joe Lieberman to be Republican Presidential Nominee in 2012,1,0.1,Mar/05/2010 14:52:03
655720,2012.REP.NOM.LIEBERMAN,Joe Lieberman to be Republican Presidential Nominee in 2012,1,0.1,Mar/05/2010 14:52:09
655720,2012.REP.NOM.LIEBERMAN,Joe Lieberman to be Republican Presidential Nominee in 2012,1,0.1,Mar/05/2010 14:52:14
655720,2012.REP.NOM.LIEBERMAN,Joe Lieberman to be Republican Presidential Nominee in 2012,1,0.1,Mar/05/2010 14:52:21
655720,2012.REP.NOM.LIEBERMAN,Joe Lieberman to be Republican Presidential Nominee in 2012,2,0.1,Mar/05/2010 14:52:26
655720,2012.REP.NOM.LIEBERMAN,Joe Lieberman to be Republican Presidential Nominee in 2012,1,0.1,Mar/05/2010 14:52:31
655720,2012.REP.NOM.LIEBERMAN,Joe Lieberman to be Republican Presidential Nominee in 2012,1,0.1,Mar/05/2010 14:52:37
655720,2012.REP.NOM.LIEBERMAN,Joe Lieberman to be Republican Presidential Nominee in 2012,2,0.1,Mar/05/2010 14:52:42
655720,2012.REP.NOM.LIEBERMAN,Joe Lieberman to be Republican Presidential Nominee in 2012,1,0.1,Mar/08/2010 05:45:28
655720,2012.REP.NOM.LIEBERMAN,Joe Lieberman to be Republican Presidential Nominee in 2012,1,0.1,Mar/08/2010 05:45:33
655720,2012.REP.NOM.LIEBERMAN,Joe Lieberman to be Republican Presidential Nominee in 2012,1,0.1,Mar/08/2010 05:45:38
655720,2012.REP.NOM.LIEBERMAN,Joe Lieberman to be Republican Presidential Nominee in 2012,1,0.1,Mar/08/2010 05:45:45
655720,2012.REP.NOM.LIEBERMAN,Joe Lieberman to be Republican Presidential Nominee in 2012,1,0.1,Mar/08/2010 05:45:49
655720,2012.REP.NOM.LIEBERMAN,Joe Lieberman to be Republican Presidential Nominee in 2012,1,0.1,Mar/08/2010 05:45:53
655720,2012.REP.NOM.LIEBERMAN,Joe Lieberman to be Republican Presidential Nominee in 2012,1,0.1,Mar/08/2010 05:46:13
655720,2012.REP.NOM.LIEBERMAN,Joe Lieberman to be Republican Presidential Nominee in 2012,2,0.1,Mar/08/2010 05:46:22
655720,2012.REP.NOM.LIEBERMAN,Joe Lieberman to be Republican Presidential Nominee in 2012,1,0.1,Mar/08/2010 05:46:30
655720,2012.REP.NOM.LIEBERMAN,Joe Lieberman to be Republican Presidential Nominee in 2012,1,0.1,Mar/08/2010 05:46:49
655720,2012.REP.NOM.LIEBERMAN,Joe Lieberman to be Republican Presidential Nominee in 2012,1,0.1,Mar/08/2010 05:46:54
655720,2012.REP.NOM.LIEBERMAN,Joe Lieberman to be Republican Presidential Nominee in 2012,1,0.1,Mar/08/2010 05:46:59
655720,2012.REP.NOM.LIEBERMAN,Joe Lieberman to be Republican Presidential Nominee in 2012,1,0.1,Mar/08/2010 05:47:03
655720,2012.REP.NOM.LIEBERMAN,Joe Lieberman to be Republican Presidential Nominee in 2012,1,0.1,Mar/08/2010 05:47:16
655720,2012.REP.NOM.LIEBERMAN,Joe Lieberman to be Republican Presidential Nominee in 2012,1,0.1,Mar/08/2010 05:47:25
655720,2012.REP.NOM.LIEBERMAN,Joe Lieberman to be Republican Presidential Nominee in 2012,1,0.1,Mar/08/2010 05:47:30
655720,2012.REP.NOM.LIEBERMAN,Joe Lieberman to be Republican Presidential Nominee in 2012,1,0.1,Mar/08/2010 05:47:38
655720,2012.REP.NOM.LIEBERMAN,Joe Lieberman to be Republican Presidential Nominee in 2012,1,0.1,Mar/08/2010 05:47:44
655720,2012.REP.NOM.LIEBERMAN,Joe Lieberman to be Republican Presidential Nominee in 2012,4,0.1,Mar/08/2010 05:47:50
655720,2012.REP.NOM.LIEBERMAN,Joe Lieberman to be Republican Presidential Nominee in 2012,1,0.1,Mar/08/2010 05:48:11
655720,2012.REP.NOM.LIEBERMAN,Joe Lieberman to be Republican Presidential Nominee in 2012,1,0.1,Mar/08/2010 05:48:19
655720,2012.REP.NOM.LIEBERMAN,Joe Lieberman to be Republican Presidential Nominee in 2012,5,0.1,Mar/08/2010 05:48:26
655720,2012.REP.NOM.LIEBERMAN,Joe Lieberman to be Republican Presidential Nominee in 2012,4,0.1,Mar/08/2010 05:48:38
655720,2012.REP.NOM.LIEBERMAN,Joe Lieberman to be Republican Presidential Nominee in 2012,1,0.1,Mar/08/2010 05:48:48
655720,2012.REP.NOM.LIEBERMAN,Joe Lieberman to be Republican Presidential Nominee in 2012,1,0.1,Mar/08/2010 05:48:56
655720,2012.REP.NOM.LIEBERMAN,Joe Lieberman to be Republican Presidential Nominee in 2012,1,0.1,Mar/08/2010 05:49:04
655720,2012.REP.NOM.LIEBERMAN,Joe Lieberman to be Republican Presidential Nominee in 2012,1,0.1,Mar/08/2010 05:49:13
655720,2012.REP.NOM.LIEBERMAN,Joe Lieberman to be Republican Presidential Nominee in 2012,1,0.1,Mar/08/2010 05:49:22
655720,2012.REP.NOM.LIEBERMAN,Joe Lieberman to be Republican Presidential Nominee in 2012,1,0.2,Mar/10/2010 07:41:54
655720,2012.REP.NOM.LIEBERMAN,Joe Lieberman to be Republican Presidential Nominee in 2012,1,0.2,Mar/10/2010 07:42:02
655720,2012.REP.NOM.LIEBERMAN,Joe Lieberman to be Republican Presidential Nominee in 2012,1,0.2,Mar/10/2010 07:42:09
655720,2012.REP.NOM.LIEBERMAN,Joe Lieberman to be Republican Presidential Nominee in 2012,3,0.2,Mar/10/2010 07:42:14
655720,2012.REP.NOM.LIEBERMAN,Joe Lieberman to be Republican Presidential Nominee in 2012,1,0.2,Mar/10/2010 07:42:39
655720,2012.REP.NOM.LIEBERMAN,Joe Lieberman to be Republican Presidential Nominee in 2012,2,0.2,Mar/10/2010 07:42:48
655720,2012.REP.NOM.LIEBERMAN,Joe Lieberman to be Republican Presidential Nominee in 2012,1,0.2,Mar/10/2010 07:42:54
655720,2012.REP.NOM.LIEBERMAN,Joe Lieberman to be Republican Presidential Nominee in 2012,1,0.1,Mar/23/2010 06:56:34
655720,2012.REP.NOM.LIEBERMAN,Joe Lieberman to be Republican Presidential Nominee in 2012,1,0.1,Mar/23/2010 06:56:42
655720,2012.REP.NOM.LIEBERMAN,Joe Lieberman to be Republican Presidential Nominee in 2012,1,0.1,Mar/23/2010 06:56:50
655720,2012.REP.NOM.LIEBERMAN,Joe Lieberman to be Republican Presidential Nominee in 2012,1,0.1,Mar/23/2010 06:57:12
655720,2012.REP.NOM.LIEBERMAN,Joe Lieberman to be Republican Presidential Nominee in 2012,1,0.1,Mar/23/2010 06:57:21
655720,2012.REP.NOM.LIEBERMAN,Joe Lieberman to be Republican Presidential Nominee in 2012,3,0.1,Mar/23/2010 06:57:31
655720,2012.REP.NOM.LIEBERMAN,Joe Lieberman to be Republican Presidential Nominee in 2012,1,0.1,Mar/23/2010 06:57:45
655720,2012.REP.NOM.LIEBERMAN,Joe Lieberman to be Republican Presidential Nominee in 2012,1,0.1,Mar/23/2010 06:57:51
655720,2012.REP.NOM.LIEBERMAN,Joe Lieberman to be Republican Presidential Nominee in 2012,1,0.1,Mar/23/2010 06:58:04
655720,2012.REP.NOM.LIEBERMAN,Joe Lieberman to be Republican Presidential Nominee in 2012,1,0.1,Mar/23/2010 06:58:17
655720,2012.REP.NOM.LIEBERMAN,Joe Lieberman to be Republican Presidential Nominee in 2012,1,0.1,Mar/23/2010 06:58:25
655720,2012.REP.NOM.LIEBERMAN,Joe Lieberman to be Republican Presidential Nominee in 2012,1,0.1,Mar/23/2010 06:58:32
655720,2012.REP.NOM.LIEBERMAN,Joe Lieberman to be Republican Presidential Nominee in 2012,1,0.1,Mar/23/2010 06:58:39
655720,2012.REP.NOM.LIEBERMAN,Joe Lieberman to be Republican Presidential Nominee in 2012,1,0.1,Mar/23/2010 06:58:47
655720,2012.REP.NOM.LIEBERMAN,Joe Lieberman to be Republican Presidential Nominee in 2012,4,0.1,Mar/23/2010 06:58:55
655720,2012.REP.NOM.LIEBERMAN,Joe Lieberman to be Republican Presidential Nominee in 2012,2,0.1,Mar/23/2010 06:59:03
655720,2012.REP.NOM.LIEBERMAN,Joe Lieberman to be Republican Presidential Nominee in 2012,1,0.1,Mar/25/2010 22:40:56
655720,2012.REP.NOM.LIEBERMAN,Joe Lieberman to be Republican Presidential Nominee in 2012,1,0.1,Mar/25/2010 22:41:01
655720,2012.REP.NOM.LIEBERMAN,Joe Lieberman to be Republican Presidential Nominee in 2012,3,0.1,Mar/25/2010 22:41:19
655720,2012.REP.NOM.LIEBERMAN,Joe Lieberman to be Republican Presidential Nominee in 2012,2,0.1,Mar/25/2010 22:41:27
655720,2012.REP.NOM.LIEBERMAN,Joe Lieberman to be Republican Presidential Nominee in 2012,1,0.1,Mar/25/2010 22:41:34
655720,2012.REP.NOM.LIEBERMAN,Joe Lieberman to be Republican Presidential Nominee in 2012,2,0.1,Mar/25/2010 22:41:40
655720,2012.REP.NOM.LIEBERMAN,Joe Lieberman to be Republican Presidential Nominee in 2012,1,0.1,Mar/25/2010 22:42:05
655720,2012.REP.NOM.LIEBERMAN,Joe Lieberman to be Republican Presidential Nominee in 2012,2,0.1,Mar/25/2010 22:42:12
655720,2012.REP.NOM.LIEBERMAN,Joe Lieberman to be Republican Presidential Nominee in 2012,2,0.1,Mar/25/2010 22:42:18
655720,2012.REP.NOM.LIEBERMAN,Joe Lieberman to be Republican Presidential Nominee in 2012,1,0.1,Mar/25/2010 22:42:26
655720,2012.REP.NOM.LIEBERMAN,Joe Lieberman to be Republican Presidential Nominee in 2012,1,0.1,Mar/25/2010 22:42:33
655720,2012.REP.NOM.LIEBERMAN,Joe Lieberman to be Republican Presidential Nominee in 2012,1,0.1,Mar/25/2010 22:42:40
655720,2012.REP.NOM.LIEBERMAN,Joe Lieberman to be Republican Presidential Nominee in 2012,1,0.1,Mar/25/2010 22:42:47
655720,2012.REP.NOM.LIEBERMAN,Joe Lieberman to be Republican Presidential Nominee in 2012,1,0.1,Mar/25/2010 22:42:55
655720,2012.REP.NOM.LIEBERMAN,Joe Lieberman to be Republican Presidential Nominee in 2012,1,0.1,Mar/25/2010 22:43:02
655720,2012.REP.NOM.LIEBERMAN,Joe Lieberman to be Republican Presidential Nominee in 2012,1,0.1,Mar/25/2010 22:43:09
655720,2012.REP.NOM.LIEBERMAN,Joe Lieberman to be Republican Presidential Nominee in 2012,1,0.1,Mar/25/2010 22:43:16
655720,2012.REP.NOM.LIEBERMAN,Joe Lieberman to be Republican Presidential Nominee in 2012,1,0.1,Mar/25/2010 22:43:24
655720,2012.REP.NOM.LIEBERMAN,Joe Lieberman to be Republican Presidential Nominee in 2012,1,0.1,Mar/25/2010 22:43:31
655720,2012.REP.NOM.LIEBERMAN,Joe Lieberman to be Republican Presidential Nominee in 2012,1,0.1,Mar/25/2010 22:43:39
655720,2012.REP.NOM.LIEBERMAN,Joe Lieberman to be Republican Presidential Nominee in 2012,1,0.1,Mar/25/2010 22:43:47
655720,2012.REP.NOM.LIEBERMAN,Joe Lieberman to be Republican Presidential Nominee in 2012,1,0.1,May/17/2010 10:08:12
655720,2012.REP.NOM.LIEBERMAN,Joe Lieberman to be Republican Presidential Nominee in 2012,1,0.1,May/17/2010 10:09:33
655720,2012.REP.NOM.LIEBERMAN,Joe Lieberman to be Republican Presidential Nominee in 2012,1,0.1,May/17/2010 10:09:40
655720,2012.REP.NOM.LIEBERMAN,Joe Lieberman to be Republican Presidential Nominee in 2012,1,0.1,May/17/2010 10:10:09
655720,2012.REP.NOM.LIEBERMAN,Joe Lieberman to be Republican Presidential Nominee in 2012,1,0.1,May/17/2010 10:10:24
655720,2012.REP.NOM.LIEBERMAN,Joe Lieberman to be Republican Presidential Nominee in 2012,1,0.1,May/17/2010 10:10:36
655720,2012.REP.NOM.LIEBERMAN,Joe Lieberman to be Republican Presidential Nominee in 2012,1,0.1,May/17/2010 10:10:45
655720,2012.REP.NOM.LIEBERMAN,Joe Lieberman to be Republican Presidential Nominee in 2012,1,0.1,May/17/2010 10:10:57
655720,2012.REP.NOM.LIEBERMAN,Joe Lieberman to be Republican Presidential Nominee in 2012,1,0.1,May/17/2010 10:11:07
655720,2012.REP.NOM.LIEBERMAN,Joe Lieberman to be Republican Presidential Nominee in 2012,2,0.1,May/17/2010 10:11:15
655720,2012.REP.NOM.LIEBERMAN,Joe Lieberman to be Republican Presidential Nominee in 2012,1,0.1,May/17/2010 10:11:24
655720,2012.REP.NOM.LIEBERMAN,Joe Lieberman to be Republican Presidential Nominee in 2012,1,0.1,May/17/2010 10:11:33
655720,2012.REP.NOM.LIEBERMAN,Joe Lieberman to be Republican Presidential Nominee in 2012,1,0.1,May/17/2010 10:11:42
655720,2012.REP.NOM.LIEBERMAN,Joe Lieberman to be Republican Presidential Nominee in 2012,3,0.1,May/17/2010 10:11:51
655720,2012.REP.NOM.LIEBERMAN,Joe Lieberman to be Republican Presidential Nominee in 2012,1,0.1,May/17/2010 10:12:45
655720,2012.REP.NOM.LIEBERMAN,Joe Lieberman to be Republican Presidential Nominee in 2012,1,0.1,May/17/2010 10:13:03
655720,2012.REP.NOM.LIEBERMAN,Joe Lieberman to be Republican Presidential Nominee in 2012,1,0.1,May/17/2010 10:13:16
655720,2012.REP.NOM.LIEBERMAN,Joe Lieberman to be Republican Presidential Nominee in 2012,1,0.1,May/17/2010 10:13:26
655720,2012.REP.NOM.LIEBERMAN,Joe Lieberman to be Republican Presidential Nominee in 2012,1,0.1,May/17/2010 10:13:31
655720,2012.REP.NOM.LIEBERMAN,Joe Lieberman to be Republican Presidential Nominee in 2012,1,0.1,May/17/2010 10:13:36
655720,2012.REP.NOM.LIEBERMAN,Joe Lieberman to be Republican Presidential Nominee in 2012,1,0.1,May/17/2010 10:13:41
655720,2012.REP.NOM.LIEBERMAN,Joe Lieberman to be Republican Presidential Nominee in 2012,1,0.1,May/17/2010 10:13:53
655720,2012.REP.NOM.LIEBERMAN,Joe Lieberman to be Republican Presidential Nominee in 2012,1,0.1,May/17/2010 10:14:04
655720,2012.REP.NOM.LIEBERMAN,Joe Lieberman to be Republican Presidential Nominee in 2012,1,0.1,May/17/2010 10:14:13
655720,2012.REP.NOM.LIEBERMAN,Joe Lieberman to be Republican Presidential Nominee in 2012,2,0.1,May/17/2010 10:14:23
655720,2012.REP.NOM.LIEBERMAN,Joe Lieberman to be Republican Presidential Nominee in 2012,1,0.1,May/17/2010 10:14:30
655720,2012.REP.NOM.LIEBERMAN,Joe Lieberman to be Republican Presidential Nominee in 2012,1,0.1,May/17/2010 10:14:41
655720,2012.REP.NOM.LIEBERMAN,Joe Lieberman to be Republican Presidential Nominee in 2012,1,0.1,May/17/2010 10:14:50
655720,2012.REP.NOM.LIEBERMAN,Joe Lieberman to be Republican Presidential Nominee in 2012,2,0.1,May/17/2010 10:14:59
655720,2012.REP.NOM.LIEBERMAN,Joe Lieberman to be Republican Presidential Nominee in 2012,1,0.1,May/17/2010 10:15:09
655720,2012.REP.NOM.LIEBERMAN,Joe Lieberman to be Republican Presidential Nominee in 2012,1,0.1,May/17/2010 10:15:17
655720,2012.REP.NOM.LIEBERMAN,Joe Lieberman to be Republican Presidential Nominee in 2012,1,0.1,May/17/2010 10:15:27
655720,2012.REP.NOM.LIEBERMAN,Joe Lieberman to be Republican Presidential Nominee in 2012,1,0.1,May/17/2010 10:15:38
655720,2012.REP.NOM.LIEBERMAN,Joe Lieberman to be Republican Presidential Nominee in 2012,1,0.1,May/17/2010 10:15:48
655720,2012.REP.NOM.LIEBERMAN,Joe Lieberman to be Republican Presidential Nominee in 2012,10,0.2,May/27/2010 11:27:07
655720,2012.REP.NOM.LIEBERMAN,Joe Lieberman to be Republican Presidential Nominee in 2012,40,0.1,May/27/2010 11:27:07
655720,2012.REP.NOM.LIEBERMAN,Joe Lieberman to be Republican Presidential Nominee in 2012,24,0.1,May/28/2010 12:32:47
655720,2012.REP.NOM.LIEBERMAN,Joe Lieberman to be Republican Presidential Nominee in 2012,20,0.1,Jun/01/2010 17:35:51
655720,2012.REP.NOM.LIEBERMAN,Joe Lieberman to be Republican Presidential Nominee in 2012,4,0.1,Jun/01/2010 20:39:59
655720,2012.REP.NOM.LIEBERMAN,Joe Lieberman to be Republican Presidential Nominee in 2012,1,0.1,Jun/02/2010 10:26:01
655720,2012.REP.NOM.LIEBERMAN,Joe Lieberman to be Republican Presidential Nominee in 2012,5,0.1,Jun/03/2010 12:27:36
655720,2012.REP.NOM.LIEBERMAN,Joe Lieberman to be Republican Presidential Nominee in 2012,2,0.1,Jun/03/2010 20:17:06
655720,2012.REP.NOM.LIEBERMAN,Joe Lieberman to be Republican Presidential Nominee in 2012,31,0.1,Jun/04/2010 10:36:03
655720,2012.REP.NOM.LIEBERMAN,Joe Lieberman to be Republican Presidential Nominee in 2012,20,0.1,Jun/04/2010 21:46:22
655720,2012.REP.NOM.LIEBERMAN,Joe Lieberman to be Republican Presidential Nominee in 2012,20,0.1,Jun/04/2010 22:55:46
655720,2012.REP.NOM.LIEBERMAN,Joe Lieberman to be Republican Presidential Nominee in 2012,8,0.1,Jun/09/2010 20:22:32
655720,2012.REP.NOM.LIEBERMAN,Joe Lieberman to be Republican Presidential Nominee in 2012,1,0.1,Jun/11/2010 09:56:15
655720,2012.REP.NOM.LIEBERMAN,Joe Lieberman to be Republican Presidential Nominee in 2012,22,0.1,Jun/29/2010 10:47:22
655720,2012.REP.NOM.LIEBERMAN,Joe Lieberman to be Republican Presidential Nominee in 2012,8,0.1,Jun/29/2010 10:47:41
655720,2012.REP.NOM.LIEBERMAN,Joe Lieberman to be Republican Presidential Nominee in 2012,67,0.1,Jul/12/2010 06:43:04
655720,2012.REP.NOM.LIEBERMAN,Joe Lieberman to be Republican Presidential Nominee in 2012,18,0.1,Jul/12/2010 21:16:43
655720,2012.REP.NOM.LIEBERMAN,Joe Lieberman to be Republican Presidential Nominee in 2012,3,0.1,Jul/12/2010 21:16:54
655720,2012.REP.NOM.LIEBERMAN,Joe Lieberman to be Republican Presidential Nominee in 2012,2,0.1,Jul/13/2010 05:45:27
655720,2012.REP.NOM.LIEBERMAN,Joe Lieberman to be Republican Presidential Nominee in 2012,39,0.1,Jul/13/2010 19:28:18
655720,2012.REP.NOM.LIEBERMAN,Joe Lieberman to be Republican Presidential Nominee in 2012,100,0.1,Jul/17/2010 19:13:30
655720,2012.REP.NOM.LIEBERMAN,Joe Lieberman to be Republican Presidential Nominee in 2012,10,0.1,Nov/05/2010 17:48:57
655720,2012.REP.NOM.LIEBERMAN,Joe Lieberman to be Republican Presidential Nominee in 2012,61,0.1,Nov/05/2010 17:48:57
655720,2012.REP.NOM.LIEBERMAN,Joe Lieberman to be Republican Presidential Nominee in 2012,78,0.1,Nov/05/2010 17:50:56
655720,2012.REP.NOM.LIEBERMAN,Joe Lieberman to be Republican Presidential Nominee in 2012,9,0.1,Nov/05/2010 17:53:39
655720,2012.REP.NOM.LIEBERMAN,Joe Lieberman to be Republican Presidential Nominee in 2012,2,0.1,Nov/05/2010 18:00:37
655720,2012.REP.NOM.LIEBERMAN,Joe Lieberman to be Republican Presidential Nominee in 2012,20,0.1,Feb/01/2011 19:14:02
655720,2012.REP.NOM.LIEBERMAN,Joe Lieberman to be Republican Presidential Nominee in 2012,100,0.1,Feb/15/2011 02:21:49
655720,2012.REP.NOM.LIEBERMAN,Joe Lieberman to be Republican Presidential Nominee in 2012,20,0.1,Feb/20/2011 19:03:26
655720,2012.REP.NOM.LIEBERMAN,Joe Lieberman to be Republican Presidential Nominee in 2012,3,0.1,Mar/03/2011 02:31:42
655720,2012.REP.NOM.LIEBERMAN,Joe Lieberman to be Republican Presidential Nominee in 2012,1,0.1,Jun/16/2011 01:06:45
655720,2012.REP.NOM.LIEBERMAN,Joe Lieberman to be Republican Presidential Nominee in 2012,1,0.1,Jun/16/2011 01:27:13
655720,2012.REP.NOM.LIEBERMAN,Joe Lieberman to be Republican Presidential Nominee in 2012,20,0.1,Jul/04/2011 01:49:51
655720,2012.REP.NOM.LIEBERMAN,Joe Lieberman to be Republican Presidential Nominee in 2012,5,0.1,Nov/27/2011 21:48:26
655720,2012.REP.NOM.LIEBERMAN,Joe Lieberman to be Republican Presidential Nominee in 2012,32,0.1,Jan/21/2012 18:20:56
655720,2012.REP.NOM.LIEBERMAN,Joe Lieberman to be Republican Presidential Nominee in 2012,65,0.1,Jan/21/2012 18:20:56
655720,2012.REP.NOM.LIEBERMAN,Joe Lieberman to be Republican Presidential Nominee in 2012,5,0.1,Jan/21/2012 18:20:56
655720,2012.REP.NOM.LIEBERMAN,Joe Lieberman to be Republican Presidential Nominee in 2012,32,0.1,Jan/21/2012 18:20:56
655720,2012.REP.NOM.LIEBERMAN,Joe Lieberman to be Republican Presidential Nominee in 2012,366,0.1,Jan/21/2012 18:20:56
655720,2012.REP.NOM.LIEBERMAN,Joe Lieberman to be Republican Presidential Nominee in 2012,2400,0.1,Feb/13/2012 02:39:21
655720,2012.REP.NOM.LIEBERMAN,Joe Lieberman to be Republican Presidential Nominee in 2012,100,0.1,Feb/13/2012 14:55:38
655720,2012.REP.NOM.LIEBERMAN,Joe Lieberman to be Republican Presidential Nominee in 2012,500,0.1,Feb/15/2012 00:46:33
655720,2012.REP.NOM.LIEBERMAN,Joe Lieberman to be Republican Presidential Nominee in 2012,500,0.1,Feb/15/2012 19:24:15
655720,2012.REP.NOM.LIEBERMAN,Joe Lieberman to be Republican Presidential Nominee in 2012,5,0.1,Mar/07/2012 23:34:59
655720,2012.REP.NOM.LIEBERMAN,Joe Lieberman to be Republican Presidential Nominee in 2012,5,0.1,Mar/07/2012 23:36:27
655720,2012.REP.NOM.LIEBERMAN,Joe Lieberman to be Republican Presidential Nominee in 2012,5,0.1,Mar/07/2012 23:37:49
655720,2012.REP.NOM.LIEBERMAN,Joe Lieberman to be Republican Presidential Nominee in 2012,5,0.1,Mar/11/2012 16:58:48
