market id,market symbol,market name,trade quantity,trade price,date/time [utc]
745285,2012.REP.NOM.BACHMANN,Michele Bachmann to be Republican Presidential Nominee in 2012,200,0.2,Jan/06/2011 15:07:14
745285,2012.REP.NOM.BACHMANN,Michele Bachmann to be Republican Presidential Nominee in 2012,150,0.2,Jan/06/2011 15:22:32
745285,2012.REP.NOM.BACHMANN,Michele Bachmann to be Republican Presidential Nominee in 2012,300,0.3,Jan/06/2011 15:26:47
745285,2012.REP.NOM.BACHMANN,Michele Bachmann to be Republican Presidential Nominee in 2012,25,0.3,Jan/06/2011 19:05:42
745285,2012.REP.NOM.BACHMANN,Michele Bachmann to be Republican Presidential Nominee in 2012,20,0.3,Jan/06/2011 19:16:18
745285,2012.REP.NOM.BACHMANN,Michele Bachmann to be Republican Presidential Nominee in 2012,10,0.4,Jan/06/2011 19:28:02
745285,2012.REP.NOM.BACHMANN,Michele Bachmann to be Republican Presidential Nominee in 2012,5,0.5,Jan/06/2011 19:32:34
745285,2012.REP.NOM.BACHMANN,Michele Bachmann to be Republican Presidential Nominee in 2012,10,0.5,Jan/06/2011 23:56:41
745285,2012.REP.NOM.BACHMANN,Michele Bachmann to be Republican Presidential Nominee in 2012,10,0.5,Jan/06/2011 23:56:41
745285,2012.REP.NOM.BACHMANN,Michele Bachmann to be Republican Presidential Nominee in 2012,10,0.5,Jan/07/2011 02:28:10
745285,2012.REP.NOM.BACHMANN,Michele Bachmann to be Republican Presidential Nominee in 2012,10,0.6,Jan/07/2011 21:14:49
745285,2012.REP.NOM.BACHMANN,Michele Bachmann to be Republican Presidential Nominee in 2012,10,0.7,Jan/07/2011 21:14:49
745285,2012.REP.NOM.BACHMANN,Michele Bachmann to be Republican Presidential Nominee in 2012,13,0.7,Jan/07/2011 21:14:49
745285,2012.REP.NOM.BACHMANN,Michele Bachmann to be Republican Presidential Nominee in 2012,65,0.7,Jan/07/2011 21:14:49
745285,2012.REP.NOM.BACHMANN,Michele Bachmann to be Republican Presidential Nominee in 2012,10,0.6,Jan/07/2011 21:14:49
745285,2012.REP.NOM.BACHMANN,Michele Bachmann to be Republican Presidential Nominee in 2012,300,0.9,Jan/07/2011 21:15:09
745285,2012.REP.NOM.BACHMANN,Michele Bachmann to be Republican Presidential Nominee in 2012,1000,1.1,Jan/07/2011 22:21:42
745285,2012.REP.NOM.BACHMANN,Michele Bachmann to be Republican Presidential Nominee in 2012,10,1.0,Jan/08/2011 01:48:45
745285,2012.REP.NOM.BACHMANN,Michele Bachmann to be Republican Presidential Nominee in 2012,1,1.0,Jan/08/2011 17:40:18
745285,2012.REP.NOM.BACHMANN,Michele Bachmann to be Republican Presidential Nominee in 2012,6,1.0,Jan/08/2011 17:40:25
745285,2012.REP.NOM.BACHMANN,Michele Bachmann to be Republican Presidential Nominee in 2012,1,1.0,Jan/08/2011 17:47:44
745285,2012.REP.NOM.BACHMANN,Michele Bachmann to be Republican Presidential Nominee in 2012,2,1.0,Jan/08/2011 17:47:50
745285,2012.REP.NOM.BACHMANN,Michele Bachmann to be Republican Presidential Nominee in 2012,10,1.0,Jan/08/2011 17:47:56
745285,2012.REP.NOM.BACHMANN,Michele Bachmann to be Republican Presidential Nominee in 2012,2,1.0,Jan/08/2011 17:48:02
745285,2012.REP.NOM.BACHMANN,Michele Bachmann to be Republican Presidential Nominee in 2012,4,1.0,Jan/08/2011 17:48:08
745285,2012.REP.NOM.BACHMANN,Michele Bachmann to be Republican Presidential Nominee in 2012,3,1.0,Jan/08/2011 17:48:14
745285,2012.REP.NOM.BACHMANN,Michele Bachmann to be Republican Presidential Nominee in 2012,1,1.0,Jan/08/2011 17:48:20
745285,2012.REP.NOM.BACHMANN,Michele Bachmann to be Republican Presidential Nominee in 2012,2,1.0,Jan/08/2011 17:48:26
745285,2012.REP.NOM.BACHMANN,Michele Bachmann to be Republican Presidential Nominee in 2012,1,1.0,Jan/08/2011 17:48:32
745285,2012.REP.NOM.BACHMANN,Michele Bachmann to be Republican Presidential Nominee in 2012,2,1.0,Jan/08/2011 17:48:38
745285,2012.REP.NOM.BACHMANN,Michele Bachmann to be Republican Presidential Nominee in 2012,4,1.0,Jan/08/2011 17:48:44
745285,2012.REP.NOM.BACHMANN,Michele Bachmann to be Republican Presidential Nominee in 2012,2,1.0,Jan/08/2011 17:48:50
745285,2012.REP.NOM.BACHMANN,Michele Bachmann to be Republican Presidential Nominee in 2012,1,1.0,Jan/08/2011 17:48:56
745285,2012.REP.NOM.BACHMANN,Michele Bachmann to be Republican Presidential Nominee in 2012,10,1.0,Jan/08/2011 17:49:02
745285,2012.REP.NOM.BACHMANN,Michele Bachmann to be Republican Presidential Nominee in 2012,10,1.0,Jan/08/2011 18:12:06
745285,2012.REP.NOM.BACHMANN,Michele Bachmann to be Republican Presidential Nominee in 2012,10,1.0,Jan/08/2011 18:16:19
745285,2012.REP.NOM.BACHMANN,Michele Bachmann to be Republican Presidential Nominee in 2012,28,1.0,Jan/08/2011 20:14:38
745285,2012.REP.NOM.BACHMANN,Michele Bachmann to be Republican Presidential Nominee in 2012,2,1.0,Jan/09/2011 01:50:34
745285,2012.REP.NOM.BACHMANN,Michele Bachmann to be Republican Presidential Nominee in 2012,10,1.0,Jan/09/2011 01:50:34
745285,2012.REP.NOM.BACHMANN,Michele Bachmann to be Republican Presidential Nominee in 2012,10,1.1,Jan/09/2011 03:04:57
745285,2012.REP.NOM.BACHMANN,Michele Bachmann to be Republican Presidential Nominee in 2012,2,1.1,Jan/09/2011 19:14:40
745285,2012.REP.NOM.BACHMANN,Michele Bachmann to be Republican Presidential Nominee in 2012,10,1.5,Jan/09/2011 21:11:48
745285,2012.REP.NOM.BACHMANN,Michele Bachmann to be Republican Presidential Nominee in 2012,10,1.4,Jan/09/2011 21:11:48
745285,2012.REP.NOM.BACHMANN,Michele Bachmann to be Republican Presidential Nominee in 2012,190,1.5,Jan/09/2011 21:11:48
745285,2012.REP.NOM.BACHMANN,Michele Bachmann to be Republican Presidential Nominee in 2012,10,1.4,Jan/09/2011 21:11:48
745285,2012.REP.NOM.BACHMANN,Michele Bachmann to be Republican Presidential Nominee in 2012,5,1.3,Jan/09/2011 21:11:48
745285,2012.REP.NOM.BACHMANN,Michele Bachmann to be Republican Presidential Nominee in 2012,5,1.8,Jan/10/2011 02:08:51
745285,2012.REP.NOM.BACHMANN,Michele Bachmann to be Republican Presidential Nominee in 2012,10,1.9,Jan/10/2011 02:09:09
745285,2012.REP.NOM.BACHMANN,Michele Bachmann to be Republican Presidential Nominee in 2012,10,1.9,Jan/10/2011 15:45:33
745285,2012.REP.NOM.BACHMANN,Michele Bachmann to be Republican Presidential Nominee in 2012,1,2.2,Jan/10/2011 15:45:42
745285,2012.REP.NOM.BACHMANN,Michele Bachmann to be Republican Presidential Nominee in 2012,9,2.2,Jan/10/2011 22:56:36
745285,2012.REP.NOM.BACHMANN,Michele Bachmann to be Republican Presidential Nominee in 2012,1,2.3,Jan/10/2011 22:56:36
745285,2012.REP.NOM.BACHMANN,Michele Bachmann to be Republican Presidential Nominee in 2012,10,2.1,Jan/10/2011 22:56:36
745285,2012.REP.NOM.BACHMANN,Michele Bachmann to be Republican Presidential Nominee in 2012,10,2.2,Jan/10/2011 22:56:36
745285,2012.REP.NOM.BACHMANN,Michele Bachmann to be Republican Presidential Nominee in 2012,1,1.9,Jan/11/2011 19:24:40
745285,2012.REP.NOM.BACHMANN,Michele Bachmann to be Republican Presidential Nominee in 2012,10,1.8,Jan/12/2011 18:59:51
745285,2012.REP.NOM.BACHMANN,Michele Bachmann to be Republican Presidential Nominee in 2012,30,1.9,Jan/12/2011 18:59:57
745285,2012.REP.NOM.BACHMANN,Michele Bachmann to be Republican Presidential Nominee in 2012,10,2.0,Jan/12/2011 19:00:02
745285,2012.REP.NOM.BACHMANN,Michele Bachmann to be Republican Presidential Nominee in 2012,10,2.0,Jan/12/2011 19:00:02
745285,2012.REP.NOM.BACHMANN,Michele Bachmann to be Republican Presidential Nominee in 2012,10,2.1,Jan/12/2011 19:00:07
745285,2012.REP.NOM.BACHMANN,Michele Bachmann to be Republican Presidential Nominee in 2012,10,2.1,Jan/12/2011 19:00:07
745285,2012.REP.NOM.BACHMANN,Michele Bachmann to be Republican Presidential Nominee in 2012,13,2.2,Jan/12/2011 19:04:17
745285,2012.REP.NOM.BACHMANN,Michele Bachmann to be Republican Presidential Nominee in 2012,10,2.2,Jan/12/2011 19:04:17
745285,2012.REP.NOM.BACHMANN,Michele Bachmann to be Republican Presidential Nominee in 2012,9,2.3,Jan/12/2011 19:04:23
745285,2012.REP.NOM.BACHMANN,Michele Bachmann to be Republican Presidential Nominee in 2012,10,2.3,Jan/12/2011 19:04:23
745285,2012.REP.NOM.BACHMANN,Michele Bachmann to be Republican Presidential Nominee in 2012,200,2.3,Jan/12/2011 19:04:23
745285,2012.REP.NOM.BACHMANN,Michele Bachmann to be Republican Presidential Nominee in 2012,200,2.4,Jan/12/2011 19:04:30
745285,2012.REP.NOM.BACHMANN,Michele Bachmann to be Republican Presidential Nominee in 2012,5,2.2,Jan/13/2011 03:26:04
745285,2012.REP.NOM.BACHMANN,Michele Bachmann to be Republican Presidential Nominee in 2012,10,2.9,Jan/13/2011 05:01:24
745285,2012.REP.NOM.BACHMANN,Michele Bachmann to be Republican Presidential Nominee in 2012,10,2.9,Jan/13/2011 05:01:24
745285,2012.REP.NOM.BACHMANN,Michele Bachmann to be Republican Presidential Nominee in 2012,5,2.4,Jan/13/2011 05:01:24
745285,2012.REP.NOM.BACHMANN,Michele Bachmann to be Republican Presidential Nominee in 2012,11,2.8,Jan/13/2011 05:01:24
745285,2012.REP.NOM.BACHMANN,Michele Bachmann to be Republican Presidential Nominee in 2012,1,3.5,Jan/13/2011 05:02:08
745285,2012.REP.NOM.BACHMANN,Michele Bachmann to be Republican Presidential Nominee in 2012,4,2.5,Jan/14/2011 17:21:49
745285,2012.REP.NOM.BACHMANN,Michele Bachmann to be Republican Presidential Nominee in 2012,10,2.6,Jan/14/2011 17:22:03
745285,2012.REP.NOM.BACHMANN,Michele Bachmann to be Republican Presidential Nominee in 2012,7,2.9,Jan/14/2011 17:22:11
745285,2012.REP.NOM.BACHMANN,Michele Bachmann to be Republican Presidential Nominee in 2012,10,2.9,Jan/14/2011 17:22:11
745285,2012.REP.NOM.BACHMANN,Michele Bachmann to be Republican Presidential Nominee in 2012,100,3.0,Jan/14/2011 17:22:20
745285,2012.REP.NOM.BACHMANN,Michele Bachmann to be Republican Presidential Nominee in 2012,96,2.5,Jan/14/2011 17:25:18
745285,2012.REP.NOM.BACHMANN,Michele Bachmann to be Republican Presidential Nominee in 2012,15,2.2,Jan/14/2011 17:25:45
745285,2012.REP.NOM.BACHMANN,Michele Bachmann to be Republican Presidential Nominee in 2012,475,2.2,Jan/14/2011 17:25:45
745285,2012.REP.NOM.BACHMANN,Michele Bachmann to be Republican Presidential Nominee in 2012,10,2.3,Jan/14/2011 17:25:45
745285,2012.REP.NOM.BACHMANN,Michele Bachmann to be Republican Presidential Nominee in 2012,100,2.5,Jan/14/2011 18:59:13
745285,2012.REP.NOM.BACHMANN,Michele Bachmann to be Republican Presidential Nominee in 2012,1,2.6,Jan/15/2011 03:37:40
745285,2012.REP.NOM.BACHMANN,Michele Bachmann to be Republican Presidential Nominee in 2012,1,2.6,Jan/15/2011 18:38:42
745285,2012.REP.NOM.BACHMANN,Michele Bachmann to be Republican Presidential Nominee in 2012,1,2.6,Jan/15/2011 18:40:35
745285,2012.REP.NOM.BACHMANN,Michele Bachmann to be Republican Presidential Nominee in 2012,20,2.5,Jan/16/2011 03:00:24
745285,2012.REP.NOM.BACHMANN,Michele Bachmann to be Republican Presidential Nominee in 2012,1,2.6,Jan/16/2011 17:06:37
745285,2012.REP.NOM.BACHMANN,Michele Bachmann to be Republican Presidential Nominee in 2012,1,2.6,Jan/16/2011 18:37:24
745285,2012.REP.NOM.BACHMANN,Michele Bachmann to be Republican Presidential Nominee in 2012,1,3.2,Jan/17/2011 13:39:51
745285,2012.REP.NOM.BACHMANN,Michele Bachmann to be Republican Presidential Nominee in 2012,1,2.6,Jan/17/2011 13:39:51
745285,2012.REP.NOM.BACHMANN,Michele Bachmann to be Republican Presidential Nominee in 2012,1,2.6,Jan/17/2011 21:05:38
745285,2012.REP.NOM.BACHMANN,Michele Bachmann to be Republican Presidential Nominee in 2012,10,2.5,Jan/18/2011 00:20:17
745285,2012.REP.NOM.BACHMANN,Michele Bachmann to be Republican Presidential Nominee in 2012,10,2.5,Jan/18/2011 03:17:29
745285,2012.REP.NOM.BACHMANN,Michele Bachmann to be Republican Presidential Nominee in 2012,10,2.5,Jan/18/2011 19:15:29
745285,2012.REP.NOM.BACHMANN,Michele Bachmann to be Republican Presidential Nominee in 2012,41,2.5,Jan/18/2011 23:36:38
745285,2012.REP.NOM.BACHMANN,Michele Bachmann to be Republican Presidential Nominee in 2012,9,2.5,Jan/18/2011 23:38:15
745285,2012.REP.NOM.BACHMANN,Michele Bachmann to be Republican Presidential Nominee in 2012,1,2.3,Jan/19/2011 05:03:32
745285,2012.REP.NOM.BACHMANN,Michele Bachmann to be Republican Presidential Nominee in 2012,1,2.3,Jan/19/2011 13:52:57
745285,2012.REP.NOM.BACHMANN,Michele Bachmann to be Republican Presidential Nominee in 2012,1,2.2,Jan/19/2011 13:53:03
745285,2012.REP.NOM.BACHMANN,Michele Bachmann to be Republican Presidential Nominee in 2012,2,2.2,Jan/19/2011 13:53:34
745285,2012.REP.NOM.BACHMANN,Michele Bachmann to be Republican Presidential Nominee in 2012,1,2.3,Jan/20/2011 04:02:59
745285,2012.REP.NOM.BACHMANN,Michele Bachmann to be Republican Presidential Nominee in 2012,20,2.2,Jan/20/2011 04:03:41
745285,2012.REP.NOM.BACHMANN,Michele Bachmann to be Republican Presidential Nominee in 2012,1,2.3,Jan/20/2011 04:39:03
745285,2012.REP.NOM.BACHMANN,Michele Bachmann to be Republican Presidential Nominee in 2012,2,2.4,Jan/20/2011 13:24:53
745285,2012.REP.NOM.BACHMANN,Michele Bachmann to be Republican Presidential Nominee in 2012,5,2.4,Jan/20/2011 15:03:55
745285,2012.REP.NOM.BACHMANN,Michele Bachmann to be Republican Presidential Nominee in 2012,4,2.4,Jan/20/2011 15:04:27
745285,2012.REP.NOM.BACHMANN,Michele Bachmann to be Republican Presidential Nominee in 2012,1,2.4,Jan/20/2011 15:07:50
745285,2012.REP.NOM.BACHMANN,Michele Bachmann to be Republican Presidential Nominee in 2012,1,2.4,Jan/20/2011 15:07:56
745285,2012.REP.NOM.BACHMANN,Michele Bachmann to be Republican Presidential Nominee in 2012,1,2.4,Jan/20/2011 15:08:26
745285,2012.REP.NOM.BACHMANN,Michele Bachmann to be Republican Presidential Nominee in 2012,1,2.4,Jan/20/2011 15:08:32
745285,2012.REP.NOM.BACHMANN,Michele Bachmann to be Republican Presidential Nominee in 2012,3,2.4,Jan/20/2011 15:09:07
745285,2012.REP.NOM.BACHMANN,Michele Bachmann to be Republican Presidential Nominee in 2012,2,2.4,Jan/20/2011 15:10:17
745285,2012.REP.NOM.BACHMANN,Michele Bachmann to be Republican Presidential Nominee in 2012,3,2.3,Jan/20/2011 15:10:23
745285,2012.REP.NOM.BACHMANN,Michele Bachmann to be Republican Presidential Nominee in 2012,3,2.3,Jan/20/2011 15:10:53
745285,2012.REP.NOM.BACHMANN,Michele Bachmann to be Republican Presidential Nominee in 2012,50,2.3,Jan/20/2011 15:24:14
745285,2012.REP.NOM.BACHMANN,Michele Bachmann to be Republican Presidential Nominee in 2012,43,2.3,Jan/20/2011 18:12:21
745285,2012.REP.NOM.BACHMANN,Michele Bachmann to be Republican Presidential Nominee in 2012,2,2.2,Jan/20/2011 18:14:29
745285,2012.REP.NOM.BACHMANN,Michele Bachmann to be Republican Presidential Nominee in 2012,5,2.0,Jan/20/2011 21:39:51
745285,2012.REP.NOM.BACHMANN,Michele Bachmann to be Republican Presidential Nominee in 2012,3,1.7,Jan/21/2011 01:13:03
745285,2012.REP.NOM.BACHMANN,Michele Bachmann to be Republican Presidential Nominee in 2012,2,1.8,Jan/21/2011 02:37:06
745285,2012.REP.NOM.BACHMANN,Michele Bachmann to be Republican Presidential Nominee in 2012,3,1.8,Jan/21/2011 02:39:41
745285,2012.REP.NOM.BACHMANN,Michele Bachmann to be Republican Presidential Nominee in 2012,11,2.0,Jan/21/2011 11:50:03
745285,2012.REP.NOM.BACHMANN,Michele Bachmann to be Republican Presidential Nominee in 2012,2,1.8,Jan/21/2011 11:50:03
745285,2012.REP.NOM.BACHMANN,Michele Bachmann to be Republican Presidential Nominee in 2012,10,1.9,Jan/21/2011 11:50:03
745285,2012.REP.NOM.BACHMANN,Michele Bachmann to be Republican Presidential Nominee in 2012,2,1.8,Jan/21/2011 11:50:03
745285,2012.REP.NOM.BACHMANN,Michele Bachmann to be Republican Presidential Nominee in 2012,1,1.7,Jan/21/2011 19:22:27
745285,2012.REP.NOM.BACHMANN,Michele Bachmann to be Republican Presidential Nominee in 2012,4,1.7,Jan/21/2011 19:23:37
745285,2012.REP.NOM.BACHMANN,Michele Bachmann to be Republican Presidential Nominee in 2012,4,1.7,Jan/21/2011 19:24:08
745285,2012.REP.NOM.BACHMANN,Michele Bachmann to be Republican Presidential Nominee in 2012,1,1.7,Jan/21/2011 19:24:43
745285,2012.REP.NOM.BACHMANN,Michele Bachmann to be Republican Presidential Nominee in 2012,1,1.7,Jan/21/2011 19:26:13
745285,2012.REP.NOM.BACHMANN,Michele Bachmann to be Republican Presidential Nominee in 2012,2,1.7,Jan/21/2011 19:26:19
745285,2012.REP.NOM.BACHMANN,Michele Bachmann to be Republican Presidential Nominee in 2012,2,1.7,Jan/21/2011 19:26:21
745285,2012.REP.NOM.BACHMANN,Michele Bachmann to be Republican Presidential Nominee in 2012,2,1.7,Jan/21/2011 21:52:06
745285,2012.REP.NOM.BACHMANN,Michele Bachmann to be Republican Presidential Nominee in 2012,5,1.8,Jan/21/2011 21:55:55
745285,2012.REP.NOM.BACHMANN,Michele Bachmann to be Republican Presidential Nominee in 2012,10,2.0,Jan/21/2011 22:34:16
745285,2012.REP.NOM.BACHMANN,Michele Bachmann to be Republican Presidential Nominee in 2012,2,1.8,Jan/22/2011 00:01:33
745285,2012.REP.NOM.BACHMANN,Michele Bachmann to be Republican Presidential Nominee in 2012,8,1.8,Jan/22/2011 00:08:05
745285,2012.REP.NOM.BACHMANN,Michele Bachmann to be Republican Presidential Nominee in 2012,3,1.8,Jan/22/2011 00:08:11
745285,2012.REP.NOM.BACHMANN,Michele Bachmann to be Republican Presidential Nominee in 2012,10,2.0,Jan/22/2011 01:33:09
745285,2012.REP.NOM.BACHMANN,Michele Bachmann to be Republican Presidential Nominee in 2012,10,2.0,Jan/22/2011 01:33:09
745285,2012.REP.NOM.BACHMANN,Michele Bachmann to be Republican Presidential Nominee in 2012,10,2.0,Jan/22/2011 01:39:02
745285,2012.REP.NOM.BACHMANN,Michele Bachmann to be Republican Presidential Nominee in 2012,15,2.0,Jan/22/2011 01:54:35
745285,2012.REP.NOM.BACHMANN,Michele Bachmann to be Republican Presidential Nominee in 2012,10,1.8,Jan/22/2011 03:58:50
745285,2012.REP.NOM.BACHMANN,Michele Bachmann to be Republican Presidential Nominee in 2012,5,1.9,Jan/22/2011 05:10:26
745285,2012.REP.NOM.BACHMANN,Michele Bachmann to be Republican Presidential Nominee in 2012,5,1.9,Jan/22/2011 15:51:39
745285,2012.REP.NOM.BACHMANN,Michele Bachmann to be Republican Presidential Nominee in 2012,5,1.9,Jan/22/2011 16:16:38
745285,2012.REP.NOM.BACHMANN,Michele Bachmann to be Republican Presidential Nominee in 2012,10,2.0,Jan/22/2011 20:35:57
745285,2012.REP.NOM.BACHMANN,Michele Bachmann to be Republican Presidential Nominee in 2012,10,2.0,Jan/22/2011 22:22:08
745285,2012.REP.NOM.BACHMANN,Michele Bachmann to be Republican Presidential Nominee in 2012,5,2.1,Jan/22/2011 22:22:38
745285,2012.REP.NOM.BACHMANN,Michele Bachmann to be Republican Presidential Nominee in 2012,3,2.0,Jan/23/2011 02:08:50
745285,2012.REP.NOM.BACHMANN,Michele Bachmann to be Republican Presidential Nominee in 2012,15,2.1,Jan/23/2011 02:09:06
745285,2012.REP.NOM.BACHMANN,Michele Bachmann to be Republican Presidential Nominee in 2012,5,2.2,Jan/23/2011 02:10:08
745285,2012.REP.NOM.BACHMANN,Michele Bachmann to be Republican Presidential Nominee in 2012,5,2.0,Jan/23/2011 03:17:11
745285,2012.REP.NOM.BACHMANN,Michele Bachmann to be Republican Presidential Nominee in 2012,5,2.0,Jan/23/2011 03:17:11
745285,2012.REP.NOM.BACHMANN,Michele Bachmann to be Republican Presidential Nominee in 2012,1,1.9,Jan/23/2011 16:18:29
745285,2012.REP.NOM.BACHMANN,Michele Bachmann to be Republican Presidential Nominee in 2012,1,1.9,Jan/23/2011 16:19:00
745285,2012.REP.NOM.BACHMANN,Michele Bachmann to be Republican Presidential Nominee in 2012,1,1.9,Jan/23/2011 16:19:25
745285,2012.REP.NOM.BACHMANN,Michele Bachmann to be Republican Presidential Nominee in 2012,1,1.9,Jan/23/2011 16:19:32
745285,2012.REP.NOM.BACHMANN,Michele Bachmann to be Republican Presidential Nominee in 2012,1,1.9,Jan/23/2011 16:19:38
745285,2012.REP.NOM.BACHMANN,Michele Bachmann to be Republican Presidential Nominee in 2012,1,1.9,Jan/23/2011 16:19:59
745285,2012.REP.NOM.BACHMANN,Michele Bachmann to be Republican Presidential Nominee in 2012,1,1.9,Jan/23/2011 16:20:55
745285,2012.REP.NOM.BACHMANN,Michele Bachmann to be Republican Presidential Nominee in 2012,1,1.9,Jan/23/2011 16:21:00
745285,2012.REP.NOM.BACHMANN,Michele Bachmann to be Republican Presidential Nominee in 2012,1,1.9,Jan/23/2011 16:21:06
745285,2012.REP.NOM.BACHMANN,Michele Bachmann to be Republican Presidential Nominee in 2012,1,1.9,Jan/23/2011 16:21:43
745285,2012.REP.NOM.BACHMANN,Michele Bachmann to be Republican Presidential Nominee in 2012,2,2.0,Jan/23/2011 18:32:27
745285,2012.REP.NOM.BACHMANN,Michele Bachmann to be Republican Presidential Nominee in 2012,10,2.0,Jan/23/2011 18:32:27
745285,2012.REP.NOM.BACHMANN,Michele Bachmann to be Republican Presidential Nominee in 2012,3,2.0,Jan/23/2011 18:36:03
745285,2012.REP.NOM.BACHMANN,Michele Bachmann to be Republican Presidential Nominee in 2012,5,2.0,Jan/23/2011 18:43:11
745285,2012.REP.NOM.BACHMANN,Michele Bachmann to be Republican Presidential Nominee in 2012,10,2.1,Jan/24/2011 03:11:51
745285,2012.REP.NOM.BACHMANN,Michele Bachmann to be Republican Presidential Nominee in 2012,4,2.2,Jan/24/2011 03:14:06
745285,2012.REP.NOM.BACHMANN,Michele Bachmann to be Republican Presidential Nominee in 2012,5,2.2,Jan/24/2011 03:14:06
745285,2012.REP.NOM.BACHMANN,Michele Bachmann to be Republican Presidential Nominee in 2012,5,2.3,Jan/24/2011 03:14:12
745285,2012.REP.NOM.BACHMANN,Michele Bachmann to be Republican Presidential Nominee in 2012,5,2.3,Jan/24/2011 03:14:12
745285,2012.REP.NOM.BACHMANN,Michele Bachmann to be Republican Presidential Nominee in 2012,5,2.4,Jan/24/2011 03:14:21
745285,2012.REP.NOM.BACHMANN,Michele Bachmann to be Republican Presidential Nominee in 2012,10,2.4,Jan/24/2011 03:14:21
745285,2012.REP.NOM.BACHMANN,Michele Bachmann to be Republican Presidential Nominee in 2012,5,2.5,Jan/24/2011 03:15:13
745285,2012.REP.NOM.BACHMANN,Michele Bachmann to be Republican Presidential Nominee in 2012,10,2.5,Jan/24/2011 03:15:13
745285,2012.REP.NOM.BACHMANN,Michele Bachmann to be Republican Presidential Nominee in 2012,10,2.5,Jan/24/2011 03:15:13
745285,2012.REP.NOM.BACHMANN,Michele Bachmann to be Republican Presidential Nominee in 2012,10,2.5,Jan/24/2011 03:15:13
745285,2012.REP.NOM.BACHMANN,Michele Bachmann to be Republican Presidential Nominee in 2012,10,2.5,Jan/24/2011 03:15:13
745285,2012.REP.NOM.BACHMANN,Michele Bachmann to be Republican Presidential Nominee in 2012,10,2.5,Jan/24/2011 03:15:13
745285,2012.REP.NOM.BACHMANN,Michele Bachmann to be Republican Presidential Nominee in 2012,5,2.6,Jan/24/2011 03:15:28
745285,2012.REP.NOM.BACHMANN,Michele Bachmann to be Republican Presidential Nominee in 2012,5,2.8,Jan/24/2011 03:15:43
745285,2012.REP.NOM.BACHMANN,Michele Bachmann to be Republican Presidential Nominee in 2012,4,2.9,Jan/24/2011 03:15:50
745285,2012.REP.NOM.BACHMANN,Michele Bachmann to be Republican Presidential Nominee in 2012,5,2.9,Jan/24/2011 03:15:50
745285,2012.REP.NOM.BACHMANN,Michele Bachmann to be Republican Presidential Nominee in 2012,10,2.9,Jan/24/2011 03:15:50
745285,2012.REP.NOM.BACHMANN,Michele Bachmann to be Republican Presidential Nominee in 2012,7,2.9,Jan/24/2011 03:15:50
745285,2012.REP.NOM.BACHMANN,Michele Bachmann to be Republican Presidential Nominee in 2012,8,3.0,Jan/24/2011 03:15:55
745285,2012.REP.NOM.BACHMANN,Michele Bachmann to be Republican Presidential Nominee in 2012,10,3.0,Jan/24/2011 03:15:55
745285,2012.REP.NOM.BACHMANN,Michele Bachmann to be Republican Presidential Nominee in 2012,10,3.1,Jan/24/2011 03:16:06
745285,2012.REP.NOM.BACHMANN,Michele Bachmann to be Republican Presidential Nominee in 2012,10,3.1,Jan/24/2011 03:16:06
745285,2012.REP.NOM.BACHMANN,Michele Bachmann to be Republican Presidential Nominee in 2012,9,3.1,Jan/24/2011 03:16:06
745285,2012.REP.NOM.BACHMANN,Michele Bachmann to be Republican Presidential Nominee in 2012,10,3.1,Jan/24/2011 03:16:06
745285,2012.REP.NOM.BACHMANN,Michele Bachmann to be Republican Presidential Nominee in 2012,2,3.2,Jan/24/2011 03:16:15
745285,2012.REP.NOM.BACHMANN,Michele Bachmann to be Republican Presidential Nominee in 2012,10,3.2,Jan/24/2011 03:16:15
745285,2012.REP.NOM.BACHMANN,Michele Bachmann to be Republican Presidential Nominee in 2012,222,3.2,Jan/24/2011 03:16:15
745285,2012.REP.NOM.BACHMANN,Michele Bachmann to be Republican Presidential Nominee in 2012,10,3.3,Jan/24/2011 03:16:37
745285,2012.REP.NOM.BACHMANN,Michele Bachmann to be Republican Presidential Nominee in 2012,17,3.4,Jan/24/2011 03:16:45
745285,2012.REP.NOM.BACHMANN,Michele Bachmann to be Republican Presidential Nominee in 2012,100,3.4,Jan/24/2011 03:16:45
745285,2012.REP.NOM.BACHMANN,Michele Bachmann to be Republican Presidential Nominee in 2012,5,3.0,Jan/25/2011 00:42:58
745285,2012.REP.NOM.BACHMANN,Michele Bachmann to be Republican Presidential Nominee in 2012,1,3.0,Jan/25/2011 00:56:37
745285,2012.REP.NOM.BACHMANN,Michele Bachmann to be Republican Presidential Nominee in 2012,94,3.0,Jan/25/2011 02:17:32
745285,2012.REP.NOM.BACHMANN,Michele Bachmann to be Republican Presidential Nominee in 2012,80,1.7,Jan/25/2011 02:21:46
745285,2012.REP.NOM.BACHMANN,Michele Bachmann to be Republican Presidential Nominee in 2012,20,1.8,Jan/25/2011 02:21:46
745285,2012.REP.NOM.BACHMANN,Michele Bachmann to be Republican Presidential Nominee in 2012,10,1.9,Jan/25/2011 02:21:46
745285,2012.REP.NOM.BACHMANN,Michele Bachmann to be Republican Presidential Nominee in 2012,30,1.6,Jan/25/2011 02:21:46
745285,2012.REP.NOM.BACHMANN,Michele Bachmann to be Republican Presidential Nominee in 2012,15,2.1,Jan/25/2011 02:21:46
745285,2012.REP.NOM.BACHMANN,Michele Bachmann to be Republican Presidential Nominee in 2012,50,2.5,Jan/25/2011 02:21:46
745285,2012.REP.NOM.BACHMANN,Michele Bachmann to be Republican Presidential Nominee in 2012,10,2.6,Jan/25/2011 02:21:46
745285,2012.REP.NOM.BACHMANN,Michele Bachmann to be Republican Presidential Nominee in 2012,1,2.0,Jan/25/2011 11:31:16
745285,2012.REP.NOM.BACHMANN,Michele Bachmann to be Republican Presidential Nominee in 2012,2,2.0,Jan/25/2011 11:31:22
745285,2012.REP.NOM.BACHMANN,Michele Bachmann to be Republican Presidential Nominee in 2012,2,2.0,Jan/25/2011 11:31:28
745285,2012.REP.NOM.BACHMANN,Michele Bachmann to be Republican Presidential Nominee in 2012,2,2.0,Jan/25/2011 11:31:34
745285,2012.REP.NOM.BACHMANN,Michele Bachmann to be Republican Presidential Nominee in 2012,12,2.0,Jan/25/2011 16:31:25
745285,2012.REP.NOM.BACHMANN,Michele Bachmann to be Republican Presidential Nominee in 2012,20,2.1,Jan/25/2011 16:31:25
745285,2012.REP.NOM.BACHMANN,Michele Bachmann to be Republican Presidential Nominee in 2012,5,3.0,Jan/26/2011 00:26:31
745285,2012.REP.NOM.BACHMANN,Michele Bachmann to be Republican Presidential Nominee in 2012,5,3.0,Jan/26/2011 01:17:35
745285,2012.REP.NOM.BACHMANN,Michele Bachmann to be Republican Presidential Nominee in 2012,5,3.0,Jan/26/2011 01:19:46
745285,2012.REP.NOM.BACHMANN,Michele Bachmann to be Republican Presidential Nominee in 2012,1,3.2,Jan/26/2011 03:19:56
745285,2012.REP.NOM.BACHMANN,Michele Bachmann to be Republican Presidential Nominee in 2012,4,3.0,Jan/26/2011 03:52:48
745285,2012.REP.NOM.BACHMANN,Michele Bachmann to be Republican Presidential Nominee in 2012,11,3.0,Jan/26/2011 06:16:34
745285,2012.REP.NOM.BACHMANN,Michele Bachmann to be Republican Presidential Nominee in 2012,33,3.0,Jan/26/2011 06:19:48
745285,2012.REP.NOM.BACHMANN,Michele Bachmann to be Republican Presidential Nominee in 2012,10,3.0,Jan/26/2011 07:16:17
745285,2012.REP.NOM.BACHMANN,Michele Bachmann to be Republican Presidential Nominee in 2012,27,3.0,Jan/26/2011 07:44:24
745285,2012.REP.NOM.BACHMANN,Michele Bachmann to be Republican Presidential Nominee in 2012,273,2.9,Jan/26/2011 07:56:59
745285,2012.REP.NOM.BACHMANN,Michele Bachmann to be Republican Presidential Nominee in 2012,5,2.9,Jan/26/2011 13:19:17
745285,2012.REP.NOM.BACHMANN,Michele Bachmann to be Republican Presidential Nominee in 2012,10,2.9,Jan/26/2011 14:33:19
745285,2012.REP.NOM.BACHMANN,Michele Bachmann to be Republican Presidential Nominee in 2012,10,2.9,Jan/26/2011 15:11:49
745285,2012.REP.NOM.BACHMANN,Michele Bachmann to be Republican Presidential Nominee in 2012,2,2.9,Jan/26/2011 15:51:40
745285,2012.REP.NOM.BACHMANN,Michele Bachmann to be Republican Presidential Nominee in 2012,5,3.0,Jan/26/2011 19:27:46
745285,2012.REP.NOM.BACHMANN,Michele Bachmann to be Republican Presidential Nominee in 2012,5,3.0,Jan/26/2011 22:02:03
745285,2012.REP.NOM.BACHMANN,Michele Bachmann to be Republican Presidential Nominee in 2012,10,3.0,Jan/26/2011 23:50:42
745285,2012.REP.NOM.BACHMANN,Michele Bachmann to be Republican Presidential Nominee in 2012,10,3.0,Jan/26/2011 23:52:13
745285,2012.REP.NOM.BACHMANN,Michele Bachmann to be Republican Presidential Nominee in 2012,10,3.0,Jan/26/2011 23:53:30
745285,2012.REP.NOM.BACHMANN,Michele Bachmann to be Republican Presidential Nominee in 2012,5,3.2,Jan/27/2011 01:08:45
745285,2012.REP.NOM.BACHMANN,Michele Bachmann to be Republican Presidential Nominee in 2012,16,3.2,Jan/27/2011 01:08:45
745285,2012.REP.NOM.BACHMANN,Michele Bachmann to be Republican Presidential Nominee in 2012,17,3.3,Jan/27/2011 01:09:09
745285,2012.REP.NOM.BACHMANN,Michele Bachmann to be Republican Presidential Nominee in 2012,9,3.5,Jan/27/2011 01:09:14
745285,2012.REP.NOM.BACHMANN,Michele Bachmann to be Republican Presidential Nominee in 2012,10,3.5,Jan/27/2011 01:09:14
745285,2012.REP.NOM.BACHMANN,Michele Bachmann to be Republican Presidential Nominee in 2012,100,3.6,Jan/27/2011 01:09:19
745285,2012.REP.NOM.BACHMANN,Michele Bachmann to be Republican Presidential Nominee in 2012,5,3.7,Jan/28/2011 03:07:13
745285,2012.REP.NOM.BACHMANN,Michele Bachmann to be Republican Presidential Nominee in 2012,5,3.7,Jan/28/2011 03:07:13
745285,2012.REP.NOM.BACHMANN,Michele Bachmann to be Republican Presidential Nominee in 2012,12,3.7,Jan/28/2011 03:07:13
745285,2012.REP.NOM.BACHMANN,Michele Bachmann to be Republican Presidential Nominee in 2012,10,3.9,Jan/28/2011 03:07:42
745285,2012.REP.NOM.BACHMANN,Michele Bachmann to be Republican Presidential Nominee in 2012,8,4.0,Jan/28/2011 03:07:42
745285,2012.REP.NOM.BACHMANN,Michele Bachmann to be Republican Presidential Nominee in 2012,11,3.8,Jan/28/2011 03:07:42
745285,2012.REP.NOM.BACHMANN,Michele Bachmann to be Republican Presidential Nominee in 2012,100,4.0,Jan/28/2011 03:07:42
745285,2012.REP.NOM.BACHMANN,Michele Bachmann to be Republican Presidential Nominee in 2012,10,3.9,Jan/28/2011 03:07:42
745285,2012.REP.NOM.BACHMANN,Michele Bachmann to be Republican Presidential Nominee in 2012,10,3.9,Jan/28/2011 03:07:42
745285,2012.REP.NOM.BACHMANN,Michele Bachmann to be Republican Presidential Nominee in 2012,5,3.8,Jan/30/2011 05:52:20
745285,2012.REP.NOM.BACHMANN,Michele Bachmann to be Republican Presidential Nominee in 2012,9,3.9,Jan/30/2011 05:52:27
745285,2012.REP.NOM.BACHMANN,Michele Bachmann to be Republican Presidential Nominee in 2012,10,3.9,Jan/30/2011 05:52:27
745285,2012.REP.NOM.BACHMANN,Michele Bachmann to be Republican Presidential Nominee in 2012,2,4.0,Jan/30/2011 05:52:40
745285,2012.REP.NOM.BACHMANN,Michele Bachmann to be Republican Presidential Nominee in 2012,9,4.0,Jan/30/2011 05:52:40
745285,2012.REP.NOM.BACHMANN,Michele Bachmann to be Republican Presidential Nominee in 2012,10,4.0,Jan/30/2011 05:52:40
745285,2012.REP.NOM.BACHMANN,Michele Bachmann to be Republican Presidential Nominee in 2012,100,4.0,Jan/30/2011 05:52:40
745285,2012.REP.NOM.BACHMANN,Michele Bachmann to be Republican Presidential Nominee in 2012,1,4.0,Jan/30/2011 18:09:27
745285,2012.REP.NOM.BACHMANN,Michele Bachmann to be Republican Presidential Nominee in 2012,2,4.0,Jan/30/2011 18:09:27
745285,2012.REP.NOM.BACHMANN,Michele Bachmann to be Republican Presidential Nominee in 2012,5,4.0,Jan/30/2011 18:09:27
745285,2012.REP.NOM.BACHMANN,Michele Bachmann to be Republican Presidential Nominee in 2012,50,4.0,Jan/30/2011 18:09:27
745285,2012.REP.NOM.BACHMANN,Michele Bachmann to be Republican Presidential Nominee in 2012,50,4.0,Jan/30/2011 18:09:27
745285,2012.REP.NOM.BACHMANN,Michele Bachmann to be Republican Presidential Nominee in 2012,100,4.0,Jan/30/2011 19:19:24
745285,2012.REP.NOM.BACHMANN,Michele Bachmann to be Republican Presidential Nominee in 2012,10,3.5,Jan/30/2011 22:00:47
745285,2012.REP.NOM.BACHMANN,Michele Bachmann to be Republican Presidential Nominee in 2012,10,3.5,Jan/31/2011 03:23:05
745285,2012.REP.NOM.BACHMANN,Michele Bachmann to be Republican Presidential Nominee in 2012,5,3.5,Jan/31/2011 04:36:51
745285,2012.REP.NOM.BACHMANN,Michele Bachmann to be Republican Presidential Nominee in 2012,5,3.2,Jan/31/2011 16:36:05
745285,2012.REP.NOM.BACHMANN,Michele Bachmann to be Republican Presidential Nominee in 2012,7,3.8,Jan/31/2011 18:00:53
745285,2012.REP.NOM.BACHMANN,Michele Bachmann to be Republican Presidential Nominee in 2012,10,3.8,Jan/31/2011 18:00:53
745285,2012.REP.NOM.BACHMANN,Michele Bachmann to be Republican Presidential Nominee in 2012,5,3.9,Jan/31/2011 18:01:00
745285,2012.REP.NOM.BACHMANN,Michele Bachmann to be Republican Presidential Nominee in 2012,10,3.9,Jan/31/2011 18:01:00
745285,2012.REP.NOM.BACHMANN,Michele Bachmann to be Republican Presidential Nominee in 2012,10,3.9,Jan/31/2011 18:01:00
745285,2012.REP.NOM.BACHMANN,Michele Bachmann to be Republican Presidential Nominee in 2012,10,3.9,Jan/31/2011 18:01:00
745285,2012.REP.NOM.BACHMANN,Michele Bachmann to be Republican Presidential Nominee in 2012,3,3.8,Jan/31/2011 21:53:49
745285,2012.REP.NOM.BACHMANN,Michele Bachmann to be Republican Presidential Nominee in 2012,10,3.5,Jan/31/2011 23:18:31
745285,2012.REP.NOM.BACHMANN,Michele Bachmann to be Republican Presidential Nominee in 2012,10,3.5,Feb/01/2011 00:32:14
745285,2012.REP.NOM.BACHMANN,Michele Bachmann to be Republican Presidential Nominee in 2012,10,3.5,Feb/01/2011 02:05:34
745285,2012.REP.NOM.BACHMANN,Michele Bachmann to be Republican Presidential Nominee in 2012,10,3.5,Feb/01/2011 03:27:27
745285,2012.REP.NOM.BACHMANN,Michele Bachmann to be Republican Presidential Nominee in 2012,10,3.5,Feb/01/2011 03:31:57
745285,2012.REP.NOM.BACHMANN,Michele Bachmann to be Republican Presidential Nominee in 2012,10,3.5,Feb/01/2011 15:29:10
745285,2012.REP.NOM.BACHMANN,Michele Bachmann to be Republican Presidential Nominee in 2012,8,3.5,Feb/01/2011 17:02:56
745285,2012.REP.NOM.BACHMANN,Michele Bachmann to be Republican Presidential Nominee in 2012,20,3.5,Feb/02/2011 00:37:11
745285,2012.REP.NOM.BACHMANN,Michele Bachmann to be Republican Presidential Nominee in 2012,2,3.5,Feb/02/2011 02:32:14
745285,2012.REP.NOM.BACHMANN,Michele Bachmann to be Republican Presidential Nominee in 2012,10,3.5,Feb/02/2011 03:35:17
745285,2012.REP.NOM.BACHMANN,Michele Bachmann to be Republican Presidential Nominee in 2012,10,3.5,Feb/02/2011 04:58:19
745285,2012.REP.NOM.BACHMANN,Michele Bachmann to be Republican Presidential Nominee in 2012,20,3.5,Feb/02/2011 15:17:59
745285,2012.REP.NOM.BACHMANN,Michele Bachmann to be Republican Presidential Nominee in 2012,20,3.5,Feb/02/2011 15:37:28
745285,2012.REP.NOM.BACHMANN,Michele Bachmann to be Republican Presidential Nominee in 2012,14,3.2,Feb/03/2011 02:58:46
745285,2012.REP.NOM.BACHMANN,Michele Bachmann to be Republican Presidential Nominee in 2012,1,3.3,Feb/03/2011 02:58:46
745285,2012.REP.NOM.BACHMANN,Michele Bachmann to be Republican Presidential Nominee in 2012,1,3.1,Feb/03/2011 04:00:25
745285,2012.REP.NOM.BACHMANN,Michele Bachmann to be Republican Presidential Nominee in 2012,1,3.0,Feb/03/2011 04:00:25
745285,2012.REP.NOM.BACHMANN,Michele Bachmann to be Republican Presidential Nominee in 2012,18,3.0,Feb/03/2011 04:01:11
745285,2012.REP.NOM.BACHMANN,Michele Bachmann to be Republican Presidential Nominee in 2012,97,4.0,Feb/03/2011 04:40:07
745285,2012.REP.NOM.BACHMANN,Michele Bachmann to be Republican Presidential Nominee in 2012,10,3.9,Feb/03/2011 04:40:07
745285,2012.REP.NOM.BACHMANN,Michele Bachmann to be Republican Presidential Nominee in 2012,7,3.7,Feb/03/2011 04:40:07
745285,2012.REP.NOM.BACHMANN,Michele Bachmann to be Republican Presidential Nominee in 2012,10,3.7,Feb/03/2011 04:40:07
745285,2012.REP.NOM.BACHMANN,Michele Bachmann to be Republican Presidential Nominee in 2012,20,3.9,Feb/03/2011 04:40:07
745285,2012.REP.NOM.BACHMANN,Michele Bachmann to be Republican Presidential Nominee in 2012,10,3.6,Feb/03/2011 04:40:07
745285,2012.REP.NOM.BACHMANN,Michele Bachmann to be Republican Presidential Nominee in 2012,10,3.6,Feb/03/2011 04:40:07
745285,2012.REP.NOM.BACHMANN,Michele Bachmann to be Republican Presidential Nominee in 2012,11,3.4,Feb/03/2011 04:40:07
745285,2012.REP.NOM.BACHMANN,Michele Bachmann to be Republican Presidential Nominee in 2012,5,3.2,Feb/03/2011 04:40:07
745285,2012.REP.NOM.BACHMANN,Michele Bachmann to be Republican Presidential Nominee in 2012,20,3.1,Feb/03/2011 04:40:07
745285,2012.REP.NOM.BACHMANN,Michele Bachmann to be Republican Presidential Nominee in 2012,1,3.0,Feb/03/2011 22:20:30
745285,2012.REP.NOM.BACHMANN,Michele Bachmann to be Republican Presidential Nominee in 2012,10,3.1,Feb/03/2011 23:46:23
745285,2012.REP.NOM.BACHMANN,Michele Bachmann to be Republican Presidential Nominee in 2012,10,3.5,Feb/04/2011 13:31:33
745285,2012.REP.NOM.BACHMANN,Michele Bachmann to be Republican Presidential Nominee in 2012,5,3.5,Feb/04/2011 15:08:11
745285,2012.REP.NOM.BACHMANN,Michele Bachmann to be Republican Presidential Nominee in 2012,7,3.1,Feb/04/2011 17:43:52
745285,2012.REP.NOM.BACHMANN,Michele Bachmann to be Republican Presidential Nominee in 2012,4,3.1,Feb/04/2011 19:03:58
745285,2012.REP.NOM.BACHMANN,Michele Bachmann to be Republican Presidential Nominee in 2012,1,3.0,Feb/04/2011 22:04:10
745285,2012.REP.NOM.BACHMANN,Michele Bachmann to be Republican Presidential Nominee in 2012,2,2.9,Feb/07/2011 21:45:40
745285,2012.REP.NOM.BACHMANN,Michele Bachmann to be Republican Presidential Nominee in 2012,1,2.9,Feb/07/2011 21:45:46
745285,2012.REP.NOM.BACHMANN,Michele Bachmann to be Republican Presidential Nominee in 2012,1,2.9,Feb/07/2011 21:45:52
745285,2012.REP.NOM.BACHMANN,Michele Bachmann to be Republican Presidential Nominee in 2012,1,2.9,Feb/07/2011 21:50:56
745285,2012.REP.NOM.BACHMANN,Michele Bachmann to be Republican Presidential Nominee in 2012,1,2.9,Feb/07/2011 21:51:02
745285,2012.REP.NOM.BACHMANN,Michele Bachmann to be Republican Presidential Nominee in 2012,20,2.9,Feb/08/2011 03:24:47
745285,2012.REP.NOM.BACHMANN,Michele Bachmann to be Republican Presidential Nominee in 2012,10,3.0,Feb/08/2011 03:59:17
745285,2012.REP.NOM.BACHMANN,Michele Bachmann to be Republican Presidential Nominee in 2012,74,2.9,Feb/08/2011 13:05:50
745285,2012.REP.NOM.BACHMANN,Michele Bachmann to be Republican Presidential Nominee in 2012,11,3.0,Feb/09/2011 02:00:16
745285,2012.REP.NOM.BACHMANN,Michele Bachmann to be Republican Presidential Nominee in 2012,14,3.0,Feb/09/2011 02:01:36
745285,2012.REP.NOM.BACHMANN,Michele Bachmann to be Republican Presidential Nominee in 2012,1,2.6,Feb/09/2011 13:50:55
745285,2012.REP.NOM.BACHMANN,Michele Bachmann to be Republican Presidential Nominee in 2012,20,2.5,Feb/09/2011 18:12:40
745285,2012.REP.NOM.BACHMANN,Michele Bachmann to be Republican Presidential Nominee in 2012,10,2.5,Feb/10/2011 02:37:19
745285,2012.REP.NOM.BACHMANN,Michele Bachmann to be Republican Presidential Nominee in 2012,14,2.5,Feb/10/2011 04:35:27
745285,2012.REP.NOM.BACHMANN,Michele Bachmann to be Republican Presidential Nominee in 2012,20,2.5,Feb/10/2011 15:47:09
745285,2012.REP.NOM.BACHMANN,Michele Bachmann to be Republican Presidential Nominee in 2012,5,2.5,Feb/10/2011 17:55:59
745285,2012.REP.NOM.BACHMANN,Michele Bachmann to be Republican Presidential Nominee in 2012,20,2.9,Feb/10/2011 18:25:24
745285,2012.REP.NOM.BACHMANN,Michele Bachmann to be Republican Presidential Nominee in 2012,20,3.0,Feb/10/2011 18:25:47
745285,2012.REP.NOM.BACHMANN,Michele Bachmann to be Republican Presidential Nominee in 2012,11,3.3,Feb/10/2011 23:18:31
745285,2012.REP.NOM.BACHMANN,Michele Bachmann to be Republican Presidential Nominee in 2012,10,3.3,Feb/10/2011 23:18:31
745285,2012.REP.NOM.BACHMANN,Michele Bachmann to be Republican Presidential Nominee in 2012,21,3.5,Feb/10/2011 23:18:40
745285,2012.REP.NOM.BACHMANN,Michele Bachmann to be Republican Presidential Nominee in 2012,20,3.5,Feb/10/2011 23:20:06
745285,2012.REP.NOM.BACHMANN,Michele Bachmann to be Republican Presidential Nominee in 2012,9,3.5,Feb/10/2011 23:20:58
745285,2012.REP.NOM.BACHMANN,Michele Bachmann to be Republican Presidential Nominee in 2012,20,3.3,Feb/11/2011 03:45:09
745285,2012.REP.NOM.BACHMANN,Michele Bachmann to be Republican Presidential Nominee in 2012,11,3.4,Feb/11/2011 04:29:35
745285,2012.REP.NOM.BACHMANN,Michele Bachmann to be Republican Presidential Nominee in 2012,20,3.5,Feb/11/2011 14:29:03
745285,2012.REP.NOM.BACHMANN,Michele Bachmann to be Republican Presidential Nominee in 2012,5,3.5,Feb/11/2011 15:28:53
745285,2012.REP.NOM.BACHMANN,Michele Bachmann to be Republican Presidential Nominee in 2012,11,3.4,Feb/11/2011 21:07:56
745285,2012.REP.NOM.BACHMANN,Michele Bachmann to be Republican Presidential Nominee in 2012,15,3.5,Feb/11/2011 21:08:14
745285,2012.REP.NOM.BACHMANN,Michele Bachmann to be Republican Presidential Nominee in 2012,20,3.5,Feb/11/2011 21:08:14
745285,2012.REP.NOM.BACHMANN,Michele Bachmann to be Republican Presidential Nominee in 2012,20,3.5,Feb/11/2011 21:42:51
745285,2012.REP.NOM.BACHMANN,Michele Bachmann to be Republican Presidential Nominee in 2012,10,3.5,Feb/11/2011 23:09:54
745285,2012.REP.NOM.BACHMANN,Michele Bachmann to be Republican Presidential Nominee in 2012,5,3.5,Feb/12/2011 18:34:31
745285,2012.REP.NOM.BACHMANN,Michele Bachmann to be Republican Presidential Nominee in 2012,60,3.0,Feb/13/2011 00:04:26
745285,2012.REP.NOM.BACHMANN,Michele Bachmann to be Republican Presidential Nominee in 2012,9,3.3,Feb/13/2011 00:04:26
745285,2012.REP.NOM.BACHMANN,Michele Bachmann to be Republican Presidential Nominee in 2012,1,3.1,Feb/13/2011 00:04:26
745285,2012.REP.NOM.BACHMANN,Michele Bachmann to be Republican Presidential Nominee in 2012,20,3.0,Feb/13/2011 00:04:46
745285,2012.REP.NOM.BACHMANN,Michele Bachmann to be Republican Presidential Nominee in 2012,20,3.0,Feb/13/2011 02:35:15
745285,2012.REP.NOM.BACHMANN,Michele Bachmann to be Republican Presidential Nominee in 2012,20,3.0,Feb/13/2011 12:40:41
745285,2012.REP.NOM.BACHMANN,Michele Bachmann to be Republican Presidential Nominee in 2012,25,2.9,Feb/13/2011 16:10:40
745285,2012.REP.NOM.BACHMANN,Michele Bachmann to be Republican Presidential Nominee in 2012,5,3.0,Feb/13/2011 16:10:40
745285,2012.REP.NOM.BACHMANN,Michele Bachmann to be Republican Presidential Nominee in 2012,5,2.9,Feb/13/2011 16:27:33
745285,2012.REP.NOM.BACHMANN,Michele Bachmann to be Republican Presidential Nominee in 2012,15,2.9,Feb/13/2011 17:54:34
745285,2012.REP.NOM.BACHMANN,Michele Bachmann to be Republican Presidential Nominee in 2012,20,2.9,Feb/13/2011 19:22:16
745285,2012.REP.NOM.BACHMANN,Michele Bachmann to be Republican Presidential Nominee in 2012,10,2.9,Feb/13/2011 21:20:37
745285,2012.REP.NOM.BACHMANN,Michele Bachmann to be Republican Presidential Nominee in 2012,81,2.0,Feb/14/2011 13:38:31
745285,2012.REP.NOM.BACHMANN,Michele Bachmann to be Republican Presidential Nominee in 2012,100,2.0,Feb/14/2011 13:38:31
745285,2012.REP.NOM.BACHMANN,Michele Bachmann to be Republican Presidential Nominee in 2012,181,2.5,Feb/14/2011 13:38:31
745285,2012.REP.NOM.BACHMANN,Michele Bachmann to be Republican Presidential Nominee in 2012,7,1.6,Feb/14/2011 13:38:31
745285,2012.REP.NOM.BACHMANN,Michele Bachmann to be Republican Presidential Nominee in 2012,25,2.3,Feb/14/2011 13:38:31
745285,2012.REP.NOM.BACHMANN,Michele Bachmann to be Republican Presidential Nominee in 2012,1,2.5,Feb/14/2011 13:38:31
745285,2012.REP.NOM.BACHMANN,Michele Bachmann to be Republican Presidential Nominee in 2012,5,2.9,Feb/14/2011 13:38:31
745285,2012.REP.NOM.BACHMANN,Michele Bachmann to be Republican Presidential Nominee in 2012,5,2.6,Feb/14/2011 21:13:00
745285,2012.REP.NOM.BACHMANN,Michele Bachmann to be Republican Presidential Nominee in 2012,5,2.6,Feb/15/2011 05:04:55
745285,2012.REP.NOM.BACHMANN,Michele Bachmann to be Republican Presidential Nominee in 2012,15,2.6,Feb/15/2011 05:04:55
745285,2012.REP.NOM.BACHMANN,Michele Bachmann to be Republican Presidential Nominee in 2012,10,2.7,Feb/15/2011 05:06:20
745285,2012.REP.NOM.BACHMANN,Michele Bachmann to be Republican Presidential Nominee in 2012,15,2.7,Feb/15/2011 05:06:20
745285,2012.REP.NOM.BACHMANN,Michele Bachmann to be Republican Presidential Nominee in 2012,5,2.6,Feb/15/2011 05:06:20
745285,2012.REP.NOM.BACHMANN,Michele Bachmann to be Republican Presidential Nominee in 2012,5,2.7,Feb/15/2011 13:01:15
745285,2012.REP.NOM.BACHMANN,Michele Bachmann to be Republican Presidential Nominee in 2012,13,2.8,Feb/15/2011 13:01:21
745285,2012.REP.NOM.BACHMANN,Michele Bachmann to be Republican Presidential Nominee in 2012,20,2.9,Feb/15/2011 13:01:27
745285,2012.REP.NOM.BACHMANN,Michele Bachmann to be Republican Presidential Nominee in 2012,19,3.0,Feb/15/2011 13:01:37
745285,2012.REP.NOM.BACHMANN,Michele Bachmann to be Republican Presidential Nominee in 2012,31,3.0,Feb/15/2011 13:01:37
745285,2012.REP.NOM.BACHMANN,Michele Bachmann to be Republican Presidential Nominee in 2012,5,3.0,Feb/15/2011 13:01:40
745285,2012.REP.NOM.BACHMANN,Michele Bachmann to be Republican Presidential Nominee in 2012,40,3.0,Feb/15/2011 13:32:38
745285,2012.REP.NOM.BACHMANN,Michele Bachmann to be Republican Presidential Nominee in 2012,74,2.5,Feb/15/2011 14:46:22
745285,2012.REP.NOM.BACHMANN,Michele Bachmann to be Republican Presidential Nominee in 2012,5,3.0,Feb/15/2011 14:46:22
745285,2012.REP.NOM.BACHMANN,Michele Bachmann to be Republican Presidential Nominee in 2012,20,2.9,Feb/15/2011 22:50:06
745285,2012.REP.NOM.BACHMANN,Michele Bachmann to be Republican Presidential Nominee in 2012,20,2.9,Feb/15/2011 22:57:36
745285,2012.REP.NOM.BACHMANN,Michele Bachmann to be Republican Presidential Nominee in 2012,10,2.9,Feb/16/2011 15:24:23
745285,2012.REP.NOM.BACHMANN,Michele Bachmann to be Republican Presidential Nominee in 2012,26,2.5,Feb/16/2011 21:05:33
745285,2012.REP.NOM.BACHMANN,Michele Bachmann to be Republican Presidential Nominee in 2012,100,2.5,Feb/17/2011 03:41:59
745285,2012.REP.NOM.BACHMANN,Michele Bachmann to be Republican Presidential Nominee in 2012,1,2.2,Feb/17/2011 06:18:54
745285,2012.REP.NOM.BACHMANN,Michele Bachmann to be Republican Presidential Nominee in 2012,1,2.2,Feb/17/2011 14:52:31
745285,2012.REP.NOM.BACHMANN,Michele Bachmann to be Republican Presidential Nominee in 2012,1,2.2,Feb/17/2011 14:53:47
745285,2012.REP.NOM.BACHMANN,Michele Bachmann to be Republican Presidential Nominee in 2012,3,2.3,Feb/17/2011 14:53:57
745285,2012.REP.NOM.BACHMANN,Michele Bachmann to be Republican Presidential Nominee in 2012,4,2.3,Feb/17/2011 14:54:22
745285,2012.REP.NOM.BACHMANN,Michele Bachmann to be Republican Presidential Nominee in 2012,1,2.8,Feb/17/2011 21:37:13
745285,2012.REP.NOM.BACHMANN,Michele Bachmann to be Republican Presidential Nominee in 2012,20,2.9,Feb/17/2011 21:37:23
745285,2012.REP.NOM.BACHMANN,Michele Bachmann to be Republican Presidential Nominee in 2012,4,2.9,Feb/17/2011 21:37:23
745285,2012.REP.NOM.BACHMANN,Michele Bachmann to be Republican Presidential Nominee in 2012,1,3.3,Feb/17/2011 21:37:35
745285,2012.REP.NOM.BACHMANN,Michele Bachmann to be Republican Presidential Nominee in 2012,15,3.4,Feb/17/2011 21:37:35
745285,2012.REP.NOM.BACHMANN,Michele Bachmann to be Republican Presidential Nominee in 2012,20,3.3,Feb/17/2011 21:37:35
745285,2012.REP.NOM.BACHMANN,Michele Bachmann to be Republican Presidential Nominee in 2012,14,3.2,Feb/17/2011 21:37:35
745285,2012.REP.NOM.BACHMANN,Michele Bachmann to be Republican Presidential Nominee in 2012,20,3.0,Feb/17/2011 21:37:35
745285,2012.REP.NOM.BACHMANN,Michele Bachmann to be Republican Presidential Nominee in 2012,20,3.0,Feb/17/2011 21:37:35
745285,2012.REP.NOM.BACHMANN,Michele Bachmann to be Republican Presidential Nominee in 2012,11,3.0,Feb/18/2011 01:55:27
745285,2012.REP.NOM.BACHMANN,Michele Bachmann to be Republican Presidential Nominee in 2012,39,3.0,Feb/18/2011 05:04:58
745285,2012.REP.NOM.BACHMANN,Michele Bachmann to be Republican Presidential Nominee in 2012,50,3.0,Feb/18/2011 14:28:50
745285,2012.REP.NOM.BACHMANN,Michele Bachmann to be Republican Presidential Nominee in 2012,39,2.6,Feb/18/2011 17:30:01
745285,2012.REP.NOM.BACHMANN,Michele Bachmann to be Republican Presidential Nominee in 2012,1,2.7,Feb/18/2011 17:30:01
745285,2012.REP.NOM.BACHMANN,Michele Bachmann to be Republican Presidential Nominee in 2012,20,2.7,Feb/18/2011 17:30:01
745285,2012.REP.NOM.BACHMANN,Michele Bachmann to be Republican Presidential Nominee in 2012,11,2.6,Feb/19/2011 01:37:00
745285,2012.REP.NOM.BACHMANN,Michele Bachmann to be Republican Presidential Nominee in 2012,9,2.6,Feb/19/2011 01:37:00
745285,2012.REP.NOM.BACHMANN,Michele Bachmann to be Republican Presidential Nominee in 2012,1,2.7,Feb/19/2011 19:56:19
745285,2012.REP.NOM.BACHMANN,Michele Bachmann to be Republican Presidential Nominee in 2012,11,2.6,Feb/19/2011 22:18:50
745285,2012.REP.NOM.BACHMANN,Michele Bachmann to be Republican Presidential Nominee in 2012,9,2.6,Feb/19/2011 22:44:43
745285,2012.REP.NOM.BACHMANN,Michele Bachmann to be Republican Presidential Nominee in 2012,9,2.7,Feb/19/2011 22:56:17
745285,2012.REP.NOM.BACHMANN,Michele Bachmann to be Republican Presidential Nominee in 2012,1,3.0,Feb/19/2011 22:56:29
745285,2012.REP.NOM.BACHMANN,Michele Bachmann to be Republican Presidential Nominee in 2012,20,3.0,Feb/19/2011 22:58:58
745285,2012.REP.NOM.BACHMANN,Michele Bachmann to be Republican Presidential Nominee in 2012,70,3.0,Feb/19/2011 23:00:56
745285,2012.REP.NOM.BACHMANN,Michele Bachmann to be Republican Presidential Nominee in 2012,1,2.7,Feb/20/2011 06:36:15
745285,2012.REP.NOM.BACHMANN,Michele Bachmann to be Republican Presidential Nominee in 2012,19,2.7,Feb/20/2011 06:36:15
745285,2012.REP.NOM.BACHMANN,Michele Bachmann to be Republican Presidential Nominee in 2012,5,2.7,Feb/20/2011 06:53:24
745285,2012.REP.NOM.BACHMANN,Michele Bachmann to be Republican Presidential Nominee in 2012,1,2.9,Feb/20/2011 19:43:09
745285,2012.REP.NOM.BACHMANN,Michele Bachmann to be Republican Presidential Nominee in 2012,4,2.9,Feb/20/2011 21:16:02
745285,2012.REP.NOM.BACHMANN,Michele Bachmann to be Republican Presidential Nominee in 2012,20,3.0,Feb/20/2011 21:55:27
745285,2012.REP.NOM.BACHMANN,Michele Bachmann to be Republican Presidential Nominee in 2012,20,3.0,Feb/20/2011 22:05:06
745285,2012.REP.NOM.BACHMANN,Michele Bachmann to be Republican Presidential Nominee in 2012,10,3.0,Feb/20/2011 22:20:05
745285,2012.REP.NOM.BACHMANN,Michele Bachmann to be Republican Presidential Nominee in 2012,20,2.9,Feb/21/2011 05:51:34
745285,2012.REP.NOM.BACHMANN,Michele Bachmann to be Republican Presidential Nominee in 2012,68,3.0,Feb/21/2011 05:51:39
745285,2012.REP.NOM.BACHMANN,Michele Bachmann to be Republican Presidential Nominee in 2012,32,3.0,Feb/21/2011 12:10:34
745285,2012.REP.NOM.BACHMANN,Michele Bachmann to be Republican Presidential Nominee in 2012,1,2.8,Feb/21/2011 18:23:39
745285,2012.REP.NOM.BACHMANN,Michele Bachmann to be Republican Presidential Nominee in 2012,20,2.9,Feb/21/2011 18:56:33
745285,2012.REP.NOM.BACHMANN,Michele Bachmann to be Republican Presidential Nominee in 2012,18,3.0,Feb/21/2011 18:56:38
745285,2012.REP.NOM.BACHMANN,Michele Bachmann to be Republican Presidential Nominee in 2012,2,3.1,Feb/21/2011 23:05:23
745285,2012.REP.NOM.BACHMANN,Michele Bachmann to be Republican Presidential Nominee in 2012,8,3.1,Feb/21/2011 23:05:23
745285,2012.REP.NOM.BACHMANN,Michele Bachmann to be Republican Presidential Nominee in 2012,5,3.1,Feb/21/2011 23:05:49
745285,2012.REP.NOM.BACHMANN,Michele Bachmann to be Republican Presidential Nominee in 2012,5,3.1,Feb/22/2011 04:43:53
745285,2012.REP.NOM.BACHMANN,Michele Bachmann to be Republican Presidential Nominee in 2012,1,3.1,Feb/22/2011 05:54:15
745285,2012.REP.NOM.BACHMANN,Michele Bachmann to be Republican Presidential Nominee in 2012,1,3.2,Feb/22/2011 13:06:24
745285,2012.REP.NOM.BACHMANN,Michele Bachmann to be Republican Presidential Nominee in 2012,8,3.2,Feb/22/2011 13:06:24
745285,2012.REP.NOM.BACHMANN,Michele Bachmann to be Republican Presidential Nominee in 2012,20,3.2,Feb/22/2011 13:42:50
745285,2012.REP.NOM.BACHMANN,Michele Bachmann to be Republican Presidential Nominee in 2012,20,3.2,Feb/22/2011 16:03:11
745285,2012.REP.NOM.BACHMANN,Michele Bachmann to be Republican Presidential Nominee in 2012,1,3.2,Feb/22/2011 16:22:44
745285,2012.REP.NOM.BACHMANN,Michele Bachmann to be Republican Presidential Nominee in 2012,1,3.1,Feb/22/2011 16:22:49
745285,2012.REP.NOM.BACHMANN,Michele Bachmann to be Republican Presidential Nominee in 2012,62,3.0,Feb/22/2011 17:15:35
745285,2012.REP.NOM.BACHMANN,Michele Bachmann to be Republican Presidential Nominee in 2012,18,3.1,Feb/22/2011 17:15:35
745285,2012.REP.NOM.BACHMANN,Michele Bachmann to be Republican Presidential Nominee in 2012,20,3.0,Feb/23/2011 03:29:51
745285,2012.REP.NOM.BACHMANN,Michele Bachmann to be Republican Presidential Nominee in 2012,20,3.1,Feb/23/2011 13:50:41
745285,2012.REP.NOM.BACHMANN,Michele Bachmann to be Republican Presidential Nominee in 2012,1,3.1,Feb/23/2011 17:39:27
745285,2012.REP.NOM.BACHMANN,Michele Bachmann to be Republican Presidential Nominee in 2012,33,3.0,Feb/23/2011 19:31:20
745285,2012.REP.NOM.BACHMANN,Michele Bachmann to be Republican Presidential Nominee in 2012,12,3.2,Feb/25/2011 02:11:55
745285,2012.REP.NOM.BACHMANN,Michele Bachmann to be Republican Presidential Nominee in 2012,2,3.2,Feb/25/2011 02:11:55
745285,2012.REP.NOM.BACHMANN,Michele Bachmann to be Republican Presidential Nominee in 2012,1,3.3,Feb/25/2011 02:12:20
745285,2012.REP.NOM.BACHMANN,Michele Bachmann to be Republican Presidential Nominee in 2012,15,3.3,Feb/25/2011 03:12:09
745285,2012.REP.NOM.BACHMANN,Michele Bachmann to be Republican Presidential Nominee in 2012,20,3.4,Feb/25/2011 14:11:47
745285,2012.REP.NOM.BACHMANN,Michele Bachmann to be Republican Presidential Nominee in 2012,10,3.5,Feb/25/2011 14:12:07
745285,2012.REP.NOM.BACHMANN,Michele Bachmann to be Republican Presidential Nominee in 2012,7,3.7,Feb/25/2011 16:25:52
745285,2012.REP.NOM.BACHMANN,Michele Bachmann to be Republican Presidential Nominee in 2012,1,3.6,Feb/25/2011 16:25:52
745285,2012.REP.NOM.BACHMANN,Michele Bachmann to be Republican Presidential Nominee in 2012,5,3.7,Feb/25/2011 16:25:52
745285,2012.REP.NOM.BACHMANN,Michele Bachmann to be Republican Presidential Nominee in 2012,27,3.7,Feb/25/2011 17:55:49
745285,2012.REP.NOM.BACHMANN,Michele Bachmann to be Republican Presidential Nominee in 2012,4,3.8,Feb/25/2011 20:15:40
745285,2012.REP.NOM.BACHMANN,Michele Bachmann to be Republican Presidential Nominee in 2012,15,3.8,Feb/25/2011 22:56:18
745285,2012.REP.NOM.BACHMANN,Michele Bachmann to be Republican Presidential Nominee in 2012,20,4.0,Feb/25/2011 22:56:25
745285,2012.REP.NOM.BACHMANN,Michele Bachmann to be Republican Presidential Nominee in 2012,19,4.0,Feb/25/2011 22:56:25
745285,2012.REP.NOM.BACHMANN,Michele Bachmann to be Republican Presidential Nominee in 2012,61,4.0,Feb/26/2011 08:18:58
745285,2012.REP.NOM.BACHMANN,Michele Bachmann to be Republican Presidential Nominee in 2012,39,4.0,Feb/26/2011 08:42:58
745285,2012.REP.NOM.BACHMANN,Michele Bachmann to be Republican Presidential Nominee in 2012,61,4.0,Feb/26/2011 08:44:56
745285,2012.REP.NOM.BACHMANN,Michele Bachmann to be Republican Presidential Nominee in 2012,15,3.8,Feb/26/2011 15:16:23
745285,2012.REP.NOM.BACHMANN,Michele Bachmann to be Republican Presidential Nominee in 2012,10,3.8,Feb/26/2011 15:18:05
745285,2012.REP.NOM.BACHMANN,Michele Bachmann to be Republican Presidential Nominee in 2012,11,3.9,Feb/26/2011 19:56:21
745285,2012.REP.NOM.BACHMANN,Michele Bachmann to be Republican Presidential Nominee in 2012,20,3.9,Feb/26/2011 19:56:21
745285,2012.REP.NOM.BACHMANN,Michele Bachmann to be Republican Presidential Nominee in 2012,11,3.9,Feb/26/2011 20:02:08
745285,2012.REP.NOM.BACHMANN,Michele Bachmann to be Republican Presidential Nominee in 2012,5,3.9,Feb/26/2011 21:33:53
745285,2012.REP.NOM.BACHMANN,Michele Bachmann to be Republican Presidential Nominee in 2012,2,3.9,Feb/27/2011 05:40:01
745285,2012.REP.NOM.BACHMANN,Michele Bachmann to be Republican Presidential Nominee in 2012,39,4.0,Feb/28/2011 01:44:32
745285,2012.REP.NOM.BACHMANN,Michele Bachmann to be Republican Presidential Nominee in 2012,19,4.1,Feb/28/2011 03:17:10
745285,2012.REP.NOM.BACHMANN,Michele Bachmann to be Republican Presidential Nominee in 2012,51,3.9,Feb/28/2011 17:17:17
745285,2012.REP.NOM.BACHMANN,Michele Bachmann to be Republican Presidential Nominee in 2012,61,4.0,Feb/28/2011 17:17:17
745285,2012.REP.NOM.BACHMANN,Michele Bachmann to be Republican Presidential Nominee in 2012,10,3.8,Feb/28/2011 18:49:58
745285,2012.REP.NOM.BACHMANN,Michele Bachmann to be Republican Presidential Nominee in 2012,3,3.8,Mar/01/2011 01:17:11
745285,2012.REP.NOM.BACHMANN,Michele Bachmann to be Republican Presidential Nominee in 2012,20,3.8,Mar/01/2011 01:17:11
745285,2012.REP.NOM.BACHMANN,Michele Bachmann to be Republican Presidential Nominee in 2012,188,3.9,Mar/01/2011 01:17:20
745285,2012.REP.NOM.BACHMANN,Michele Bachmann to be Republican Presidential Nominee in 2012,10,3.9,Mar/01/2011 15:38:42
745285,2012.REP.NOM.BACHMANN,Michele Bachmann to be Republican Presidential Nominee in 2012,5,4.0,Mar/02/2011 03:03:35
745285,2012.REP.NOM.BACHMANN,Michele Bachmann to be Republican Presidential Nominee in 2012,95,4.0,Mar/02/2011 03:03:35
745285,2012.REP.NOM.BACHMANN,Michele Bachmann to be Republican Presidential Nominee in 2012,3,4.0,Mar/02/2011 09:03:32
745285,2012.REP.NOM.BACHMANN,Michele Bachmann to be Republican Presidential Nominee in 2012,20,4.0,Mar/02/2011 09:03:32
745285,2012.REP.NOM.BACHMANN,Michele Bachmann to be Republican Presidential Nominee in 2012,17,4.0,Mar/02/2011 09:57:50
745285,2012.REP.NOM.BACHMANN,Michele Bachmann to be Republican Presidential Nominee in 2012,1,4.1,Mar/02/2011 15:34:30
745285,2012.REP.NOM.BACHMANN,Michele Bachmann to be Republican Presidential Nominee in 2012,10,4.0,Mar/02/2011 17:28:34
745285,2012.REP.NOM.BACHMANN,Michele Bachmann to be Republican Presidential Nominee in 2012,5,4.1,Mar/02/2011 21:40:14
745285,2012.REP.NOM.BACHMANN,Michele Bachmann to be Republican Presidential Nominee in 2012,1,4.1,Mar/02/2011 21:40:14
745285,2012.REP.NOM.BACHMANN,Michele Bachmann to be Republican Presidential Nominee in 2012,11,4.1,Mar/02/2011 21:40:14
745285,2012.REP.NOM.BACHMANN,Michele Bachmann to be Republican Presidential Nominee in 2012,10,4.1,Mar/02/2011 23:22:59
745285,2012.REP.NOM.BACHMANN,Michele Bachmann to be Republican Presidential Nominee in 2012,1,4.2,Mar/03/2011 00:28:28
745285,2012.REP.NOM.BACHMANN,Michele Bachmann to be Republican Presidential Nominee in 2012,1,4.2,Mar/03/2011 02:25:12
745285,2012.REP.NOM.BACHMANN,Michele Bachmann to be Republican Presidential Nominee in 2012,6,4.1,Mar/03/2011 15:53:45
745285,2012.REP.NOM.BACHMANN,Michele Bachmann to be Republican Presidential Nominee in 2012,17,4.1,Mar/04/2011 02:10:44
745285,2012.REP.NOM.BACHMANN,Michele Bachmann to be Republican Presidential Nominee in 2012,2,4.1,Mar/05/2011 01:05:13
745285,2012.REP.NOM.BACHMANN,Michele Bachmann to be Republican Presidential Nominee in 2012,2,4.1,Mar/05/2011 01:05:13
745285,2012.REP.NOM.BACHMANN,Michele Bachmann to be Republican Presidential Nominee in 2012,18,4.2,Mar/05/2011 01:05:32
745285,2012.REP.NOM.BACHMANN,Michele Bachmann to be Republican Presidential Nominee in 2012,32,4.2,Mar/05/2011 09:20:07
745285,2012.REP.NOM.BACHMANN,Michele Bachmann to be Republican Presidential Nominee in 2012,2,3.9,Mar/06/2011 03:33:08
745285,2012.REP.NOM.BACHMANN,Michele Bachmann to be Republican Presidential Nominee in 2012,1,3.9,Mar/06/2011 17:20:31
745285,2012.REP.NOM.BACHMANN,Michele Bachmann to be Republican Presidential Nominee in 2012,6,4.0,Mar/06/2011 18:14:30
745285,2012.REP.NOM.BACHMANN,Michele Bachmann to be Republican Presidential Nominee in 2012,1,4.0,Mar/06/2011 18:14:30
745285,2012.REP.NOM.BACHMANN,Michele Bachmann to be Republican Presidential Nominee in 2012,5,4.1,Mar/06/2011 18:14:35
745285,2012.REP.NOM.BACHMANN,Michele Bachmann to be Republican Presidential Nominee in 2012,20,4.1,Mar/06/2011 18:14:35
745285,2012.REP.NOM.BACHMANN,Michele Bachmann to be Republican Presidential Nominee in 2012,20,4.1,Mar/06/2011 18:14:35
745285,2012.REP.NOM.BACHMANN,Michele Bachmann to be Republican Presidential Nominee in 2012,20,4.1,Mar/06/2011 18:14:35
745285,2012.REP.NOM.BACHMANN,Michele Bachmann to be Republican Presidential Nominee in 2012,35,4.1,Mar/06/2011 18:16:22
745285,2012.REP.NOM.BACHMANN,Michele Bachmann to be Republican Presidential Nominee in 2012,49,3.9,Mar/07/2011 16:16:33
745285,2012.REP.NOM.BACHMANN,Michele Bachmann to be Republican Presidential Nominee in 2012,302,3.9,Mar/07/2011 18:14:57
745285,2012.REP.NOM.BACHMANN,Michele Bachmann to be Republican Presidential Nominee in 2012,5,4.0,Mar/07/2011 18:15:02
745285,2012.REP.NOM.BACHMANN,Michele Bachmann to be Republican Presidential Nominee in 2012,5,4.1,Mar/07/2011 18:38:09
745285,2012.REP.NOM.BACHMANN,Michele Bachmann to be Republican Presidential Nominee in 2012,20,4.1,Mar/07/2011 18:38:09
745285,2012.REP.NOM.BACHMANN,Michele Bachmann to be Republican Presidential Nominee in 2012,95,4.0,Mar/07/2011 19:19:56
745285,2012.REP.NOM.BACHMANN,Michele Bachmann to be Republican Presidential Nominee in 2012,1,3.8,Mar/08/2011 12:39:56
745285,2012.REP.NOM.BACHMANN,Michele Bachmann to be Republican Presidential Nominee in 2012,1,3.8,Mar/08/2011 12:41:45
745285,2012.REP.NOM.BACHMANN,Michele Bachmann to be Republican Presidential Nominee in 2012,1,3.8,Mar/08/2011 12:41:51
745285,2012.REP.NOM.BACHMANN,Michele Bachmann to be Republican Presidential Nominee in 2012,1,3.8,Mar/08/2011 12:43:32
745285,2012.REP.NOM.BACHMANN,Michele Bachmann to be Republican Presidential Nominee in 2012,2,4.1,Mar/10/2011 13:39:46
745285,2012.REP.NOM.BACHMANN,Michele Bachmann to be Republican Presidential Nominee in 2012,1,4.1,Mar/10/2011 13:39:46
745285,2012.REP.NOM.BACHMANN,Michele Bachmann to be Republican Presidential Nominee in 2012,1,4.1,Mar/10/2011 13:39:46
745285,2012.REP.NOM.BACHMANN,Michele Bachmann to be Republican Presidential Nominee in 2012,1,4.1,Mar/10/2011 13:39:46
745285,2012.REP.NOM.BACHMANN,Michele Bachmann to be Republican Presidential Nominee in 2012,5,4.2,Mar/10/2011 13:39:53
745285,2012.REP.NOM.BACHMANN,Michele Bachmann to be Republican Presidential Nominee in 2012,6,4.2,Mar/10/2011 13:39:53
745285,2012.REP.NOM.BACHMANN,Michele Bachmann to be Republican Presidential Nominee in 2012,14,4.2,Mar/10/2011 17:03:56
745285,2012.REP.NOM.BACHMANN,Michele Bachmann to be Republican Presidential Nominee in 2012,6,4.2,Mar/11/2011 15:10:29
745285,2012.REP.NOM.BACHMANN,Michele Bachmann to be Republican Presidential Nominee in 2012,19,4.2,Mar/11/2011 15:10:29
745285,2012.REP.NOM.BACHMANN,Michele Bachmann to be Republican Presidential Nominee in 2012,1,4.2,Mar/11/2011 16:19:24
745285,2012.REP.NOM.BACHMANN,Michele Bachmann to be Republican Presidential Nominee in 2012,20,4.2,Mar/11/2011 16:19:24
745285,2012.REP.NOM.BACHMANN,Michele Bachmann to be Republican Presidential Nominee in 2012,10,4.3,Mar/12/2011 07:50:24
745285,2012.REP.NOM.BACHMANN,Michele Bachmann to be Republican Presidential Nominee in 2012,14,4.4,Mar/12/2011 08:17:40
745285,2012.REP.NOM.BACHMANN,Michele Bachmann to be Republican Presidential Nominee in 2012,10,4.5,Mar/12/2011 08:17:40
745285,2012.REP.NOM.BACHMANN,Michele Bachmann to be Republican Presidential Nominee in 2012,20,4.5,Mar/12/2011 08:17:40
745285,2012.REP.NOM.BACHMANN,Michele Bachmann to be Republican Presidential Nominee in 2012,10,4.5,Mar/12/2011 13:33:17
745285,2012.REP.NOM.BACHMANN,Michele Bachmann to be Republican Presidential Nominee in 2012,10,4.5,Mar/12/2011 13:33:17
745285,2012.REP.NOM.BACHMANN,Michele Bachmann to be Republican Presidential Nominee in 2012,10,4.5,Mar/12/2011 13:33:17
745285,2012.REP.NOM.BACHMANN,Michele Bachmann to be Republican Presidential Nominee in 2012,40,4.5,Mar/12/2011 16:40:23
745285,2012.REP.NOM.BACHMANN,Michele Bachmann to be Republican Presidential Nominee in 2012,90,4.3,Mar/12/2011 17:26:11
745285,2012.REP.NOM.BACHMANN,Michele Bachmann to be Republican Presidential Nominee in 2012,60,4.5,Mar/12/2011 17:26:11
745285,2012.REP.NOM.BACHMANN,Michele Bachmann to be Republican Presidential Nominee in 2012,25,4.2,Mar/13/2011 15:15:24
745285,2012.REP.NOM.BACHMANN,Michele Bachmann to be Republican Presidential Nominee in 2012,1,4.5,Mar/13/2011 21:34:20
745285,2012.REP.NOM.BACHMANN,Michele Bachmann to be Republican Presidential Nominee in 2012,1,4.2,Mar/14/2011 15:19:41
745285,2012.REP.NOM.BACHMANN,Michele Bachmann to be Republican Presidential Nominee in 2012,1,4.2,Mar/14/2011 15:19:46
745285,2012.REP.NOM.BACHMANN,Michele Bachmann to be Republican Presidential Nominee in 2012,2,4.2,Mar/14/2011 15:21:02
745285,2012.REP.NOM.BACHMANN,Michele Bachmann to be Republican Presidential Nominee in 2012,10,4.5,Mar/14/2011 19:09:35
745285,2012.REP.NOM.BACHMANN,Michele Bachmann to be Republican Presidential Nominee in 2012,7,4.4,Mar/15/2011 01:58:07
745285,2012.REP.NOM.BACHMANN,Michele Bachmann to be Republican Presidential Nominee in 2012,10,4.3,Mar/15/2011 02:21:05
745285,2012.REP.NOM.BACHMANN,Michele Bachmann to be Republican Presidential Nominee in 2012,18,4.4,Mar/15/2011 02:21:05
745285,2012.REP.NOM.BACHMANN,Michele Bachmann to be Republican Presidential Nominee in 2012,90,4.0,Mar/15/2011 22:24:31
745285,2012.REP.NOM.BACHMANN,Michele Bachmann to be Republican Presidential Nominee in 2012,10,4.0,Mar/16/2011 02:08:47
745285,2012.REP.NOM.BACHMANN,Michele Bachmann to be Republican Presidential Nominee in 2012,50,4.0,Mar/16/2011 14:53:06
745285,2012.REP.NOM.BACHMANN,Michele Bachmann to be Republican Presidential Nominee in 2012,20,4.0,Mar/16/2011 21:59:56
745285,2012.REP.NOM.BACHMANN,Michele Bachmann to be Republican Presidential Nominee in 2012,5,4.0,Mar/17/2011 02:18:50
745285,2012.REP.NOM.BACHMANN,Michele Bachmann to be Republican Presidential Nominee in 2012,10,4.0,Mar/17/2011 18:32:29
745285,2012.REP.NOM.BACHMANN,Michele Bachmann to be Republican Presidential Nominee in 2012,20,4.0,Mar/17/2011 21:53:14
745285,2012.REP.NOM.BACHMANN,Michele Bachmann to be Republican Presidential Nominee in 2012,3,4.2,Mar/18/2011 17:05:26
745285,2012.REP.NOM.BACHMANN,Michele Bachmann to be Republican Presidential Nominee in 2012,22,4.3,Mar/19/2011 04:08:17
745285,2012.REP.NOM.BACHMANN,Michele Bachmann to be Republican Presidential Nominee in 2012,1,4.4,Mar/20/2011 05:29:19
745285,2012.REP.NOM.BACHMANN,Michele Bachmann to be Republican Presidential Nominee in 2012,1,4.4,Mar/20/2011 05:29:19
745285,2012.REP.NOM.BACHMANN,Michele Bachmann to be Republican Presidential Nominee in 2012,2,4.4,Mar/20/2011 05:29:19
745285,2012.REP.NOM.BACHMANN,Michele Bachmann to be Republican Presidential Nominee in 2012,20,4.5,Mar/20/2011 05:29:25
745285,2012.REP.NOM.BACHMANN,Michele Bachmann to be Republican Presidential Nominee in 2012,20,4.6,Mar/20/2011 23:14:47
745285,2012.REP.NOM.BACHMANN,Michele Bachmann to be Republican Presidential Nominee in 2012,15,4.6,Mar/20/2011 23:14:47
745285,2012.REP.NOM.BACHMANN,Michele Bachmann to be Republican Presidential Nominee in 2012,20,4.6,Mar/20/2011 23:14:47
745285,2012.REP.NOM.BACHMANN,Michele Bachmann to be Republican Presidential Nominee in 2012,45,4.6,Mar/21/2011 03:07:44
745285,2012.REP.NOM.BACHMANN,Michele Bachmann to be Republican Presidential Nominee in 2012,15,4.6,Mar/21/2011 03:15:44
745285,2012.REP.NOM.BACHMANN,Michele Bachmann to be Republican Presidential Nominee in 2012,30,4.5,Mar/21/2011 04:17:08
745285,2012.REP.NOM.BACHMANN,Michele Bachmann to be Republican Presidential Nominee in 2012,20,4.5,Mar/21/2011 04:17:08
745285,2012.REP.NOM.BACHMANN,Michele Bachmann to be Republican Presidential Nominee in 2012,5,4.5,Mar/21/2011 13:08:56
745285,2012.REP.NOM.BACHMANN,Michele Bachmann to be Republican Presidential Nominee in 2012,15,4.5,Mar/21/2011 20:26:34
745285,2012.REP.NOM.BACHMANN,Michele Bachmann to be Republican Presidential Nominee in 2012,11,4.5,Mar/22/2011 08:55:55
745285,2012.REP.NOM.BACHMANN,Michele Bachmann to be Republican Presidential Nominee in 2012,20,4.5,Mar/22/2011 16:30:16
745285,2012.REP.NOM.BACHMANN,Michele Bachmann to be Republican Presidential Nominee in 2012,4,4.5,Mar/22/2011 17:34:23
745285,2012.REP.NOM.BACHMANN,Michele Bachmann to be Republican Presidential Nominee in 2012,16,4.5,Mar/23/2011 20:22:30
745285,2012.REP.NOM.BACHMANN,Michele Bachmann to be Republican Presidential Nominee in 2012,1,4.5,Mar/23/2011 20:22:30
745285,2012.REP.NOM.BACHMANN,Michele Bachmann to be Republican Presidential Nominee in 2012,20,4.5,Mar/24/2011 14:06:33
745285,2012.REP.NOM.BACHMANN,Michele Bachmann to be Republican Presidential Nominee in 2012,8,4.6,Mar/24/2011 14:24:42
745285,2012.REP.NOM.BACHMANN,Michele Bachmann to be Republican Presidential Nominee in 2012,11,4.6,Mar/24/2011 14:31:38
745285,2012.REP.NOM.BACHMANN,Michele Bachmann to be Republican Presidential Nominee in 2012,1,4.7,Mar/24/2011 14:39:01
745285,2012.REP.NOM.BACHMANN,Michele Bachmann to be Republican Presidential Nominee in 2012,1,4.6,Mar/24/2011 14:39:01
745285,2012.REP.NOM.BACHMANN,Michele Bachmann to be Republican Presidential Nominee in 2012,100,4.8,Mar/24/2011 15:01:30
745285,2012.REP.NOM.BACHMANN,Michele Bachmann to be Republican Presidential Nominee in 2012,10,4.7,Mar/24/2011 15:01:30
745285,2012.REP.NOM.BACHMANN,Michele Bachmann to be Republican Presidential Nominee in 2012,20,4.7,Mar/24/2011 15:01:30
745285,2012.REP.NOM.BACHMANN,Michele Bachmann to be Republican Presidential Nominee in 2012,20,4.7,Mar/24/2011 15:01:30
745285,2012.REP.NOM.BACHMANN,Michele Bachmann to be Republican Presidential Nominee in 2012,20,4.7,Mar/24/2011 15:01:30
745285,2012.REP.NOM.BACHMANN,Michele Bachmann to be Republican Presidential Nominee in 2012,20,4.7,Mar/24/2011 15:01:30
745285,2012.REP.NOM.BACHMANN,Michele Bachmann to be Republican Presidential Nominee in 2012,20,4.0,Mar/24/2011 15:20:08
745285,2012.REP.NOM.BACHMANN,Michele Bachmann to be Republican Presidential Nominee in 2012,22,4.2,Mar/24/2011 15:20:08
745285,2012.REP.NOM.BACHMANN,Michele Bachmann to be Republican Presidential Nominee in 2012,3,4.3,Mar/24/2011 15:20:08
745285,2012.REP.NOM.BACHMANN,Michele Bachmann to be Republican Presidential Nominee in 2012,13,4.5,Mar/24/2011 15:20:08
745285,2012.REP.NOM.BACHMANN,Michele Bachmann to be Republican Presidential Nominee in 2012,3,4.9,Mar/24/2011 16:06:48
745285,2012.REP.NOM.BACHMANN,Michele Bachmann to be Republican Presidential Nominee in 2012,7,4.8,Mar/24/2011 16:06:48
745285,2012.REP.NOM.BACHMANN,Michele Bachmann to be Republican Presidential Nominee in 2012,40,4.5,Mar/24/2011 21:10:21
745285,2012.REP.NOM.BACHMANN,Michele Bachmann to be Republican Presidential Nominee in 2012,5,4.0,Mar/24/2011 21:24:08
745285,2012.REP.NOM.BACHMANN,Michele Bachmann to be Republican Presidential Nominee in 2012,5,4.1,Mar/25/2011 14:19:30
745285,2012.REP.NOM.BACHMANN,Michele Bachmann to be Republican Presidential Nominee in 2012,5,4.4,Mar/25/2011 14:54:55
745285,2012.REP.NOM.BACHMANN,Michele Bachmann to be Republican Presidential Nominee in 2012,95,4.4,Mar/25/2011 14:54:55
745285,2012.REP.NOM.BACHMANN,Michele Bachmann to be Republican Presidential Nominee in 2012,16,4.4,Mar/25/2011 15:39:30
745285,2012.REP.NOM.BACHMANN,Michele Bachmann to be Republican Presidential Nominee in 2012,25,4.5,Mar/25/2011 15:39:59
745285,2012.REP.NOM.BACHMANN,Michele Bachmann to be Republican Presidential Nominee in 2012,10,4.5,Mar/25/2011 18:15:45
745285,2012.REP.NOM.BACHMANN,Michele Bachmann to be Republican Presidential Nominee in 2012,25,4.5,Mar/25/2011 21:00:37
745285,2012.REP.NOM.BACHMANN,Michele Bachmann to be Republican Presidential Nominee in 2012,40,4.5,Mar/25/2011 21:44:09
745285,2012.REP.NOM.BACHMANN,Michele Bachmann to be Republican Presidential Nominee in 2012,10,4.6,Mar/25/2011 23:51:50
745285,2012.REP.NOM.BACHMANN,Michele Bachmann to be Republican Presidential Nominee in 2012,10,4.6,Mar/26/2011 01:49:18
745285,2012.REP.NOM.BACHMANN,Michele Bachmann to be Republican Presidential Nominee in 2012,25,4.8,Mar/26/2011 01:50:30
745285,2012.REP.NOM.BACHMANN,Michele Bachmann to be Republican Presidential Nominee in 2012,1,4.8,Mar/26/2011 04:20:25
745285,2012.REP.NOM.BACHMANN,Michele Bachmann to be Republican Presidential Nominee in 2012,1,4.7,Mar/26/2011 14:56:06
745285,2012.REP.NOM.BACHMANN,Michele Bachmann to be Republican Presidential Nominee in 2012,6,4.7,Mar/27/2011 02:50:08
745285,2012.REP.NOM.BACHMANN,Michele Bachmann to be Republican Presidential Nominee in 2012,15,4.6,Mar/27/2011 15:15:45
745285,2012.REP.NOM.BACHMANN,Michele Bachmann to be Republican Presidential Nominee in 2012,15,4.5,Mar/27/2011 15:16:08
745285,2012.REP.NOM.BACHMANN,Michele Bachmann to be Republican Presidential Nominee in 2012,25,4.7,Mar/28/2011 14:27:37
745285,2012.REP.NOM.BACHMANN,Michele Bachmann to be Republican Presidential Nominee in 2012,100,5.0,Mar/28/2011 19:03:54
745285,2012.REP.NOM.BACHMANN,Michele Bachmann to be Republican Presidential Nominee in 2012,1,4.9,Mar/28/2011 19:03:54
745285,2012.REP.NOM.BACHMANN,Michele Bachmann to be Republican Presidential Nominee in 2012,100,4.8,Mar/28/2011 19:03:54
745285,2012.REP.NOM.BACHMANN,Michele Bachmann to be Republican Presidential Nominee in 2012,1,5.1,Mar/28/2011 20:27:29
745285,2012.REP.NOM.BACHMANN,Michele Bachmann to be Republican Presidential Nominee in 2012,1,5.1,Mar/28/2011 20:27:29
745285,2012.REP.NOM.BACHMANN,Michele Bachmann to be Republican Presidential Nominee in 2012,1,5.2,Mar/28/2011 20:27:35
745285,2012.REP.NOM.BACHMANN,Michele Bachmann to be Republican Presidential Nominee in 2012,2,5.2,Mar/28/2011 20:27:35
745285,2012.REP.NOM.BACHMANN,Michele Bachmann to be Republican Presidential Nominee in 2012,1,5.3,Mar/28/2011 20:27:43
745285,2012.REP.NOM.BACHMANN,Michele Bachmann to be Republican Presidential Nominee in 2012,3,5.3,Mar/28/2011 20:27:43
745285,2012.REP.NOM.BACHMANN,Michele Bachmann to be Republican Presidential Nominee in 2012,1,5.4,Mar/28/2011 20:27:49
745285,2012.REP.NOM.BACHMANN,Michele Bachmann to be Republican Presidential Nominee in 2012,4,5.4,Mar/28/2011 20:27:49
745285,2012.REP.NOM.BACHMANN,Michele Bachmann to be Republican Presidential Nominee in 2012,1,5.5,Mar/28/2011 20:28:06
745285,2012.REP.NOM.BACHMANN,Michele Bachmann to be Republican Presidential Nominee in 2012,20,5.5,Mar/28/2011 20:28:06
745285,2012.REP.NOM.BACHMANN,Michele Bachmann to be Republican Presidential Nominee in 2012,5,5.5,Mar/28/2011 20:28:06
745285,2012.REP.NOM.BACHMANN,Michele Bachmann to be Republican Presidential Nominee in 2012,24,5.5,Mar/28/2011 20:28:06
745285,2012.REP.NOM.BACHMANN,Michele Bachmann to be Republican Presidential Nominee in 2012,25,5.5,Mar/28/2011 20:31:26
745285,2012.REP.NOM.BACHMANN,Michele Bachmann to be Republican Presidential Nominee in 2012,4,5.5,Mar/28/2011 20:31:44
745285,2012.REP.NOM.BACHMANN,Michele Bachmann to be Republican Presidential Nominee in 2012,15,5.3,Mar/29/2011 02:10:36
745285,2012.REP.NOM.BACHMANN,Michele Bachmann to be Republican Presidential Nominee in 2012,10,5.0,Mar/29/2011 10:28:19
745285,2012.REP.NOM.BACHMANN,Michele Bachmann to be Republican Presidential Nominee in 2012,25,5.1,Mar/29/2011 10:28:19
745285,2012.REP.NOM.BACHMANN,Michele Bachmann to be Republican Presidential Nominee in 2012,25,5.0,Mar/29/2011 18:07:36
745285,2012.REP.NOM.BACHMANN,Michele Bachmann to be Republican Presidential Nominee in 2012,10,4.9,Mar/29/2011 18:08:06
745285,2012.REP.NOM.BACHMANN,Michele Bachmann to be Republican Presidential Nominee in 2012,5,4.8,Mar/29/2011 18:08:44
745285,2012.REP.NOM.BACHMANN,Michele Bachmann to be Republican Presidential Nominee in 2012,4,5.3,Mar/29/2011 19:49:00
745285,2012.REP.NOM.BACHMANN,Michele Bachmann to be Republican Presidential Nominee in 2012,5,5.0,Mar/30/2011 14:19:18
745285,2012.REP.NOM.BACHMANN,Michele Bachmann to be Republican Presidential Nominee in 2012,5,5.0,Mar/30/2011 15:52:21
745285,2012.REP.NOM.BACHMANN,Michele Bachmann to be Republican Presidential Nominee in 2012,6,5.0,Mar/31/2011 18:19:51
745285,2012.REP.NOM.BACHMANN,Michele Bachmann to be Republican Presidential Nominee in 2012,19,5.0,Mar/31/2011 18:20:18
745285,2012.REP.NOM.BACHMANN,Michele Bachmann to be Republican Presidential Nominee in 2012,1,5.4,Apr/01/2011 01:22:57
745285,2012.REP.NOM.BACHMANN,Michele Bachmann to be Republican Presidential Nominee in 2012,1,5.3,Apr/01/2011 01:22:57
745285,2012.REP.NOM.BACHMANN,Michele Bachmann to be Republican Presidential Nominee in 2012,2,5.3,Apr/01/2011 01:22:57
745285,2012.REP.NOM.BACHMANN,Michele Bachmann to be Republican Presidential Nominee in 2012,1,5.3,Apr/01/2011 01:22:57
745285,2012.REP.NOM.BACHMANN,Michele Bachmann to be Republican Presidential Nominee in 2012,2,5.4,Apr/01/2011 01:22:57
745285,2012.REP.NOM.BACHMANN,Michele Bachmann to be Republican Presidential Nominee in 2012,13,5.5,Apr/01/2011 01:29:06
745285,2012.REP.NOM.BACHMANN,Michele Bachmann to be Republican Presidential Nominee in 2012,20,5.2,Apr/02/2011 00:40:50
745285,2012.REP.NOM.BACHMANN,Michele Bachmann to be Republican Presidential Nominee in 2012,30,5.4,Apr/02/2011 00:41:14
745285,2012.REP.NOM.BACHMANN,Michele Bachmann to be Republican Presidential Nominee in 2012,34,5.5,Apr/02/2011 00:41:33
745285,2012.REP.NOM.BACHMANN,Michele Bachmann to be Republican Presidential Nominee in 2012,20,5.5,Apr/02/2011 00:41:33
745285,2012.REP.NOM.BACHMANN,Michele Bachmann to be Republican Presidential Nominee in 2012,20,5.5,Apr/02/2011 00:41:33
745285,2012.REP.NOM.BACHMANN,Michele Bachmann to be Republican Presidential Nominee in 2012,7,5.6,Apr/02/2011 00:41:56
745285,2012.REP.NOM.BACHMANN,Michele Bachmann to be Republican Presidential Nominee in 2012,6,5.6,Apr/02/2011 00:41:56
745285,2012.REP.NOM.BACHMANN,Michele Bachmann to be Republican Presidential Nominee in 2012,7,5.7,Apr/02/2011 00:42:16
745285,2012.REP.NOM.BACHMANN,Michele Bachmann to be Republican Presidential Nominee in 2012,8,5.8,Apr/02/2011 00:43:00
745285,2012.REP.NOM.BACHMANN,Michele Bachmann to be Republican Presidential Nominee in 2012,29,5.9,Apr/02/2011 00:43:29
745285,2012.REP.NOM.BACHMANN,Michele Bachmann to be Republican Presidential Nominee in 2012,9,5.9,Apr/02/2011 00:43:29
745285,2012.REP.NOM.BACHMANN,Michele Bachmann to be Republican Presidential Nominee in 2012,20,5.9,Apr/02/2011 00:43:29
745285,2012.REP.NOM.BACHMANN,Michele Bachmann to be Republican Presidential Nominee in 2012,20,5.9,Apr/02/2011 00:43:29
745285,2012.REP.NOM.BACHMANN,Michele Bachmann to be Republican Presidential Nominee in 2012,1,6.0,Apr/02/2011 00:43:44
745285,2012.REP.NOM.BACHMANN,Michele Bachmann to be Republican Presidential Nominee in 2012,10,6.0,Apr/02/2011 00:43:44
745285,2012.REP.NOM.BACHMANN,Michele Bachmann to be Republican Presidential Nominee in 2012,20,6.0,Apr/02/2011 01:32:13
745285,2012.REP.NOM.BACHMANN,Michele Bachmann to be Republican Presidential Nominee in 2012,11,6.1,Apr/02/2011 02:40:33
745285,2012.REP.NOM.BACHMANN,Michele Bachmann to be Republican Presidential Nominee in 2012,12,6.2,Apr/02/2011 04:57:10
745285,2012.REP.NOM.BACHMANN,Michele Bachmann to be Republican Presidential Nominee in 2012,13,6.3,Apr/02/2011 04:57:16
745285,2012.REP.NOM.BACHMANN,Michele Bachmann to be Republican Presidential Nominee in 2012,14,6.4,Apr/02/2011 04:57:22
745285,2012.REP.NOM.BACHMANN,Michele Bachmann to be Republican Presidential Nominee in 2012,1,6.5,Apr/02/2011 04:57:31
745285,2012.REP.NOM.BACHMANN,Michele Bachmann to be Republican Presidential Nominee in 2012,20,6.5,Apr/02/2011 04:57:31
745285,2012.REP.NOM.BACHMANN,Michele Bachmann to be Republican Presidential Nominee in 2012,15,6.5,Apr/02/2011 04:57:31
745285,2012.REP.NOM.BACHMANN,Michele Bachmann to be Republican Presidential Nominee in 2012,7,6.6,Apr/02/2011 07:43:55
745285,2012.REP.NOM.BACHMANN,Michele Bachmann to be Republican Presidential Nominee in 2012,30,6.8,Apr/02/2011 13:21:40
745285,2012.REP.NOM.BACHMANN,Michele Bachmann to be Republican Presidential Nominee in 2012,1,6.9,Apr/02/2011 13:23:57
745285,2012.REP.NOM.BACHMANN,Michele Bachmann to be Republican Presidential Nominee in 2012,100,6.9,Apr/02/2011 13:23:57
745285,2012.REP.NOM.BACHMANN,Michele Bachmann to be Republican Presidential Nominee in 2012,1,7.0,Apr/02/2011 13:28:05
745285,2012.REP.NOM.BACHMANN,Michele Bachmann to be Republican Presidential Nominee in 2012,1,7.0,Apr/02/2011 13:28:05
745285,2012.REP.NOM.BACHMANN,Michele Bachmann to be Republican Presidential Nominee in 2012,48,7.0,Apr/02/2011 13:28:05
745285,2012.REP.NOM.BACHMANN,Michele Bachmann to be Republican Presidential Nominee in 2012,52,7.0,Apr/02/2011 14:29:01
745285,2012.REP.NOM.BACHMANN,Michele Bachmann to be Republican Presidential Nominee in 2012,1,7.1,Apr/02/2011 15:03:48
745285,2012.REP.NOM.BACHMANN,Michele Bachmann to be Republican Presidential Nominee in 2012,1,7.2,Apr/02/2011 15:05:23
745285,2012.REP.NOM.BACHMANN,Michele Bachmann to be Republican Presidential Nominee in 2012,1,7.3,Apr/02/2011 15:05:23
745285,2012.REP.NOM.BACHMANN,Michele Bachmann to be Republican Presidential Nominee in 2012,1,7.4,Apr/02/2011 15:05:23
745285,2012.REP.NOM.BACHMANN,Michele Bachmann to be Republican Presidential Nominee in 2012,8,7.4,Apr/02/2011 15:05:23
745285,2012.REP.NOM.BACHMANN,Michele Bachmann to be Republican Presidential Nominee in 2012,11,7.1,Apr/02/2011 15:36:26
745285,2012.REP.NOM.BACHMANN,Michele Bachmann to be Republican Presidential Nominee in 2012,1,7.2,Apr/02/2011 15:36:26
745285,2012.REP.NOM.BACHMANN,Michele Bachmann to be Republican Presidential Nominee in 2012,1,7.0,Apr/02/2011 17:36:17
745285,2012.REP.NOM.BACHMANN,Michele Bachmann to be Republican Presidential Nominee in 2012,49,6.9,Apr/03/2011 02:17:30
745285,2012.REP.NOM.BACHMANN,Michele Bachmann to be Republican Presidential Nominee in 2012,11,6.8,Apr/03/2011 04:15:29
745285,2012.REP.NOM.BACHMANN,Michele Bachmann to be Republican Presidential Nominee in 2012,9,6.8,Apr/03/2011 16:38:57
745285,2012.REP.NOM.BACHMANN,Michele Bachmann to be Republican Presidential Nominee in 2012,5,7.0,Apr/03/2011 20:03:59
745285,2012.REP.NOM.BACHMANN,Michele Bachmann to be Republican Presidential Nominee in 2012,20,7.0,Apr/03/2011 21:01:58
745285,2012.REP.NOM.BACHMANN,Michele Bachmann to be Republican Presidential Nominee in 2012,10,7.0,Apr/03/2011 23:05:37
745285,2012.REP.NOM.BACHMANN,Michele Bachmann to be Republican Presidential Nominee in 2012,15,7.0,Apr/03/2011 23:06:17
745285,2012.REP.NOM.BACHMANN,Michele Bachmann to be Republican Presidential Nominee in 2012,7,7.0,Apr/04/2011 08:01:00
745285,2012.REP.NOM.BACHMANN,Michele Bachmann to be Republican Presidential Nominee in 2012,10,6.6,Apr/04/2011 19:20:35
745285,2012.REP.NOM.BACHMANN,Michele Bachmann to be Republican Presidential Nominee in 2012,5,6.8,Apr/04/2011 19:43:26
745285,2012.REP.NOM.BACHMANN,Michele Bachmann to be Republican Presidential Nominee in 2012,7,6.9,Apr/04/2011 20:10:18
745285,2012.REP.NOM.BACHMANN,Michele Bachmann to be Republican Presidential Nominee in 2012,3,6.9,Apr/04/2011 20:10:18
745285,2012.REP.NOM.BACHMANN,Michele Bachmann to be Republican Presidential Nominee in 2012,16,7.0,Apr/05/2011 14:25:07
745285,2012.REP.NOM.BACHMANN,Michele Bachmann to be Republican Presidential Nominee in 2012,20,6.9,Apr/05/2011 17:22:39
745285,2012.REP.NOM.BACHMANN,Michele Bachmann to be Republican Presidential Nominee in 2012,4,7.0,Apr/05/2011 20:50:02
745285,2012.REP.NOM.BACHMANN,Michele Bachmann to be Republican Presidential Nominee in 2012,1,7.0,Apr/05/2011 20:50:02
745285,2012.REP.NOM.BACHMANN,Michele Bachmann to be Republican Presidential Nominee in 2012,5,7.0,Apr/05/2011 20:50:02
745285,2012.REP.NOM.BACHMANN,Michele Bachmann to be Republican Presidential Nominee in 2012,15,7.0,Apr/05/2011 21:24:11
745285,2012.REP.NOM.BACHMANN,Michele Bachmann to be Republican Presidential Nominee in 2012,5,7.0,Apr/06/2011 20:04:32
745285,2012.REP.NOM.BACHMANN,Michele Bachmann to be Republican Presidential Nominee in 2012,8,7.1,Apr/06/2011 20:04:43
745285,2012.REP.NOM.BACHMANN,Michele Bachmann to be Republican Presidential Nominee in 2012,20,7.1,Apr/06/2011 20:04:43
745285,2012.REP.NOM.BACHMANN,Michele Bachmann to be Republican Presidential Nominee in 2012,20,7.1,Apr/06/2011 20:09:00
745285,2012.REP.NOM.BACHMANN,Michele Bachmann to be Republican Presidential Nominee in 2012,1,7.1,Apr/06/2011 21:09:01
745285,2012.REP.NOM.BACHMANN,Michele Bachmann to be Republican Presidential Nominee in 2012,1,7.1,Apr/06/2011 23:02:30
745285,2012.REP.NOM.BACHMANN,Michele Bachmann to be Republican Presidential Nominee in 2012,88,7.4,Apr/06/2011 23:15:28
745285,2012.REP.NOM.BACHMANN,Michele Bachmann to be Republican Presidential Nominee in 2012,20,7.3,Apr/06/2011 23:15:28
745285,2012.REP.NOM.BACHMANN,Michele Bachmann to be Republican Presidential Nominee in 2012,51,7.3,Apr/06/2011 23:15:28
745285,2012.REP.NOM.BACHMANN,Michele Bachmann to be Republican Presidential Nominee in 2012,20,7.2,Apr/06/2011 23:15:28
745285,2012.REP.NOM.BACHMANN,Michele Bachmann to be Republican Presidential Nominee in 2012,1,7.2,Apr/06/2011 23:15:28
745285,2012.REP.NOM.BACHMANN,Michele Bachmann to be Republican Presidential Nominee in 2012,1,7.2,Apr/06/2011 23:15:28
745285,2012.REP.NOM.BACHMANN,Michele Bachmann to be Republican Presidential Nominee in 2012,19,7.1,Apr/06/2011 23:15:28
745285,2012.REP.NOM.BACHMANN,Michele Bachmann to be Republican Presidential Nominee in 2012,1,6.9,Apr/06/2011 23:21:13
745285,2012.REP.NOM.BACHMANN,Michele Bachmann to be Republican Presidential Nominee in 2012,2,6.9,Apr/06/2011 23:21:19
745285,2012.REP.NOM.BACHMANN,Michele Bachmann to be Republican Presidential Nominee in 2012,2,6.9,Apr/06/2011 23:22:22
745285,2012.REP.NOM.BACHMANN,Michele Bachmann to be Republican Presidential Nominee in 2012,10,6.7,Apr/07/2011 13:04:36
745285,2012.REP.NOM.BACHMANN,Michele Bachmann to be Republican Presidential Nominee in 2012,1,6.6,Apr/07/2011 15:59:01
745285,2012.REP.NOM.BACHMANN,Michele Bachmann to be Republican Presidential Nominee in 2012,1,6.7,Apr/07/2011 16:07:07
745285,2012.REP.NOM.BACHMANN,Michele Bachmann to be Republican Presidential Nominee in 2012,1,6.7,Apr/07/2011 16:10:39
745285,2012.REP.NOM.BACHMANN,Michele Bachmann to be Republican Presidential Nominee in 2012,8,6.7,Apr/07/2011 18:08:54
745285,2012.REP.NOM.BACHMANN,Michele Bachmann to be Republican Presidential Nominee in 2012,3,6.7,Apr/07/2011 18:08:54
745285,2012.REP.NOM.BACHMANN,Michele Bachmann to be Republican Presidential Nominee in 2012,10,7.0,Apr/07/2011 18:11:13
745285,2012.REP.NOM.BACHMANN,Michele Bachmann to be Republican Presidential Nominee in 2012,1,7.1,Apr/07/2011 18:11:21
745285,2012.REP.NOM.BACHMANN,Michele Bachmann to be Republican Presidential Nominee in 2012,1,7.2,Apr/07/2011 18:11:30
745285,2012.REP.NOM.BACHMANN,Michele Bachmann to be Republican Presidential Nominee in 2012,20,7.2,Apr/07/2011 18:11:30
745285,2012.REP.NOM.BACHMANN,Michele Bachmann to be Republican Presidential Nominee in 2012,20,7.2,Apr/07/2011 18:11:30
745285,2012.REP.NOM.BACHMANN,Michele Bachmann to be Republican Presidential Nominee in 2012,1,7.2,Apr/07/2011 18:12:58
745285,2012.REP.NOM.BACHMANN,Michele Bachmann to be Republican Presidential Nominee in 2012,8,7.2,Apr/07/2011 18:20:17
745285,2012.REP.NOM.BACHMANN,Michele Bachmann to be Republican Presidential Nominee in 2012,2,7.2,Apr/08/2011 17:22:44
745285,2012.REP.NOM.BACHMANN,Michele Bachmann to be Republican Presidential Nominee in 2012,1,7.2,Apr/08/2011 17:22:44
745285,2012.REP.NOM.BACHMANN,Michele Bachmann to be Republican Presidential Nominee in 2012,20,7.2,Apr/08/2011 17:22:44
745285,2012.REP.NOM.BACHMANN,Michele Bachmann to be Republican Presidential Nominee in 2012,5,7.3,Apr/08/2011 17:49:32
745285,2012.REP.NOM.BACHMANN,Michele Bachmann to be Republican Presidential Nominee in 2012,100,7.3,Apr/08/2011 17:49:32
745285,2012.REP.NOM.BACHMANN,Michele Bachmann to be Republican Presidential Nominee in 2012,2,7.2,Apr/08/2011 20:08:52
745285,2012.REP.NOM.BACHMANN,Michele Bachmann to be Republican Presidential Nominee in 2012,4,7.4,Apr/09/2011 01:20:30
745285,2012.REP.NOM.BACHMANN,Michele Bachmann to be Republican Presidential Nominee in 2012,20,7.4,Apr/09/2011 01:20:30
745285,2012.REP.NOM.BACHMANN,Michele Bachmann to be Republican Presidential Nominee in 2012,2,7.5,Apr/09/2011 01:22:35
745285,2012.REP.NOM.BACHMANN,Michele Bachmann to be Republican Presidential Nominee in 2012,20,7.5,Apr/09/2011 01:22:35
745285,2012.REP.NOM.BACHMANN,Michele Bachmann to be Republican Presidential Nominee in 2012,3,7.6,Apr/09/2011 01:22:40
745285,2012.REP.NOM.BACHMANN,Michele Bachmann to be Republican Presidential Nominee in 2012,2,7.7,Apr/09/2011 01:22:46
745285,2012.REP.NOM.BACHMANN,Michele Bachmann to be Republican Presidential Nominee in 2012,20,7.7,Apr/09/2011 01:22:46
745285,2012.REP.NOM.BACHMANN,Michele Bachmann to be Republican Presidential Nominee in 2012,20,7.7,Apr/09/2011 01:22:46
745285,2012.REP.NOM.BACHMANN,Michele Bachmann to be Republican Presidential Nominee in 2012,20,7.7,Apr/09/2011 01:22:46
745285,2012.REP.NOM.BACHMANN,Michele Bachmann to be Republican Presidential Nominee in 2012,2,7.8,Apr/09/2011 01:25:13
745285,2012.REP.NOM.BACHMANN,Michele Bachmann to be Republican Presidential Nominee in 2012,4,7.8,Apr/09/2011 01:25:13
745285,2012.REP.NOM.BACHMANN,Michele Bachmann to be Republican Presidential Nominee in 2012,94,7.8,Apr/09/2011 01:25:13
745285,2012.REP.NOM.BACHMANN,Michele Bachmann to be Republican Presidential Nominee in 2012,128,7.8,Apr/09/2011 05:16:52
745285,2012.REP.NOM.BACHMANN,Michele Bachmann to be Republican Presidential Nominee in 2012,20,7.7,Apr/09/2011 05:16:52
745285,2012.REP.NOM.BACHMANN,Michele Bachmann to be Republican Presidential Nominee in 2012,4,7.6,Apr/09/2011 12:43:27
745285,2012.REP.NOM.BACHMANN,Michele Bachmann to be Republican Presidential Nominee in 2012,5,7.6,Apr/09/2011 12:43:27
745285,2012.REP.NOM.BACHMANN,Michele Bachmann to be Republican Presidential Nominee in 2012,1,7.6,Apr/09/2011 16:53:35
745285,2012.REP.NOM.BACHMANN,Michele Bachmann to be Republican Presidential Nominee in 2012,3,7.5,Apr/09/2011 16:54:05
745285,2012.REP.NOM.BACHMANN,Michele Bachmann to be Republican Presidential Nominee in 2012,7,7.5,Apr/09/2011 16:54:05
745285,2012.REP.NOM.BACHMANN,Michele Bachmann to be Republican Presidential Nominee in 2012,4,7.8,Apr/09/2011 18:46:22
745285,2012.REP.NOM.BACHMANN,Michele Bachmann to be Republican Presidential Nominee in 2012,14,7.8,Apr/09/2011 18:46:22
745285,2012.REP.NOM.BACHMANN,Michele Bachmann to be Republican Presidential Nominee in 2012,7,7.8,Apr/09/2011 20:02:51
745285,2012.REP.NOM.BACHMANN,Michele Bachmann to be Republican Presidential Nominee in 2012,4,7.6,Apr/10/2011 02:02:24
745285,2012.REP.NOM.BACHMANN,Michele Bachmann to be Republican Presidential Nominee in 2012,10,7.6,Apr/10/2011 15:19:45
745285,2012.REP.NOM.BACHMANN,Michele Bachmann to be Republican Presidential Nominee in 2012,13,7.6,Apr/10/2011 15:20:10
745285,2012.REP.NOM.BACHMANN,Michele Bachmann to be Republican Presidential Nominee in 2012,3,7.5,Apr/11/2011 12:07:51
745285,2012.REP.NOM.BACHMANN,Michele Bachmann to be Republican Presidential Nominee in 2012,2,7.5,Apr/11/2011 12:44:20
745285,2012.REP.NOM.BACHMANN,Michele Bachmann to be Republican Presidential Nominee in 2012,8,7.5,Apr/11/2011 13:34:02
745285,2012.REP.NOM.BACHMANN,Michele Bachmann to be Republican Presidential Nominee in 2012,15,7.4,Apr/11/2011 16:55:33
745285,2012.REP.NOM.BACHMANN,Michele Bachmann to be Republican Presidential Nominee in 2012,25,7.3,Apr/11/2011 21:07:50
745285,2012.REP.NOM.BACHMANN,Michele Bachmann to be Republican Presidential Nominee in 2012,5,7.3,Apr/11/2011 21:07:50
745285,2012.REP.NOM.BACHMANN,Michele Bachmann to be Republican Presidential Nominee in 2012,5,7.4,Apr/11/2011 21:35:49
745285,2012.REP.NOM.BACHMANN,Michele Bachmann to be Republican Presidential Nominee in 2012,20,7.5,Apr/11/2011 21:36:36
745285,2012.REP.NOM.BACHMANN,Michele Bachmann to be Republican Presidential Nominee in 2012,15,7.3,Apr/12/2011 00:42:01
745285,2012.REP.NOM.BACHMANN,Michele Bachmann to be Republican Presidential Nominee in 2012,25,7.2,Apr/12/2011 00:44:26
745285,2012.REP.NOM.BACHMANN,Michele Bachmann to be Republican Presidential Nominee in 2012,5,7.3,Apr/12/2011 01:53:47
745285,2012.REP.NOM.BACHMANN,Michele Bachmann to be Republican Presidential Nominee in 2012,20,7.3,Apr/12/2011 18:00:10
745285,2012.REP.NOM.BACHMANN,Michele Bachmann to be Republican Presidential Nominee in 2012,2,7.1,Apr/12/2011 18:05:09
745285,2012.REP.NOM.BACHMANN,Michele Bachmann to be Republican Presidential Nominee in 2012,18,7.1,Apr/12/2011 18:05:09
745285,2012.REP.NOM.BACHMANN,Michele Bachmann to be Republican Presidential Nominee in 2012,12,7.1,Apr/12/2011 18:17:52
745285,2012.REP.NOM.BACHMANN,Michele Bachmann to be Republican Presidential Nominee in 2012,25,7.0,Apr/12/2011 18:18:02
745285,2012.REP.NOM.BACHMANN,Michele Bachmann to be Republican Presidential Nominee in 2012,35,7.0,Apr/12/2011 18:18:02
745285,2012.REP.NOM.BACHMANN,Michele Bachmann to be Republican Presidential Nominee in 2012,2,7.0,Apr/12/2011 21:10:38
745285,2012.REP.NOM.BACHMANN,Michele Bachmann to be Republican Presidential Nominee in 2012,20,7.0,Apr/13/2011 11:01:01
745285,2012.REP.NOM.BACHMANN,Michele Bachmann to be Republican Presidential Nominee in 2012,1,6.9,Apr/13/2011 23:37:58
745285,2012.REP.NOM.BACHMANN,Michele Bachmann to be Republican Presidential Nominee in 2012,10,6.9,Apr/13/2011 23:37:58
745285,2012.REP.NOM.BACHMANN,Michele Bachmann to be Republican Presidential Nominee in 2012,9,6.9,Apr/13/2011 23:37:58
745285,2012.REP.NOM.BACHMANN,Michele Bachmann to be Republican Presidential Nominee in 2012,5,7.0,Apr/13/2011 23:37:58
745285,2012.REP.NOM.BACHMANN,Michele Bachmann to be Republican Presidential Nominee in 2012,25,6.9,Apr/14/2011 03:11:33
745285,2012.REP.NOM.BACHMANN,Michele Bachmann to be Republican Presidential Nominee in 2012,10,7.0,Apr/14/2011 03:23:31
745285,2012.REP.NOM.BACHMANN,Michele Bachmann to be Republican Presidential Nominee in 2012,15,7.0,Apr/14/2011 03:24:04
745285,2012.REP.NOM.BACHMANN,Michele Bachmann to be Republican Presidential Nominee in 2012,5,7.0,Apr/14/2011 03:24:44
745285,2012.REP.NOM.BACHMANN,Michele Bachmann to be Republican Presidential Nominee in 2012,20,7.0,Apr/14/2011 03:25:15
745285,2012.REP.NOM.BACHMANN,Michele Bachmann to be Republican Presidential Nominee in 2012,1,7.0,Apr/14/2011 12:52:34
745285,2012.REP.NOM.BACHMANN,Michele Bachmann to be Republican Presidential Nominee in 2012,1,7.0,Apr/14/2011 16:45:47
745285,2012.REP.NOM.BACHMANN,Michele Bachmann to be Republican Presidential Nominee in 2012,4,6.9,Apr/14/2011 17:42:30
745285,2012.REP.NOM.BACHMANN,Michele Bachmann to be Republican Presidential Nominee in 2012,1,6.9,Apr/14/2011 17:51:12
745285,2012.REP.NOM.BACHMANN,Michele Bachmann to be Republican Presidential Nominee in 2012,1,6.9,Apr/14/2011 20:09:16
745285,2012.REP.NOM.BACHMANN,Michele Bachmann to be Republican Presidential Nominee in 2012,1,6.9,Apr/14/2011 20:19:18
745285,2012.REP.NOM.BACHMANN,Michele Bachmann to be Republican Presidential Nominee in 2012,1,6.9,Apr/14/2011 20:19:27
745285,2012.REP.NOM.BACHMANN,Michele Bachmann to be Republican Presidential Nominee in 2012,18,7.0,Apr/15/2011 14:43:09
745285,2012.REP.NOM.BACHMANN,Michele Bachmann to be Republican Presidential Nominee in 2012,1,7.0,Apr/15/2011 14:43:09
745285,2012.REP.NOM.BACHMANN,Michele Bachmann to be Republican Presidential Nominee in 2012,2,7.0,Apr/15/2011 14:43:09
745285,2012.REP.NOM.BACHMANN,Michele Bachmann to be Republican Presidential Nominee in 2012,4,7.0,Apr/15/2011 14:43:09
745285,2012.REP.NOM.BACHMANN,Michele Bachmann to be Republican Presidential Nominee in 2012,10,6.9,Apr/15/2011 15:17:59
745285,2012.REP.NOM.BACHMANN,Michele Bachmann to be Republican Presidential Nominee in 2012,16,7.0,Apr/15/2011 19:30:23
745285,2012.REP.NOM.BACHMANN,Michele Bachmann to be Republican Presidential Nominee in 2012,9,7.0,Apr/15/2011 19:30:23
745285,2012.REP.NOM.BACHMANN,Michele Bachmann to be Republican Presidential Nominee in 2012,11,7.0,Apr/15/2011 19:32:17
745285,2012.REP.NOM.BACHMANN,Michele Bachmann to be Republican Presidential Nominee in 2012,13,7.0,Apr/15/2011 19:32:17
745285,2012.REP.NOM.BACHMANN,Michele Bachmann to be Republican Presidential Nominee in 2012,10,7.0,Apr/15/2011 19:32:17
745285,2012.REP.NOM.BACHMANN,Michele Bachmann to be Republican Presidential Nominee in 2012,16,7.0,Apr/16/2011 21:11:08
745285,2012.REP.NOM.BACHMANN,Michele Bachmann to be Republican Presidential Nominee in 2012,1,7.3,Apr/16/2011 22:16:34
745285,2012.REP.NOM.BACHMANN,Michele Bachmann to be Republican Presidential Nominee in 2012,5,7.2,Apr/16/2011 22:16:34
745285,2012.REP.NOM.BACHMANN,Michele Bachmann to be Republican Presidential Nominee in 2012,12,7.1,Apr/16/2011 22:16:34
745285,2012.REP.NOM.BACHMANN,Michele Bachmann to be Republican Presidential Nominee in 2012,4,7.0,Apr/16/2011 22:16:34
745285,2012.REP.NOM.BACHMANN,Michele Bachmann to be Republican Presidential Nominee in 2012,8,7.5,Apr/16/2011 22:16:34
745285,2012.REP.NOM.BACHMANN,Michele Bachmann to be Republican Presidential Nominee in 2012,3,7.3,Apr/16/2011 22:16:34
745285,2012.REP.NOM.BACHMANN,Michele Bachmann to be Republican Presidential Nominee in 2012,3,7.3,Apr/16/2011 22:16:34
745285,2012.REP.NOM.BACHMANN,Michele Bachmann to be Republican Presidential Nominee in 2012,20,7.4,Apr/16/2011 22:16:34
745285,2012.REP.NOM.BACHMANN,Michele Bachmann to be Republican Presidential Nominee in 2012,5,7.3,Apr/16/2011 22:16:34
745285,2012.REP.NOM.BACHMANN,Michele Bachmann to be Republican Presidential Nominee in 2012,20,7.4,Apr/16/2011 22:16:34
745285,2012.REP.NOM.BACHMANN,Michele Bachmann to be Republican Presidential Nominee in 2012,9,7.3,Apr/16/2011 22:16:34
745285,2012.REP.NOM.BACHMANN,Michele Bachmann to be Republican Presidential Nominee in 2012,3,6.9,Apr/17/2011 02:23:20
745285,2012.REP.NOM.BACHMANN,Michele Bachmann to be Republican Presidential Nominee in 2012,1,7.2,Apr/18/2011 00:37:54
745285,2012.REP.NOM.BACHMANN,Michele Bachmann to be Republican Presidential Nominee in 2012,1,7.2,Apr/18/2011 00:43:20
745285,2012.REP.NOM.BACHMANN,Michele Bachmann to be Republican Presidential Nominee in 2012,2,7.2,Apr/18/2011 00:47:40
745285,2012.REP.NOM.BACHMANN,Michele Bachmann to be Republican Presidential Nominee in 2012,2,7.3,Apr/18/2011 02:14:12
745285,2012.REP.NOM.BACHMANN,Michele Bachmann to be Republican Presidential Nominee in 2012,1,7.3,Apr/18/2011 02:14:12
745285,2012.REP.NOM.BACHMANN,Michele Bachmann to be Republican Presidential Nominee in 2012,20,7.4,Apr/18/2011 02:14:23
745285,2012.REP.NOM.BACHMANN,Michele Bachmann to be Republican Presidential Nominee in 2012,5,7.4,Apr/18/2011 02:37:40
745285,2012.REP.NOM.BACHMANN,Michele Bachmann to be Republican Presidential Nominee in 2012,1,7.3,Apr/18/2011 05:16:07
745285,2012.REP.NOM.BACHMANN,Michele Bachmann to be Republican Presidential Nominee in 2012,1,7.3,Apr/18/2011 05:18:17
745285,2012.REP.NOM.BACHMANN,Michele Bachmann to be Republican Presidential Nominee in 2012,3,7.4,Apr/18/2011 11:08:51
745285,2012.REP.NOM.BACHMANN,Michele Bachmann to be Republican Presidential Nominee in 2012,7,7.4,Apr/18/2011 11:08:51
745285,2012.REP.NOM.BACHMANN,Michele Bachmann to be Republican Presidential Nominee in 2012,21,7.2,Apr/18/2011 14:11:18
745285,2012.REP.NOM.BACHMANN,Michele Bachmann to be Republican Presidential Nominee in 2012,8,7.3,Apr/18/2011 14:11:18
745285,2012.REP.NOM.BACHMANN,Michele Bachmann to be Republican Presidential Nominee in 2012,30,7.1,Apr/18/2011 14:14:25
