market id,market symbol,market name,trade quantity,trade price,date/time [utc]
741644,2012.REP.NOM.BOLTON,John Bolton to be Republican Presidential Nominee in 2012,6,6.0,Oct/22/2010 13:26:24
741644,2012.REP.NOM.BOLTON,John Bolton to be Republican Presidential Nominee in 2012,20,0.2,Nov/05/2010 17:48:57
741644,2012.REP.NOM.BOLTON,John Bolton to be Republican Presidential Nominee in 2012,19,0.2,Nov/05/2010 17:48:57
741644,2012.REP.NOM.BOLTON,John Bolton to be Republican Presidential Nominee in 2012,30,0.3,Nov/05/2010 17:48:57
741644,2012.REP.NOM.BOLTON,John Bolton to be Republican Presidential Nominee in 2012,2,1.0,Nov/05/2010 17:48:57
741644,2012.REP.NOM.BOLTON,John Bolton to be Republican Presidential Nominee in 2012,27,0.1,Nov/05/2010 17:50:56
741644,2012.REP.NOM.BOLTON,John Bolton to be Republican Presidential Nominee in 2012,1,0.2,Nov/05/2010 17:50:56
741644,2012.REP.NOM.BOLTON,John Bolton to be Republican Presidential Nominee in 2012,50,0.2,Nov/05/2010 17:50:56
741644,2012.REP.NOM.BOLTON,John Bolton to be Republican Presidential Nominee in 2012,9,0.2,Nov/05/2010 17:53:39
741644,2012.REP.NOM.BOLTON,John Bolton to be Republican Presidential Nominee in 2012,2,0.2,Nov/05/2010 18:00:37
741644,2012.REP.NOM.BOLTON,John Bolton to be Republican Presidential Nominee in 2012,10,0.5,Nov/05/2010 18:35:33
741644,2012.REP.NOM.BOLTON,John Bolton to be Republican Presidential Nominee in 2012,10,1.0,Nov/05/2010 18:35:33
741644,2012.REP.NOM.BOLTON,John Bolton to be Republican Presidential Nominee in 2012,5,0.9,Nov/05/2010 18:35:33
741644,2012.REP.NOM.BOLTON,John Bolton to be Republican Presidential Nominee in 2012,5,0.5,Nov/05/2010 22:26:27
741644,2012.REP.NOM.BOLTON,John Bolton to be Republican Presidential Nominee in 2012,6,0.3,Nov/05/2010 22:26:27
741644,2012.REP.NOM.BOLTON,John Bolton to be Republican Presidential Nominee in 2012,29,0.4,Nov/05/2010 22:26:27
741644,2012.REP.NOM.BOLTON,John Bolton to be Republican Presidential Nominee in 2012,50,0.3,Nov/06/2010 21:37:19
741644,2012.REP.NOM.BOLTON,John Bolton to be Republican Presidential Nominee in 2012,20,0.1,Nov/07/2010 21:41:40
741644,2012.REP.NOM.BOLTON,John Bolton to be Republican Presidential Nominee in 2012,11,0.2,Nov/08/2010 01:28:50
741644,2012.REP.NOM.BOLTON,John Bolton to be Republican Presidential Nominee in 2012,47,0.2,Nov/08/2010 01:28:50
741644,2012.REP.NOM.BOLTON,John Bolton to be Republican Presidential Nominee in 2012,18,0.1,Nov/08/2010 06:10:33
741644,2012.REP.NOM.BOLTON,John Bolton to be Republican Presidential Nominee in 2012,2,0.2,Nov/08/2010 06:10:33
741644,2012.REP.NOM.BOLTON,John Bolton to be Republican Presidential Nominee in 2012,2,0.1,Nov/08/2010 11:41:38
741644,2012.REP.NOM.BOLTON,John Bolton to be Republican Presidential Nominee in 2012,3,0.1,Nov/08/2010 11:41:38
741644,2012.REP.NOM.BOLTON,John Bolton to be Republican Presidential Nominee in 2012,40,0.1,Nov/09/2010 21:22:01
741644,2012.REP.NOM.BOLTON,John Bolton to be Republican Presidential Nominee in 2012,29,0.1,Nov/10/2010 06:54:40
741644,2012.REP.NOM.BOLTON,John Bolton to be Republican Presidential Nominee in 2012,6,0.1,Nov/10/2010 17:23:28
741644,2012.REP.NOM.BOLTON,John Bolton to be Republican Presidential Nominee in 2012,8,0.1,Nov/11/2010 07:51:56
741644,2012.REP.NOM.BOLTON,John Bolton to be Republican Presidential Nominee in 2012,14,0.1,Nov/15/2010 08:03:10
741644,2012.REP.NOM.BOLTON,John Bolton to be Republican Presidential Nominee in 2012,39,0.1,Nov/15/2010 08:03:10
741644,2012.REP.NOM.BOLTON,John Bolton to be Republican Presidential Nominee in 2012,1,0.2,Nov/15/2010 17:07:07
741644,2012.REP.NOM.BOLTON,John Bolton to be Republican Presidential Nominee in 2012,17,0.1,Nov/16/2010 07:19:42
741644,2012.REP.NOM.BOLTON,John Bolton to be Republican Presidential Nominee in 2012,1,0.1,Nov/16/2010 09:41:41
741644,2012.REP.NOM.BOLTON,John Bolton to be Republican Presidential Nominee in 2012,1,0.1,Nov/16/2010 09:41:45
741644,2012.REP.NOM.BOLTON,John Bolton to be Republican Presidential Nominee in 2012,1,0.1,Nov/16/2010 09:41:49
741644,2012.REP.NOM.BOLTON,John Bolton to be Republican Presidential Nominee in 2012,1,0.1,Nov/16/2010 09:42:14
741644,2012.REP.NOM.BOLTON,John Bolton to be Republican Presidential Nominee in 2012,1,0.1,Nov/16/2010 09:42:18
741644,2012.REP.NOM.BOLTON,John Bolton to be Republican Presidential Nominee in 2012,1,0.1,Nov/16/2010 09:42:21
741644,2012.REP.NOM.BOLTON,John Bolton to be Republican Presidential Nominee in 2012,1,0.1,Nov/16/2010 09:42:24
741644,2012.REP.NOM.BOLTON,John Bolton to be Republican Presidential Nominee in 2012,1,0.1,Nov/16/2010 09:42:30
741644,2012.REP.NOM.BOLTON,John Bolton to be Republican Presidential Nominee in 2012,1,0.1,Nov/16/2010 09:42:36
741644,2012.REP.NOM.BOLTON,John Bolton to be Republican Presidential Nominee in 2012,1,0.1,Nov/16/2010 09:42:39
741644,2012.REP.NOM.BOLTON,John Bolton to be Republican Presidential Nominee in 2012,1,0.1,Nov/16/2010 09:42:43
741644,2012.REP.NOM.BOLTON,John Bolton to be Republican Presidential Nominee in 2012,1,0.1,Nov/16/2010 09:42:50
741644,2012.REP.NOM.BOLTON,John Bolton to be Republican Presidential Nominee in 2012,1,0.1,Nov/16/2010 09:42:54
741644,2012.REP.NOM.BOLTON,John Bolton to be Republican Presidential Nominee in 2012,31,0.1,Nov/17/2010 07:36:28
741644,2012.REP.NOM.BOLTON,John Bolton to be Republican Presidential Nominee in 2012,1,0.1,Nov/17/2010 07:36:28
741644,2012.REP.NOM.BOLTON,John Bolton to be Republican Presidential Nominee in 2012,12,0.1,Nov/17/2010 07:36:28
741644,2012.REP.NOM.BOLTON,John Bolton to be Republican Presidential Nominee in 2012,6,0.1,Nov/24/2010 19:33:40
741644,2012.REP.NOM.BOLTON,John Bolton to be Republican Presidential Nominee in 2012,10,0.1,Dec/29/2010 14:06:40
741644,2012.REP.NOM.BOLTON,John Bolton to be Republican Presidential Nominee in 2012,12,0.1,Dec/29/2010 22:45:56
741644,2012.REP.NOM.BOLTON,John Bolton to be Republican Presidential Nominee in 2012,16,0.2,Jan/01/2011 20:04:58
741644,2012.REP.NOM.BOLTON,John Bolton to be Republican Presidential Nominee in 2012,21,0.2,Jan/01/2011 20:04:58
741644,2012.REP.NOM.BOLTON,John Bolton to be Republican Presidential Nominee in 2012,4,0.2,Jan/01/2011 20:04:58
741644,2012.REP.NOM.BOLTON,John Bolton to be Republican Presidential Nominee in 2012,29,0.2,Jan/01/2011 20:04:58
741644,2012.REP.NOM.BOLTON,John Bolton to be Republican Presidential Nominee in 2012,32,0.2,Jan/01/2011 20:04:58
741644,2012.REP.NOM.BOLTON,John Bolton to be Republican Presidential Nominee in 2012,12,0.2,Jan/01/2011 20:04:58
741644,2012.REP.NOM.BOLTON,John Bolton to be Republican Presidential Nominee in 2012,50,0.2,Jan/01/2011 20:04:58
741644,2012.REP.NOM.BOLTON,John Bolton to be Republican Presidential Nominee in 2012,36,0.2,Jan/01/2011 20:04:58
741644,2012.REP.NOM.BOLTON,John Bolton to be Republican Presidential Nominee in 2012,1,0.1,Jan/02/2011 04:39:59
741644,2012.REP.NOM.BOLTON,John Bolton to be Republican Presidential Nominee in 2012,499,0.1,Jan/02/2011 04:40:55
741644,2012.REP.NOM.BOLTON,John Bolton to be Republican Presidential Nominee in 2012,11,0.2,Jan/02/2011 06:04:25
741644,2012.REP.NOM.BOLTON,John Bolton to be Republican Presidential Nominee in 2012,9,0.2,Jan/02/2011 16:59:06
741644,2012.REP.NOM.BOLTON,John Bolton to be Republican Presidential Nominee in 2012,1,0.2,Jan/02/2011 16:59:06
741644,2012.REP.NOM.BOLTON,John Bolton to be Republican Presidential Nominee in 2012,1,0.1,Jan/03/2011 18:16:15
741644,2012.REP.NOM.BOLTON,John Bolton to be Republican Presidential Nominee in 2012,20,0.1,Jan/05/2011 06:00:30
741644,2012.REP.NOM.BOLTON,John Bolton to be Republican Presidential Nominee in 2012,4,0.2,Jan/05/2011 20:23:57
741644,2012.REP.NOM.BOLTON,John Bolton to be Republican Presidential Nominee in 2012,4,0.2,Jan/05/2011 20:23:57
741644,2012.REP.NOM.BOLTON,John Bolton to be Republican Presidential Nominee in 2012,5,0.2,Jan/05/2011 20:23:57
741644,2012.REP.NOM.BOLTON,John Bolton to be Republican Presidential Nominee in 2012,5,0.2,Jan/05/2011 20:23:57
741644,2012.REP.NOM.BOLTON,John Bolton to be Republican Presidential Nominee in 2012,5,0.2,Jan/05/2011 20:23:57
741644,2012.REP.NOM.BOLTON,John Bolton to be Republican Presidential Nominee in 2012,5,0.2,Jan/05/2011 20:23:57
741644,2012.REP.NOM.BOLTON,John Bolton to be Republican Presidential Nominee in 2012,10,0.2,Jan/05/2011 20:23:57
741644,2012.REP.NOM.BOLTON,John Bolton to be Republican Presidential Nominee in 2012,62,0.2,Jan/05/2011 20:23:57
741644,2012.REP.NOM.BOLTON,John Bolton to be Republican Presidential Nominee in 2012,30,0.2,Jan/08/2011 10:15:33
741644,2012.REP.NOM.BOLTON,John Bolton to be Republican Presidential Nominee in 2012,5,0.2,Jan/08/2011 13:58:06
741644,2012.REP.NOM.BOLTON,John Bolton to be Republican Presidential Nominee in 2012,10,0.2,Jan/08/2011 13:58:06
741644,2012.REP.NOM.BOLTON,John Bolton to be Republican Presidential Nominee in 2012,10,0.2,Jan/08/2011 13:58:06
741644,2012.REP.NOM.BOLTON,John Bolton to be Republican Presidential Nominee in 2012,10,0.2,Jan/08/2011 13:58:06
741644,2012.REP.NOM.BOLTON,John Bolton to be Republican Presidential Nominee in 2012,8,0.2,Jan/08/2011 13:58:06
741644,2012.REP.NOM.BOLTON,John Bolton to be Republican Presidential Nominee in 2012,10,0.2,Jan/08/2011 13:58:06
741644,2012.REP.NOM.BOLTON,John Bolton to be Republican Presidential Nominee in 2012,10,0.2,Jan/08/2011 13:58:06
741644,2012.REP.NOM.BOLTON,John Bolton to be Republican Presidential Nominee in 2012,20,0.2,Jan/08/2011 13:58:06
741644,2012.REP.NOM.BOLTON,John Bolton to be Republican Presidential Nominee in 2012,10,0.2,Jan/08/2011 13:58:06
741644,2012.REP.NOM.BOLTON,John Bolton to be Republican Presidential Nominee in 2012,10,0.2,Jan/08/2011 13:58:06
741644,2012.REP.NOM.BOLTON,John Bolton to be Republican Presidential Nominee in 2012,10,0.2,Jan/08/2011 13:58:06
741644,2012.REP.NOM.BOLTON,John Bolton to be Republican Presidential Nominee in 2012,10,0.2,Jan/08/2011 13:58:06
741644,2012.REP.NOM.BOLTON,John Bolton to be Republican Presidential Nominee in 2012,10,0.2,Jan/08/2011 13:58:06
741644,2012.REP.NOM.BOLTON,John Bolton to be Republican Presidential Nominee in 2012,10,0.2,Jan/08/2011 13:58:06
741644,2012.REP.NOM.BOLTON,John Bolton to be Republican Presidential Nominee in 2012,10,0.2,Jan/08/2011 13:58:06
741644,2012.REP.NOM.BOLTON,John Bolton to be Republican Presidential Nominee in 2012,1,0.1,Jan/08/2011 17:40:18
741644,2012.REP.NOM.BOLTON,John Bolton to be Republican Presidential Nominee in 2012,6,0.1,Jan/08/2011 17:40:25
741644,2012.REP.NOM.BOLTON,John Bolton to be Republican Presidential Nominee in 2012,1,0.1,Jan/08/2011 17:47:44
741644,2012.REP.NOM.BOLTON,John Bolton to be Republican Presidential Nominee in 2012,2,0.1,Jan/08/2011 17:47:50
741644,2012.REP.NOM.BOLTON,John Bolton to be Republican Presidential Nominee in 2012,10,0.1,Jan/08/2011 17:47:56
741644,2012.REP.NOM.BOLTON,John Bolton to be Republican Presidential Nominee in 2012,2,0.1,Jan/08/2011 17:48:02
741644,2012.REP.NOM.BOLTON,John Bolton to be Republican Presidential Nominee in 2012,4,0.1,Jan/08/2011 17:48:08
741644,2012.REP.NOM.BOLTON,John Bolton to be Republican Presidential Nominee in 2012,3,0.1,Jan/08/2011 17:48:14
741644,2012.REP.NOM.BOLTON,John Bolton to be Republican Presidential Nominee in 2012,1,0.1,Jan/08/2011 17:48:20
741644,2012.REP.NOM.BOLTON,John Bolton to be Republican Presidential Nominee in 2012,2,0.1,Jan/08/2011 17:48:26
741644,2012.REP.NOM.BOLTON,John Bolton to be Republican Presidential Nominee in 2012,1,0.1,Jan/08/2011 17:48:32
741644,2012.REP.NOM.BOLTON,John Bolton to be Republican Presidential Nominee in 2012,2,0.1,Jan/08/2011 17:48:38
741644,2012.REP.NOM.BOLTON,John Bolton to be Republican Presidential Nominee in 2012,4,0.1,Jan/08/2011 17:48:44
741644,2012.REP.NOM.BOLTON,John Bolton to be Republican Presidential Nominee in 2012,2,0.1,Jan/08/2011 17:48:50
741644,2012.REP.NOM.BOLTON,John Bolton to be Republican Presidential Nominee in 2012,1,0.1,Jan/08/2011 17:48:56
741644,2012.REP.NOM.BOLTON,John Bolton to be Republican Presidential Nominee in 2012,10,0.1,Jan/08/2011 17:49:02
741644,2012.REP.NOM.BOLTON,John Bolton to be Republican Presidential Nominee in 2012,12,0.2,Jan/12/2011 06:38:48
741644,2012.REP.NOM.BOLTON,John Bolton to be Republican Presidential Nominee in 2012,20,0.2,Jan/12/2011 06:38:48
741644,2012.REP.NOM.BOLTON,John Bolton to be Republican Presidential Nominee in 2012,10,0.2,Jan/12/2011 06:38:48
741644,2012.REP.NOM.BOLTON,John Bolton to be Republican Presidential Nominee in 2012,30,0.2,Jan/12/2011 06:38:48
741644,2012.REP.NOM.BOLTON,John Bolton to be Republican Presidential Nominee in 2012,10,0.2,Jan/12/2011 06:38:48
741644,2012.REP.NOM.BOLTON,John Bolton to be Republican Presidential Nominee in 2012,10,0.2,Jan/12/2011 06:38:48
741644,2012.REP.NOM.BOLTON,John Bolton to be Republican Presidential Nominee in 2012,10,0.2,Jan/12/2011 06:38:48
741644,2012.REP.NOM.BOLTON,John Bolton to be Republican Presidential Nominee in 2012,10,0.2,Jan/12/2011 06:38:48
741644,2012.REP.NOM.BOLTON,John Bolton to be Republican Presidential Nominee in 2012,10,0.2,Jan/12/2011 06:38:48
741644,2012.REP.NOM.BOLTON,John Bolton to be Republican Presidential Nominee in 2012,10,0.2,Jan/12/2011 06:38:48
741644,2012.REP.NOM.BOLTON,John Bolton to be Republican Presidential Nominee in 2012,10,0.2,Jan/12/2011 06:38:48
741644,2012.REP.NOM.BOLTON,John Bolton to be Republican Presidential Nominee in 2012,10,0.2,Jan/12/2011 06:38:48
741644,2012.REP.NOM.BOLTON,John Bolton to be Republican Presidential Nominee in 2012,10,0.2,Jan/12/2011 06:38:48
741644,2012.REP.NOM.BOLTON,John Bolton to be Republican Presidential Nominee in 2012,10,0.2,Jan/12/2011 06:38:48
741644,2012.REP.NOM.BOLTON,John Bolton to be Republican Presidential Nominee in 2012,10,0.2,Jan/12/2011 06:38:48
741644,2012.REP.NOM.BOLTON,John Bolton to be Republican Presidential Nominee in 2012,300,0.2,Jan/12/2011 21:18:38
741644,2012.REP.NOM.BOLTON,John Bolton to be Republican Presidential Nominee in 2012,18,0.2,Jan/12/2011 23:43:12
741644,2012.REP.NOM.BOLTON,John Bolton to be Republican Presidential Nominee in 2012,105,0.1,Jan/13/2011 00:37:11
741644,2012.REP.NOM.BOLTON,John Bolton to be Republican Presidential Nominee in 2012,3,0.1,Jan/13/2011 00:37:11
741644,2012.REP.NOM.BOLTON,John Bolton to be Republican Presidential Nominee in 2012,100,0.1,Jan/13/2011 00:37:11
741644,2012.REP.NOM.BOLTON,John Bolton to be Republican Presidential Nominee in 2012,116,0.1,Jan/13/2011 00:37:11
741644,2012.REP.NOM.BOLTON,John Bolton to be Republican Presidential Nominee in 2012,17,0.1,Jan/13/2011 00:37:11
741644,2012.REP.NOM.BOLTON,John Bolton to be Republican Presidential Nominee in 2012,14,0.1,Jan/13/2011 00:37:11
741644,2012.REP.NOM.BOLTON,John Bolton to be Republican Presidential Nominee in 2012,7,0.1,Jan/13/2011 00:37:11
741644,2012.REP.NOM.BOLTON,John Bolton to be Republican Presidential Nominee in 2012,102,0.1,Jan/13/2011 01:42:23
741644,2012.REP.NOM.BOLTON,John Bolton to be Republican Presidential Nominee in 2012,5,0.1,Jan/13/2011 03:26:04
741644,2012.REP.NOM.BOLTON,John Bolton to be Republican Presidential Nominee in 2012,10,0.1,Jan/13/2011 03:30:06
741644,2012.REP.NOM.BOLTON,John Bolton to be Republican Presidential Nominee in 2012,10,0.1,Jan/13/2011 03:47:06
741644,2012.REP.NOM.BOLTON,John Bolton to be Republican Presidential Nominee in 2012,25,0.1,Jan/13/2011 04:41:22
741644,2012.REP.NOM.BOLTON,John Bolton to be Republican Presidential Nominee in 2012,5,0.1,Jan/13/2011 15:41:20
741644,2012.REP.NOM.BOLTON,John Bolton to be Republican Presidential Nominee in 2012,5,0.1,Jan/13/2011 15:41:20
741644,2012.REP.NOM.BOLTON,John Bolton to be Republican Presidential Nominee in 2012,1,0.2,Jan/17/2011 03:36:27
741644,2012.REP.NOM.BOLTON,John Bolton to be Republican Presidential Nominee in 2012,1,0.1,Jan/19/2011 13:52:57
741644,2012.REP.NOM.BOLTON,John Bolton to be Republican Presidential Nominee in 2012,1,0.1,Jan/19/2011 13:53:03
741644,2012.REP.NOM.BOLTON,John Bolton to be Republican Presidential Nominee in 2012,2,0.1,Jan/19/2011 13:53:34
741644,2012.REP.NOM.BOLTON,John Bolton to be Republican Presidential Nominee in 2012,5,0.1,Jan/20/2011 15:03:55
741644,2012.REP.NOM.BOLTON,John Bolton to be Republican Presidential Nominee in 2012,4,0.1,Jan/20/2011 15:04:27
741644,2012.REP.NOM.BOLTON,John Bolton to be Republican Presidential Nominee in 2012,1,0.1,Jan/20/2011 15:07:50
741644,2012.REP.NOM.BOLTON,John Bolton to be Republican Presidential Nominee in 2012,1,0.1,Jan/20/2011 15:07:56
741644,2012.REP.NOM.BOLTON,John Bolton to be Republican Presidential Nominee in 2012,1,0.1,Jan/20/2011 15:08:26
741644,2012.REP.NOM.BOLTON,John Bolton to be Republican Presidential Nominee in 2012,1,0.1,Jan/20/2011 15:08:32
741644,2012.REP.NOM.BOLTON,John Bolton to be Republican Presidential Nominee in 2012,3,0.1,Jan/20/2011 15:09:07
741644,2012.REP.NOM.BOLTON,John Bolton to be Republican Presidential Nominee in 2012,2,0.1,Jan/20/2011 15:10:17
741644,2012.REP.NOM.BOLTON,John Bolton to be Republican Presidential Nominee in 2012,3,0.1,Jan/20/2011 15:10:23
741644,2012.REP.NOM.BOLTON,John Bolton to be Republican Presidential Nominee in 2012,3,0.1,Jan/20/2011 15:10:53
741644,2012.REP.NOM.BOLTON,John Bolton to be Republican Presidential Nominee in 2012,1,0.1,Jan/21/2011 19:22:27
741644,2012.REP.NOM.BOLTON,John Bolton to be Republican Presidential Nominee in 2012,4,0.1,Jan/21/2011 19:23:37
741644,2012.REP.NOM.BOLTON,John Bolton to be Republican Presidential Nominee in 2012,4,0.1,Jan/21/2011 19:24:08
741644,2012.REP.NOM.BOLTON,John Bolton to be Republican Presidential Nominee in 2012,1,0.1,Jan/21/2011 19:24:43
741644,2012.REP.NOM.BOLTON,John Bolton to be Republican Presidential Nominee in 2012,1,0.1,Jan/21/2011 19:26:13
741644,2012.REP.NOM.BOLTON,John Bolton to be Republican Presidential Nominee in 2012,2,0.1,Jan/21/2011 19:26:19
741644,2012.REP.NOM.BOLTON,John Bolton to be Republican Presidential Nominee in 2012,2,0.1,Jan/21/2011 19:26:21
741644,2012.REP.NOM.BOLTON,John Bolton to be Republican Presidential Nominee in 2012,2,0.1,Jan/21/2011 21:52:06
741644,2012.REP.NOM.BOLTON,John Bolton to be Republican Presidential Nominee in 2012,2,0.1,Jan/22/2011 00:01:33
741644,2012.REP.NOM.BOLTON,John Bolton to be Republican Presidential Nominee in 2012,8,0.1,Jan/22/2011 00:08:05
741644,2012.REP.NOM.BOLTON,John Bolton to be Republican Presidential Nominee in 2012,3,0.1,Jan/22/2011 00:08:11
741644,2012.REP.NOM.BOLTON,John Bolton to be Republican Presidential Nominee in 2012,10,0.1,Jan/22/2011 03:58:50
741644,2012.REP.NOM.BOLTON,John Bolton to be Republican Presidential Nominee in 2012,10,0.1,Jan/22/2011 04:06:00
741644,2012.REP.NOM.BOLTON,John Bolton to be Republican Presidential Nominee in 2012,10,0.1,Jan/22/2011 15:51:13
741644,2012.REP.NOM.BOLTON,John Bolton to be Republican Presidential Nominee in 2012,10,0.1,Jan/22/2011 20:00:19
741644,2012.REP.NOM.BOLTON,John Bolton to be Republican Presidential Nominee in 2012,10,0.1,Jan/22/2011 20:04:26
741644,2012.REP.NOM.BOLTON,John Bolton to be Republican Presidential Nominee in 2012,10,0.1,Jan/22/2011 20:15:27
741644,2012.REP.NOM.BOLTON,John Bolton to be Republican Presidential Nominee in 2012,10,0.1,Jan/22/2011 20:42:17
741644,2012.REP.NOM.BOLTON,John Bolton to be Republican Presidential Nominee in 2012,91,0.2,Jan/23/2011 11:29:52
741644,2012.REP.NOM.BOLTON,John Bolton to be Republican Presidential Nominee in 2012,240,0.2,Jan/23/2011 11:29:52
741644,2012.REP.NOM.BOLTON,John Bolton to be Republican Presidential Nominee in 2012,10,0.2,Jan/23/2011 11:29:52
741644,2012.REP.NOM.BOLTON,John Bolton to be Republican Presidential Nominee in 2012,10,0.2,Jan/23/2011 11:29:52
741644,2012.REP.NOM.BOLTON,John Bolton to be Republican Presidential Nominee in 2012,10,0.2,Jan/23/2011 11:29:52
741644,2012.REP.NOM.BOLTON,John Bolton to be Republican Presidential Nominee in 2012,10,0.2,Jan/23/2011 11:29:52
741644,2012.REP.NOM.BOLTON,John Bolton to be Republican Presidential Nominee in 2012,10,0.2,Jan/23/2011 11:29:52
741644,2012.REP.NOM.BOLTON,John Bolton to be Republican Presidential Nominee in 2012,10,0.2,Jan/23/2011 11:29:52
741644,2012.REP.NOM.BOLTON,John Bolton to be Republican Presidential Nominee in 2012,10,0.2,Jan/23/2011 11:29:52
741644,2012.REP.NOM.BOLTON,John Bolton to be Republican Presidential Nominee in 2012,10,0.2,Jan/23/2011 11:29:52
741644,2012.REP.NOM.BOLTON,John Bolton to be Republican Presidential Nominee in 2012,10,0.2,Jan/23/2011 11:29:52
741644,2012.REP.NOM.BOLTON,John Bolton to be Republican Presidential Nominee in 2012,10,0.2,Jan/23/2011 11:29:52
741644,2012.REP.NOM.BOLTON,John Bolton to be Republican Presidential Nominee in 2012,10,0.2,Jan/23/2011 11:29:52
741644,2012.REP.NOM.BOLTON,John Bolton to be Republican Presidential Nominee in 2012,20,0.2,Jan/23/2011 11:29:52
741644,2012.REP.NOM.BOLTON,John Bolton to be Republican Presidential Nominee in 2012,10,0.2,Jan/23/2011 11:29:52
741644,2012.REP.NOM.BOLTON,John Bolton to be Republican Presidential Nominee in 2012,10,0.2,Jan/23/2011 11:29:52
741644,2012.REP.NOM.BOLTON,John Bolton to be Republican Presidential Nominee in 2012,10,0.2,Jan/23/2011 11:29:52
741644,2012.REP.NOM.BOLTON,John Bolton to be Republican Presidential Nominee in 2012,10,0.2,Jan/23/2011 11:29:52
741644,2012.REP.NOM.BOLTON,John Bolton to be Republican Presidential Nominee in 2012,10,0.2,Jan/23/2011 11:29:52
741644,2012.REP.NOM.BOLTON,John Bolton to be Republican Presidential Nominee in 2012,10,0.2,Jan/23/2011 11:29:52
741644,2012.REP.NOM.BOLTON,John Bolton to be Republican Presidential Nominee in 2012,1,0.1,Jan/23/2011 16:18:29
741644,2012.REP.NOM.BOLTON,John Bolton to be Republican Presidential Nominee in 2012,1,0.1,Jan/23/2011 16:19:00
741644,2012.REP.NOM.BOLTON,John Bolton to be Republican Presidential Nominee in 2012,1,0.1,Jan/23/2011 16:19:25
741644,2012.REP.NOM.BOLTON,John Bolton to be Republican Presidential Nominee in 2012,1,0.1,Jan/23/2011 16:19:32
741644,2012.REP.NOM.BOLTON,John Bolton to be Republican Presidential Nominee in 2012,1,0.1,Jan/23/2011 16:19:38
741644,2012.REP.NOM.BOLTON,John Bolton to be Republican Presidential Nominee in 2012,1,0.1,Jan/23/2011 16:19:59
741644,2012.REP.NOM.BOLTON,John Bolton to be Republican Presidential Nominee in 2012,1,0.1,Jan/23/2011 16:20:55
741644,2012.REP.NOM.BOLTON,John Bolton to be Republican Presidential Nominee in 2012,1,0.1,Jan/23/2011 16:21:00
741644,2012.REP.NOM.BOLTON,John Bolton to be Republican Presidential Nominee in 2012,1,0.1,Jan/23/2011 16:21:06
741644,2012.REP.NOM.BOLTON,John Bolton to be Republican Presidential Nominee in 2012,1,0.1,Jan/23/2011 16:21:43
741644,2012.REP.NOM.BOLTON,John Bolton to be Republican Presidential Nominee in 2012,362,0.1,Jan/23/2011 16:46:38
741644,2012.REP.NOM.BOLTON,John Bolton to be Republican Presidential Nominee in 2012,138,0.1,Jan/23/2011 16:46:38
741644,2012.REP.NOM.BOLTON,John Bolton to be Republican Presidential Nominee in 2012,10,0.2,Jan/23/2011 22:52:52
741644,2012.REP.NOM.BOLTON,John Bolton to be Republican Presidential Nominee in 2012,10,0.2,Jan/23/2011 22:52:52
741644,2012.REP.NOM.BOLTON,John Bolton to be Republican Presidential Nominee in 2012,10,0.2,Jan/23/2011 22:52:52
741644,2012.REP.NOM.BOLTON,John Bolton to be Republican Presidential Nominee in 2012,10,0.2,Jan/24/2011 11:17:03
741644,2012.REP.NOM.BOLTON,John Bolton to be Republican Presidential Nominee in 2012,133,0.2,Jan/24/2011 11:17:03
741644,2012.REP.NOM.BOLTON,John Bolton to be Republican Presidential Nominee in 2012,25,0.3,Jan/24/2011 17:18:37
741644,2012.REP.NOM.BOLTON,John Bolton to be Republican Presidential Nominee in 2012,5,0.3,Jan/24/2011 17:18:37
741644,2012.REP.NOM.BOLTON,John Bolton to be Republican Presidential Nominee in 2012,10,0.3,Jan/24/2011 17:18:37
741644,2012.REP.NOM.BOLTON,John Bolton to be Republican Presidential Nominee in 2012,10,0.3,Jan/24/2011 17:18:37
741644,2012.REP.NOM.BOLTON,John Bolton to be Republican Presidential Nominee in 2012,10,0.3,Jan/24/2011 17:18:37
741644,2012.REP.NOM.BOLTON,John Bolton to be Republican Presidential Nominee in 2012,10,0.3,Jan/24/2011 17:18:37
741644,2012.REP.NOM.BOLTON,John Bolton to be Republican Presidential Nominee in 2012,10,0.3,Jan/24/2011 17:18:37
741644,2012.REP.NOM.BOLTON,John Bolton to be Republican Presidential Nominee in 2012,10,0.3,Jan/24/2011 17:18:37
741644,2012.REP.NOM.BOLTON,John Bolton to be Republican Presidential Nominee in 2012,10,0.3,Jan/24/2011 17:18:37
741644,2012.REP.NOM.BOLTON,John Bolton to be Republican Presidential Nominee in 2012,1,0.1,Jan/25/2011 11:31:16
741644,2012.REP.NOM.BOLTON,John Bolton to be Republican Presidential Nominee in 2012,2,0.1,Jan/25/2011 11:31:22
741644,2012.REP.NOM.BOLTON,John Bolton to be Republican Presidential Nominee in 2012,2,0.1,Jan/25/2011 11:31:28
741644,2012.REP.NOM.BOLTON,John Bolton to be Republican Presidential Nominee in 2012,2,0.1,Jan/25/2011 11:31:34
741644,2012.REP.NOM.BOLTON,John Bolton to be Republican Presidential Nominee in 2012,6,0.2,Jan/26/2011 14:57:33
741644,2012.REP.NOM.BOLTON,John Bolton to be Republican Presidential Nominee in 2012,100,0.2,Jan/26/2011 14:57:33
741644,2012.REP.NOM.BOLTON,John Bolton to be Republican Presidential Nominee in 2012,10,0.2,Jan/26/2011 14:57:33
741644,2012.REP.NOM.BOLTON,John Bolton to be Republican Presidential Nominee in 2012,10,0.2,Jan/26/2011 14:57:33
741644,2012.REP.NOM.BOLTON,John Bolton to be Republican Presidential Nominee in 2012,5,0.1,Jan/26/2011 22:02:03
741644,2012.REP.NOM.BOLTON,John Bolton to be Republican Presidential Nominee in 2012,10,0.2,Jan/31/2011 13:33:55
741644,2012.REP.NOM.BOLTON,John Bolton to be Republican Presidential Nominee in 2012,4,0.2,Jan/31/2011 13:33:55
741644,2012.REP.NOM.BOLTON,John Bolton to be Republican Presidential Nominee in 2012,10,0.2,Jan/31/2011 13:33:55
741644,2012.REP.NOM.BOLTON,John Bolton to be Republican Presidential Nominee in 2012,10,0.2,Jan/31/2011 13:33:55
741644,2012.REP.NOM.BOLTON,John Bolton to be Republican Presidential Nominee in 2012,10,0.2,Jan/31/2011 13:33:55
741644,2012.REP.NOM.BOLTON,John Bolton to be Republican Presidential Nominee in 2012,10,0.2,Jan/31/2011 13:33:55
741644,2012.REP.NOM.BOLTON,John Bolton to be Republican Presidential Nominee in 2012,10,0.2,Jan/31/2011 13:33:55
741644,2012.REP.NOM.BOLTON,John Bolton to be Republican Presidential Nominee in 2012,10,0.2,Jan/31/2011 13:33:55
741644,2012.REP.NOM.BOLTON,John Bolton to be Republican Presidential Nominee in 2012,10,0.2,Jan/31/2011 13:33:55
741644,2012.REP.NOM.BOLTON,John Bolton to be Republican Presidential Nominee in 2012,10,0.2,Jan/31/2011 13:33:55
741644,2012.REP.NOM.BOLTON,John Bolton to be Republican Presidential Nominee in 2012,10,0.2,Jan/31/2011 13:33:55
741644,2012.REP.NOM.BOLTON,John Bolton to be Republican Presidential Nominee in 2012,10,0.2,Jan/31/2011 13:33:55
741644,2012.REP.NOM.BOLTON,John Bolton to be Republican Presidential Nominee in 2012,10,0.2,Jan/31/2011 13:33:55
741644,2012.REP.NOM.BOLTON,John Bolton to be Republican Presidential Nominee in 2012,2,0.2,Jan/31/2011 21:37:42
741644,2012.REP.NOM.BOLTON,John Bolton to be Republican Presidential Nominee in 2012,30,0.1,Feb/01/2011 07:39:29
741644,2012.REP.NOM.BOLTON,John Bolton to be Republican Presidential Nominee in 2012,8,0.2,Feb/01/2011 12:18:18
741644,2012.REP.NOM.BOLTON,John Bolton to be Republican Presidential Nominee in 2012,10,0.2,Feb/01/2011 12:18:18
741644,2012.REP.NOM.BOLTON,John Bolton to be Republican Presidential Nominee in 2012,10,0.2,Feb/01/2011 12:18:18
741644,2012.REP.NOM.BOLTON,John Bolton to be Republican Presidential Nominee in 2012,10,0.2,Feb/01/2011 12:18:18
741644,2012.REP.NOM.BOLTON,John Bolton to be Republican Presidential Nominee in 2012,10,0.2,Feb/01/2011 12:18:18
741644,2012.REP.NOM.BOLTON,John Bolton to be Republican Presidential Nominee in 2012,10,0.2,Feb/01/2011 12:18:18
741644,2012.REP.NOM.BOLTON,John Bolton to be Republican Presidential Nominee in 2012,10,0.2,Feb/01/2011 12:18:18
741644,2012.REP.NOM.BOLTON,John Bolton to be Republican Presidential Nominee in 2012,10,0.2,Feb/01/2011 12:18:18
741644,2012.REP.NOM.BOLTON,John Bolton to be Republican Presidential Nominee in 2012,25,0.2,Feb/01/2011 13:58:30
741644,2012.REP.NOM.BOLTON,John Bolton to be Republican Presidential Nominee in 2012,10,0.2,Feb/01/2011 21:01:17
741644,2012.REP.NOM.BOLTON,John Bolton to be Republican Presidential Nominee in 2012,1,0.1,Feb/03/2011 22:20:30
741644,2012.REP.NOM.BOLTON,John Bolton to be Republican Presidential Nominee in 2012,1,0.1,Feb/04/2011 22:04:10
741644,2012.REP.NOM.BOLTON,John Bolton to be Republican Presidential Nominee in 2012,5,0.2,Feb/06/2011 04:22:54
741644,2012.REP.NOM.BOLTON,John Bolton to be Republican Presidential Nominee in 2012,1,0.2,Feb/07/2011 20:04:43
741644,2012.REP.NOM.BOLTON,John Bolton to be Republican Presidential Nominee in 2012,2,0.1,Feb/07/2011 21:45:40
741644,2012.REP.NOM.BOLTON,John Bolton to be Republican Presidential Nominee in 2012,1,0.1,Feb/07/2011 21:45:46
741644,2012.REP.NOM.BOLTON,John Bolton to be Republican Presidential Nominee in 2012,1,0.1,Feb/07/2011 21:45:52
741644,2012.REP.NOM.BOLTON,John Bolton to be Republican Presidential Nominee in 2012,1,0.1,Feb/07/2011 21:50:56
741644,2012.REP.NOM.BOLTON,John Bolton to be Republican Presidential Nominee in 2012,1,0.1,Feb/07/2011 21:51:02
741644,2012.REP.NOM.BOLTON,John Bolton to be Republican Presidential Nominee in 2012,1,0.1,Feb/09/2011 13:50:55
741644,2012.REP.NOM.BOLTON,John Bolton to be Republican Presidential Nominee in 2012,1,0.2,Feb/12/2011 01:15:10
741644,2012.REP.NOM.BOLTON,John Bolton to be Republican Presidential Nominee in 2012,1,0.2,Feb/14/2011 17:03:26
741644,2012.REP.NOM.BOLTON,John Bolton to be Republican Presidential Nominee in 2012,12,0.2,Feb/15/2011 02:35:21
741644,2012.REP.NOM.BOLTON,John Bolton to be Republican Presidential Nominee in 2012,20,0.2,Feb/15/2011 02:35:21
741644,2012.REP.NOM.BOLTON,John Bolton to be Republican Presidential Nominee in 2012,18,0.2,Feb/15/2011 02:35:21
741644,2012.REP.NOM.BOLTON,John Bolton to be Republican Presidential Nominee in 2012,5,0.1,Feb/15/2011 13:01:40
741644,2012.REP.NOM.BOLTON,John Bolton to be Republican Presidential Nominee in 2012,2,0.2,Feb/16/2011 11:46:42
741644,2012.REP.NOM.BOLTON,John Bolton to be Republican Presidential Nominee in 2012,5,0.2,Feb/16/2011 11:46:42
741644,2012.REP.NOM.BOLTON,John Bolton to be Republican Presidential Nominee in 2012,35,0.2,Feb/16/2011 11:46:42
741644,2012.REP.NOM.BOLTON,John Bolton to be Republican Presidential Nominee in 2012,20,0.2,Feb/16/2011 11:46:42
741644,2012.REP.NOM.BOLTON,John Bolton to be Republican Presidential Nominee in 2012,80,0.2,Feb/16/2011 11:46:42
741644,2012.REP.NOM.BOLTON,John Bolton to be Republican Presidential Nominee in 2012,20,0.2,Feb/16/2011 11:46:42
741644,2012.REP.NOM.BOLTON,John Bolton to be Republican Presidential Nominee in 2012,2,0.2,Feb/16/2011 11:46:42
741644,2012.REP.NOM.BOLTON,John Bolton to be Republican Presidential Nominee in 2012,20,0.2,Feb/16/2011 11:46:42
741644,2012.REP.NOM.BOLTON,John Bolton to be Republican Presidential Nominee in 2012,20,0.2,Feb/16/2011 11:46:42
741644,2012.REP.NOM.BOLTON,John Bolton to be Republican Presidential Nominee in 2012,20,0.2,Feb/16/2011 11:46:42
741644,2012.REP.NOM.BOLTON,John Bolton to be Republican Presidential Nominee in 2012,10,0.2,Feb/16/2011 11:46:42
741644,2012.REP.NOM.BOLTON,John Bolton to be Republican Presidential Nominee in 2012,10,0.2,Feb/16/2011 11:46:42
741644,2012.REP.NOM.BOLTON,John Bolton to be Republican Presidential Nominee in 2012,20,0.2,Feb/16/2011 11:46:42
741644,2012.REP.NOM.BOLTON,John Bolton to be Republican Presidential Nominee in 2012,20,0.2,Feb/16/2011 11:46:42
741644,2012.REP.NOM.BOLTON,John Bolton to be Republican Presidential Nominee in 2012,20,0.2,Feb/16/2011 11:46:42
741644,2012.REP.NOM.BOLTON,John Bolton to be Republican Presidential Nominee in 2012,20,0.2,Feb/16/2011 11:46:42
741644,2012.REP.NOM.BOLTON,John Bolton to be Republican Presidential Nominee in 2012,20,0.2,Feb/16/2011 11:46:42
741644,2012.REP.NOM.BOLTON,John Bolton to be Republican Presidential Nominee in 2012,4,0.2,Feb/16/2011 11:46:42
741644,2012.REP.NOM.BOLTON,John Bolton to be Republican Presidential Nominee in 2012,20,0.2,Feb/16/2011 11:46:42
741644,2012.REP.NOM.BOLTON,John Bolton to be Republican Presidential Nominee in 2012,20,0.2,Feb/16/2011 16:13:33
741644,2012.REP.NOM.BOLTON,John Bolton to be Republican Presidential Nominee in 2012,40,0.2,Feb/16/2011 16:26:26
741644,2012.REP.NOM.BOLTON,John Bolton to be Republican Presidential Nominee in 2012,20,0.2,Feb/16/2011 17:05:08
741644,2012.REP.NOM.BOLTON,John Bolton to be Republican Presidential Nominee in 2012,20,0.2,Feb/16/2011 17:05:08
741644,2012.REP.NOM.BOLTON,John Bolton to be Republican Presidential Nominee in 2012,20,0.2,Feb/16/2011 17:05:08
741644,2012.REP.NOM.BOLTON,John Bolton to be Republican Presidential Nominee in 2012,1,0.1,Feb/17/2011 06:18:54
741644,2012.REP.NOM.BOLTON,John Bolton to be Republican Presidential Nominee in 2012,1,0.2,Feb/17/2011 08:42:39
741644,2012.REP.NOM.BOLTON,John Bolton to be Republican Presidential Nominee in 2012,1,0.1,Feb/17/2011 14:52:31
741644,2012.REP.NOM.BOLTON,John Bolton to be Republican Presidential Nominee in 2012,1,0.1,Feb/17/2011 14:53:47
741644,2012.REP.NOM.BOLTON,John Bolton to be Republican Presidential Nominee in 2012,3,0.1,Feb/17/2011 14:53:57
741644,2012.REP.NOM.BOLTON,John Bolton to be Republican Presidential Nominee in 2012,4,0.1,Feb/17/2011 14:54:22
741644,2012.REP.NOM.BOLTON,John Bolton to be Republican Presidential Nominee in 2012,1,0.2,Feb/19/2011 07:25:55
741644,2012.REP.NOM.BOLTON,John Bolton to be Republican Presidential Nominee in 2012,10,0.2,Feb/19/2011 20:34:44
741644,2012.REP.NOM.BOLTON,John Bolton to be Republican Presidential Nominee in 2012,1,0.2,Feb/20/2011 04:19:23
741644,2012.REP.NOM.BOLTON,John Bolton to be Republican Presidential Nominee in 2012,7,0.2,Feb/20/2011 19:25:25
741644,2012.REP.NOM.BOLTON,John Bolton to be Republican Presidential Nominee in 2012,13,0.2,Feb/20/2011 19:25:25
741644,2012.REP.NOM.BOLTON,John Bolton to be Republican Presidential Nominee in 2012,1,0.1,Feb/22/2011 16:22:44
741644,2012.REP.NOM.BOLTON,John Bolton to be Republican Presidential Nominee in 2012,1,0.1,Feb/22/2011 16:22:49
741644,2012.REP.NOM.BOLTON,John Bolton to be Republican Presidential Nominee in 2012,154,0.1,Feb/28/2011 17:19:04
741644,2012.REP.NOM.BOLTON,John Bolton to be Republican Presidential Nominee in 2012,146,0.1,Feb/28/2011 17:19:04
741644,2012.REP.NOM.BOLTON,John Bolton to be Republican Presidential Nominee in 2012,7,0.2,Feb/28/2011 18:42:19
741644,2012.REP.NOM.BOLTON,John Bolton to be Republican Presidential Nominee in 2012,7,0.2,Feb/28/2011 18:42:19
741644,2012.REP.NOM.BOLTON,John Bolton to be Republican Presidential Nominee in 2012,20,0.2,Feb/28/2011 18:42:19
741644,2012.REP.NOM.BOLTON,John Bolton to be Republican Presidential Nominee in 2012,20,0.2,Feb/28/2011 18:42:19
741644,2012.REP.NOM.BOLTON,John Bolton to be Republican Presidential Nominee in 2012,20,0.2,Feb/28/2011 18:42:19
741644,2012.REP.NOM.BOLTON,John Bolton to be Republican Presidential Nominee in 2012,20,0.2,Feb/28/2011 18:42:19
741644,2012.REP.NOM.BOLTON,John Bolton to be Republican Presidential Nominee in 2012,6,0.2,Feb/28/2011 18:42:19
741644,2012.REP.NOM.BOLTON,John Bolton to be Republican Presidential Nominee in 2012,10,0.2,Feb/28/2011 18:43:07
741644,2012.REP.NOM.BOLTON,John Bolton to be Republican Presidential Nominee in 2012,1,0.1,Mar/04/2011 08:24:06
741644,2012.REP.NOM.BOLTON,John Bolton to be Republican Presidential Nominee in 2012,53,0.1,Mar/04/2011 09:27:41
741644,2012.REP.NOM.BOLTON,John Bolton to be Republican Presidential Nominee in 2012,50,0.1,Mar/04/2011 09:27:41
741644,2012.REP.NOM.BOLTON,John Bolton to be Republican Presidential Nominee in 2012,9,0.1,Mar/04/2011 09:27:41
741644,2012.REP.NOM.BOLTON,John Bolton to be Republican Presidential Nominee in 2012,6,0.1,Mar/04/2011 09:27:41
741644,2012.REP.NOM.BOLTON,John Bolton to be Republican Presidential Nominee in 2012,38,0.1,Mar/04/2011 09:27:41
741644,2012.REP.NOM.BOLTON,John Bolton to be Republican Presidential Nominee in 2012,544,0.1,Mar/04/2011 09:27:41
741644,2012.REP.NOM.BOLTON,John Bolton to be Republican Presidential Nominee in 2012,1,0.2,Mar/04/2011 12:05:22
741644,2012.REP.NOM.BOLTON,John Bolton to be Republican Presidential Nominee in 2012,1,0.2,Mar/06/2011 06:31:48
741644,2012.REP.NOM.BOLTON,John Bolton to be Republican Presidential Nominee in 2012,1,0.2,Mar/06/2011 20:52:28
741644,2012.REP.NOM.BOLTON,John Bolton to be Republican Presidential Nominee in 2012,1,0.1,Mar/08/2011 12:39:56
741644,2012.REP.NOM.BOLTON,John Bolton to be Republican Presidential Nominee in 2012,1,0.1,Mar/08/2011 12:41:45
741644,2012.REP.NOM.BOLTON,John Bolton to be Republican Presidential Nominee in 2012,1,0.1,Mar/08/2011 12:41:51
741644,2012.REP.NOM.BOLTON,John Bolton to be Republican Presidential Nominee in 2012,1,0.1,Mar/08/2011 12:43:32
741644,2012.REP.NOM.BOLTON,John Bolton to be Republican Presidential Nominee in 2012,1,0.2,Mar/08/2011 18:30:27
741644,2012.REP.NOM.BOLTON,John Bolton to be Republican Presidential Nominee in 2012,100,0.1,Mar/09/2011 16:03:46
741644,2012.REP.NOM.BOLTON,John Bolton to be Republican Presidential Nominee in 2012,1,0.2,Mar/10/2011 22:12:21
741644,2012.REP.NOM.BOLTON,John Bolton to be Republican Presidential Nominee in 2012,1,0.2,Mar/12/2011 05:28:05
741644,2012.REP.NOM.BOLTON,John Bolton to be Republican Presidential Nominee in 2012,1,0.1,Mar/14/2011 15:19:41
741644,2012.REP.NOM.BOLTON,John Bolton to be Republican Presidential Nominee in 2012,1,0.1,Mar/14/2011 15:19:46
741644,2012.REP.NOM.BOLTON,John Bolton to be Republican Presidential Nominee in 2012,2,0.1,Mar/14/2011 15:21:02
741644,2012.REP.NOM.BOLTON,John Bolton to be Republican Presidential Nominee in 2012,1,0.2,Mar/17/2011 10:07:23
741644,2012.REP.NOM.BOLTON,John Bolton to be Republican Presidential Nominee in 2012,1,0.2,Mar/18/2011 05:31:27
741644,2012.REP.NOM.BOLTON,John Bolton to be Republican Presidential Nominee in 2012,16,0.2,Mar/22/2011 18:12:24
741644,2012.REP.NOM.BOLTON,John Bolton to be Republican Presidential Nominee in 2012,20,0.2,Mar/22/2011 18:12:24
741644,2012.REP.NOM.BOLTON,John Bolton to be Republican Presidential Nominee in 2012,20,0.2,Mar/22/2011 18:12:24
741644,2012.REP.NOM.BOLTON,John Bolton to be Republican Presidential Nominee in 2012,20,0.2,Mar/22/2011 18:12:24
741644,2012.REP.NOM.BOLTON,John Bolton to be Republican Presidential Nominee in 2012,20,0.2,Mar/22/2011 18:12:24
741644,2012.REP.NOM.BOLTON,John Bolton to be Republican Presidential Nominee in 2012,20,0.2,Mar/22/2011 18:12:24
741644,2012.REP.NOM.BOLTON,John Bolton to be Republican Presidential Nominee in 2012,20,0.2,Mar/22/2011 18:12:24
741644,2012.REP.NOM.BOLTON,John Bolton to be Republican Presidential Nominee in 2012,20,0.2,Mar/22/2011 18:12:24
741644,2012.REP.NOM.BOLTON,John Bolton to be Republican Presidential Nominee in 2012,2,0.2,Mar/22/2011 18:12:24
741644,2012.REP.NOM.BOLTON,John Bolton to be Republican Presidential Nominee in 2012,20,0.2,Mar/22/2011 18:12:24
741644,2012.REP.NOM.BOLTON,John Bolton to be Republican Presidential Nominee in 2012,16,0.2,Mar/22/2011 18:12:24
741644,2012.REP.NOM.BOLTON,John Bolton to be Republican Presidential Nominee in 2012,4,0.2,Mar/22/2011 18:17:36
741644,2012.REP.NOM.BOLTON,John Bolton to be Republican Presidential Nominee in 2012,20,0.2,Mar/22/2011 18:17:36
741644,2012.REP.NOM.BOLTON,John Bolton to be Republican Presidential Nominee in 2012,176,0.2,Mar/22/2011 18:17:36
741644,2012.REP.NOM.BOLTON,John Bolton to be Republican Presidential Nominee in 2012,100,0.2,Mar/23/2011 18:38:50
741644,2012.REP.NOM.BOLTON,John Bolton to be Republican Presidential Nominee in 2012,10,0.2,Mar/31/2011 20:38:44
741644,2012.REP.NOM.BOLTON,John Bolton to be Republican Presidential Nominee in 2012,1,0.2,Apr/01/2011 04:01:31
741644,2012.REP.NOM.BOLTON,John Bolton to be Republican Presidential Nominee in 2012,1,0.1,Apr/06/2011 23:21:13
741644,2012.REP.NOM.BOLTON,John Bolton to be Republican Presidential Nominee in 2012,2,0.1,Apr/06/2011 23:21:19
741644,2012.REP.NOM.BOLTON,John Bolton to be Republican Presidential Nominee in 2012,2,0.1,Apr/06/2011 23:22:22
741644,2012.REP.NOM.BOLTON,John Bolton to be Republican Presidential Nominee in 2012,1,0.2,Apr/07/2011 15:53:22
741644,2012.REP.NOM.BOLTON,John Bolton to be Republican Presidential Nominee in 2012,20,0.2,Apr/07/2011 15:53:22
741644,2012.REP.NOM.BOLTON,John Bolton to be Republican Presidential Nominee in 2012,20,0.2,Apr/07/2011 15:53:22
741644,2012.REP.NOM.BOLTON,John Bolton to be Republican Presidential Nominee in 2012,20,0.2,Apr/07/2011 15:53:22
741644,2012.REP.NOM.BOLTON,John Bolton to be Republican Presidential Nominee in 2012,20,0.2,Apr/07/2011 15:53:22
741644,2012.REP.NOM.BOLTON,John Bolton to be Republican Presidential Nominee in 2012,119,0.2,Apr/07/2011 15:53:22
741644,2012.REP.NOM.BOLTON,John Bolton to be Republican Presidential Nominee in 2012,343,0.1,Apr/15/2011 17:53:04
741644,2012.REP.NOM.BOLTON,John Bolton to be Republican Presidential Nominee in 2012,17,0.1,Apr/15/2011 17:53:04
741644,2012.REP.NOM.BOLTON,John Bolton to be Republican Presidential Nominee in 2012,11,0.1,Apr/15/2011 17:53:04
741644,2012.REP.NOM.BOLTON,John Bolton to be Republican Presidential Nominee in 2012,129,0.1,Apr/15/2011 17:53:04
741644,2012.REP.NOM.BOLTON,John Bolton to be Republican Presidential Nominee in 2012,20,0.2,Apr/22/2011 21:15:44
741644,2012.REP.NOM.BOLTON,John Bolton to be Republican Presidential Nominee in 2012,267,0.1,Apr/23/2011 19:24:36
741644,2012.REP.NOM.BOLTON,John Bolton to be Republican Presidential Nominee in 2012,150,0.1,Apr/23/2011 19:24:36
741644,2012.REP.NOM.BOLTON,John Bolton to be Republican Presidential Nominee in 2012,15,0.1,Apr/23/2011 19:24:36
741644,2012.REP.NOM.BOLTON,John Bolton to be Republican Presidential Nominee in 2012,1,0.1,Apr/23/2011 19:24:36
741644,2012.REP.NOM.BOLTON,John Bolton to be Republican Presidential Nominee in 2012,2277,0.1,May/08/2011 03:54:48
741644,2012.REP.NOM.BOLTON,John Bolton to be Republican Presidential Nominee in 2012,5,0.1,May/08/2011 03:54:48
741644,2012.REP.NOM.BOLTON,John Bolton to be Republican Presidential Nominee in 2012,360,0.1,May/08/2011 04:02:33
741644,2012.REP.NOM.BOLTON,John Bolton to be Republican Presidential Nominee in 2012,10,0.1,May/08/2011 17:54:16
741644,2012.REP.NOM.BOLTON,John Bolton to be Republican Presidential Nominee in 2012,1,0.1,May/09/2011 22:04:37
741644,2012.REP.NOM.BOLTON,John Bolton to be Republican Presidential Nominee in 2012,1,0.1,May/09/2011 22:05:32
741644,2012.REP.NOM.BOLTON,John Bolton to be Republican Presidential Nominee in 2012,30,0.1,May/09/2011 22:10:57
741644,2012.REP.NOM.BOLTON,John Bolton to be Republican Presidential Nominee in 2012,2000,0.1,May/10/2011 14:11:00
741644,2012.REP.NOM.BOLTON,John Bolton to be Republican Presidential Nominee in 2012,100,0.2,May/10/2011 14:14:31
741644,2012.REP.NOM.BOLTON,John Bolton to be Republican Presidential Nominee in 2012,20,0.1,May/10/2011 14:56:14
741644,2012.REP.NOM.BOLTON,John Bolton to be Republican Presidential Nominee in 2012,100,0.1,May/10/2011 15:01:18
741644,2012.REP.NOM.BOLTON,John Bolton to be Republican Presidential Nominee in 2012,5,0.2,May/10/2011 15:17:53
741644,2012.REP.NOM.BOLTON,John Bolton to be Republican Presidential Nominee in 2012,30,0.1,May/10/2011 23:16:49
741644,2012.REP.NOM.BOLTON,John Bolton to be Republican Presidential Nominee in 2012,7,0.1,May/10/2011 23:16:49
741644,2012.REP.NOM.BOLTON,John Bolton to be Republican Presidential Nominee in 2012,3,0.1,May/12/2011 01:18:17
741644,2012.REP.NOM.BOLTON,John Bolton to be Republican Presidential Nominee in 2012,684,0.1,May/12/2011 01:18:17
741644,2012.REP.NOM.BOLTON,John Bolton to be Republican Presidential Nominee in 2012,60,0.1,May/12/2011 01:18:17
741644,2012.REP.NOM.BOLTON,John Bolton to be Republican Presidential Nominee in 2012,45,0.2,May/12/2011 03:35:56
741644,2012.REP.NOM.BOLTON,John Bolton to be Republican Presidential Nominee in 2012,5,0.2,May/12/2011 03:35:56
741644,2012.REP.NOM.BOLTON,John Bolton to be Republican Presidential Nominee in 2012,40,0.1,May/13/2011 14:47:20
741644,2012.REP.NOM.BOLTON,John Bolton to be Republican Presidential Nominee in 2012,34,0.1,May/13/2011 18:27:00
741644,2012.REP.NOM.BOLTON,John Bolton to be Republican Presidential Nominee in 2012,100,0.1,May/14/2011 02:00:16
741644,2012.REP.NOM.BOLTON,John Bolton to be Republican Presidential Nominee in 2012,70,0.1,May/14/2011 14:00:56
741644,2012.REP.NOM.BOLTON,John Bolton to be Republican Presidential Nominee in 2012,70,0.1,May/16/2011 18:22:14
741644,2012.REP.NOM.BOLTON,John Bolton to be Republican Presidential Nominee in 2012,210,0.1,May/19/2011 17:16:13
741644,2012.REP.NOM.BOLTON,John Bolton to be Republican Presidential Nominee in 2012,110,0.1,May/19/2011 17:16:13
741644,2012.REP.NOM.BOLTON,John Bolton to be Republican Presidential Nominee in 2012,23,0.2,May/19/2011 18:37:41
741644,2012.REP.NOM.BOLTON,John Bolton to be Republican Presidential Nominee in 2012,244,0.2,May/19/2011 18:37:41
741644,2012.REP.NOM.BOLTON,John Bolton to be Republican Presidential Nominee in 2012,13,0.2,May/19/2011 18:37:41
741644,2012.REP.NOM.BOLTON,John Bolton to be Republican Presidential Nominee in 2012,54,0.1,May/20/2011 04:24:49
741644,2012.REP.NOM.BOLTON,John Bolton to be Republican Presidential Nominee in 2012,6,0.1,May/20/2011 22:33:59
741644,2012.REP.NOM.BOLTON,John Bolton to be Republican Presidential Nominee in 2012,1,0.2,May/20/2011 22:34:07
741644,2012.REP.NOM.BOLTON,John Bolton to be Republican Presidential Nominee in 2012,500,0.1,May/21/2011 23:32:59
741644,2012.REP.NOM.BOLTON,John Bolton to be Republican Presidential Nominee in 2012,15,0.1,Jun/06/2011 17:48:17
741644,2012.REP.NOM.BOLTON,John Bolton to be Republican Presidential Nominee in 2012,85,0.1,Jun/06/2011 17:58:19
741644,2012.REP.NOM.BOLTON,John Bolton to be Republican Presidential Nominee in 2012,50,0.1,Jun/06/2011 20:44:18
741644,2012.REP.NOM.BOLTON,John Bolton to be Republican Presidential Nominee in 2012,100,0.1,Jun/06/2011 22:43:41
741644,2012.REP.NOM.BOLTON,John Bolton to be Republican Presidential Nominee in 2012,568,0.1,Jun/07/2011 20:01:09
741644,2012.REP.NOM.BOLTON,John Bolton to be Republican Presidential Nominee in 2012,182,0.1,Jun/07/2011 22:49:58
741644,2012.REP.NOM.BOLTON,John Bolton to be Republican Presidential Nominee in 2012,168,0.1,Jun/07/2011 22:49:58
741644,2012.REP.NOM.BOLTON,John Bolton to be Republican Presidential Nominee in 2012,10,0.1,Jun/08/2011 19:46:32
741644,2012.REP.NOM.BOLTON,John Bolton to be Republican Presidential Nominee in 2012,50,0.1,Jun/14/2011 01:18:20
741644,2012.REP.NOM.BOLTON,John Bolton to be Republican Presidential Nominee in 2012,200,0.1,Jun/15/2011 06:37:57
741644,2012.REP.NOM.BOLTON,John Bolton to be Republican Presidential Nominee in 2012,50,0.1,Jun/15/2011 19:56:39
741644,2012.REP.NOM.BOLTON,John Bolton to be Republican Presidential Nominee in 2012,1,0.1,Jun/16/2011 01:11:42
741644,2012.REP.NOM.BOLTON,John Bolton to be Republican Presidential Nominee in 2012,1,0.1,Jun/16/2011 01:30:01
741644,2012.REP.NOM.BOLTON,John Bolton to be Republican Presidential Nominee in 2012,10,0.1,Jun/16/2011 01:36:52
741644,2012.REP.NOM.BOLTON,John Bolton to be Republican Presidential Nominee in 2012,10,0.1,Jun/16/2011 15:44:25
741644,2012.REP.NOM.BOLTON,John Bolton to be Republican Presidential Nominee in 2012,240,0.1,Jun/16/2011 15:44:25
741644,2012.REP.NOM.BOLTON,John Bolton to be Republican Presidential Nominee in 2012,260,0.1,Jun/16/2011 15:46:27
741644,2012.REP.NOM.BOLTON,John Bolton to be Republican Presidential Nominee in 2012,500,0.1,Jun/16/2011 15:46:27
741644,2012.REP.NOM.BOLTON,John Bolton to be Republican Presidential Nominee in 2012,10,0.1,Jun/16/2011 15:46:27
741644,2012.REP.NOM.BOLTON,John Bolton to be Republican Presidential Nominee in 2012,500,0.1,Jun/16/2011 15:46:27
741644,2012.REP.NOM.BOLTON,John Bolton to be Republican Presidential Nominee in 2012,30,0.1,Jun/17/2011 23:02:47
741644,2012.REP.NOM.BOLTON,John Bolton to be Republican Presidential Nominee in 2012,25,0.1,Jun/20/2011 05:03:52
741644,2012.REP.NOM.BOLTON,John Bolton to be Republican Presidential Nominee in 2012,145,0.1,Jun/22/2011 22:31:02
741644,2012.REP.NOM.BOLTON,John Bolton to be Republican Presidential Nominee in 2012,100,0.1,Jun/22/2011 22:31:02
741644,2012.REP.NOM.BOLTON,John Bolton to be Republican Presidential Nominee in 2012,421,0.2,Jun/23/2011 16:02:50
741644,2012.REP.NOM.BOLTON,John Bolton to be Republican Presidential Nominee in 2012,20,0.2,Jun/23/2011 16:02:50
741644,2012.REP.NOM.BOLTON,John Bolton to be Republican Presidential Nominee in 2012,99,0.2,Jun/23/2011 16:02:50
741644,2012.REP.NOM.BOLTON,John Bolton to be Republican Presidential Nominee in 2012,37,0.2,Jun/23/2011 16:02:50
741644,2012.REP.NOM.BOLTON,John Bolton to be Republican Presidential Nominee in 2012,74,0.2,Jun/23/2011 16:02:50
741644,2012.REP.NOM.BOLTON,John Bolton to be Republican Presidential Nominee in 2012,131,0.2,Jun/23/2011 16:02:50
741644,2012.REP.NOM.BOLTON,John Bolton to be Republican Presidential Nominee in 2012,54,0.2,Jun/23/2011 16:02:50
741644,2012.REP.NOM.BOLTON,John Bolton to be Republican Presidential Nominee in 2012,25,0.2,Jun/23/2011 16:02:50
741644,2012.REP.NOM.BOLTON,John Bolton to be Republican Presidential Nominee in 2012,600,0.2,Jun/23/2011 16:02:50
741644,2012.REP.NOM.BOLTON,John Bolton to be Republican Presidential Nominee in 2012,100,0.2,Jun/23/2011 16:02:50
741644,2012.REP.NOM.BOLTON,John Bolton to be Republican Presidential Nominee in 2012,10,0.2,Jun/23/2011 16:29:07
741644,2012.REP.NOM.BOLTON,John Bolton to be Republican Presidential Nominee in 2012,120,0.2,Jun/23/2011 17:46:10
741644,2012.REP.NOM.BOLTON,John Bolton to be Republican Presidential Nominee in 2012,1,0.3,Jun/23/2011 19:02:34
741644,2012.REP.NOM.BOLTON,John Bolton to be Republican Presidential Nominee in 2012,55,0.3,Jun/23/2011 19:32:07
741644,2012.REP.NOM.BOLTON,John Bolton to be Republican Presidential Nominee in 2012,30,0.4,Jun/23/2011 19:39:52
741644,2012.REP.NOM.BOLTON,John Bolton to be Republican Presidential Nominee in 2012,20,0.3,Jun/23/2011 21:40:14
741644,2012.REP.NOM.BOLTON,John Bolton to be Republican Presidential Nominee in 2012,25,0.3,Jun/23/2011 21:44:31
741644,2012.REP.NOM.BOLTON,John Bolton to be Republican Presidential Nominee in 2012,107,0.3,Jun/24/2011 00:19:55
741644,2012.REP.NOM.BOLTON,John Bolton to be Republican Presidential Nominee in 2012,20,0.3,Jun/24/2011 03:23:46
741644,2012.REP.NOM.BOLTON,John Bolton to be Republican Presidential Nominee in 2012,25,0.4,Jun/24/2011 03:51:10
741644,2012.REP.NOM.BOLTON,John Bolton to be Republican Presidential Nominee in 2012,230,0.3,Jun/24/2011 04:19:59
741644,2012.REP.NOM.BOLTON,John Bolton to be Republican Presidential Nominee in 2012,200,0.3,Jun/24/2011 04:22:58
741644,2012.REP.NOM.BOLTON,John Bolton to be Republican Presidential Nominee in 2012,187,0.3,Jun/24/2011 05:52:52
741644,2012.REP.NOM.BOLTON,John Bolton to be Republican Presidential Nominee in 2012,1,0.4,Jun/24/2011 06:57:20
741644,2012.REP.NOM.BOLTON,John Bolton to be Republican Presidential Nominee in 2012,100,0.3,Jun/24/2011 11:38:01
741644,2012.REP.NOM.BOLTON,John Bolton to be Republican Presidential Nominee in 2012,400,0.3,Jun/24/2011 11:39:38
741644,2012.REP.NOM.BOLTON,John Bolton to be Republican Presidential Nominee in 2012,656,0.3,Jun/24/2011 13:04:01
741644,2012.REP.NOM.BOLTON,John Bolton to be Republican Presidential Nominee in 2012,1,0.3,Jun/24/2011 14:28:09
741644,2012.REP.NOM.BOLTON,John Bolton to be Republican Presidential Nominee in 2012,9,0.3,Jun/24/2011 14:43:14
741644,2012.REP.NOM.BOLTON,John Bolton to be Republican Presidential Nominee in 2012,15,0.2,Jun/24/2011 16:20:21
741644,2012.REP.NOM.BOLTON,John Bolton to be Republican Presidential Nominee in 2012,1,0.3,Jun/24/2011 16:33:58
741644,2012.REP.NOM.BOLTON,John Bolton to be Republican Presidential Nominee in 2012,1,0.2,Jun/24/2011 19:10:54
741644,2012.REP.NOM.BOLTON,John Bolton to be Republican Presidential Nominee in 2012,1,0.3,Jun/24/2011 23:33:14
741644,2012.REP.NOM.BOLTON,John Bolton to be Republican Presidential Nominee in 2012,106,0.3,Jun/26/2011 00:35:30
741644,2012.REP.NOM.BOLTON,John Bolton to be Republican Presidential Nominee in 2012,192,0.3,Jun/26/2011 02:45:49
741644,2012.REP.NOM.BOLTON,John Bolton to be Republican Presidential Nominee in 2012,20,0.3,Jun/26/2011 02:45:49
741644,2012.REP.NOM.BOLTON,John Bolton to be Republican Presidential Nominee in 2012,10,0.3,Jun/26/2011 02:45:49
741644,2012.REP.NOM.BOLTON,John Bolton to be Republican Presidential Nominee in 2012,10,0.3,Jun/26/2011 03:51:23
741644,2012.REP.NOM.BOLTON,John Bolton to be Republican Presidential Nominee in 2012,1,0.3,Jun/26/2011 03:56:38
741644,2012.REP.NOM.BOLTON,John Bolton to be Republican Presidential Nominee in 2012,129,0.3,Jun/26/2011 04:14:34
741644,2012.REP.NOM.BOLTON,John Bolton to be Republican Presidential Nominee in 2012,10,0.3,Jun/26/2011 04:34:43
741644,2012.REP.NOM.BOLTON,John Bolton to be Republican Presidential Nominee in 2012,1,0.3,Jun/26/2011 07:10:50
741644,2012.REP.NOM.BOLTON,John Bolton to be Republican Presidential Nominee in 2012,1,0.2,Jun/26/2011 07:14:47
741644,2012.REP.NOM.BOLTON,John Bolton to be Republican Presidential Nominee in 2012,30,0.3,Jun/26/2011 16:41:47
741644,2012.REP.NOM.BOLTON,John Bolton to be Republican Presidential Nominee in 2012,10,0.3,Jun/26/2011 16:41:47
741644,2012.REP.NOM.BOLTON,John Bolton to be Republican Presidential Nominee in 2012,1,0.3,Jun/26/2011 17:33:37
741644,2012.REP.NOM.BOLTON,John Bolton to be Republican Presidential Nominee in 2012,49,0.2,Jun/26/2011 17:33:37
741644,2012.REP.NOM.BOLTON,John Bolton to be Republican Presidential Nominee in 2012,25,0.2,Jun/27/2011 01:38:00
741644,2012.REP.NOM.BOLTON,John Bolton to be Republican Presidential Nominee in 2012,1,0.3,Jun/28/2011 01:57:13
741644,2012.REP.NOM.BOLTON,John Bolton to be Republican Presidential Nominee in 2012,29,0.3,Jun/28/2011 03:29:52
741644,2012.REP.NOM.BOLTON,John Bolton to be Republican Presidential Nominee in 2012,10,0.3,Jun/28/2011 03:29:52
741644,2012.REP.NOM.BOLTON,John Bolton to be Republican Presidential Nominee in 2012,61,0.3,Jun/28/2011 03:29:52
741644,2012.REP.NOM.BOLTON,John Bolton to be Republican Presidential Nominee in 2012,6,0.3,Jun/28/2011 03:30:26
741644,2012.REP.NOM.BOLTON,John Bolton to be Republican Presidential Nominee in 2012,43,0.3,Jun/29/2011 14:31:10
741644,2012.REP.NOM.BOLTON,John Bolton to be Republican Presidential Nominee in 2012,7,0.3,Jun/29/2011 14:31:10
741644,2012.REP.NOM.BOLTON,John Bolton to be Republican Presidential Nominee in 2012,13,0.3,Jun/29/2011 21:47:48
741644,2012.REP.NOM.BOLTON,John Bolton to be Republican Presidential Nominee in 2012,20,0.3,Jun/29/2011 21:47:48
741644,2012.REP.NOM.BOLTON,John Bolton to be Republican Presidential Nominee in 2012,7,0.3,Jun/29/2011 21:47:48
741644,2012.REP.NOM.BOLTON,John Bolton to be Republican Presidential Nominee in 2012,13,0.3,Jun/30/2011 04:55:04
741644,2012.REP.NOM.BOLTON,John Bolton to be Republican Presidential Nominee in 2012,7,0.3,Jun/30/2011 04:55:04
741644,2012.REP.NOM.BOLTON,John Bolton to be Republican Presidential Nominee in 2012,1,0.2,Jun/30/2011 14:31:24
741644,2012.REP.NOM.BOLTON,John Bolton to be Republican Presidential Nominee in 2012,1,0.2,Jun/30/2011 23:17:59
741644,2012.REP.NOM.BOLTON,John Bolton to be Republican Presidential Nominee in 2012,40,0.2,Jun/30/2011 23:17:59
741644,2012.REP.NOM.BOLTON,John Bolton to be Republican Presidential Nominee in 2012,1,0.2,Jul/01/2011 11:22:31
741644,2012.REP.NOM.BOLTON,John Bolton to be Republican Presidential Nominee in 2012,1,0.2,Jul/01/2011 11:26:12
741644,2012.REP.NOM.BOLTON,John Bolton to be Republican Presidential Nominee in 2012,1,0.2,Jul/01/2011 13:17:33
741644,2012.REP.NOM.BOLTON,John Bolton to be Republican Presidential Nominee in 2012,1,0.2,Jul/01/2011 14:38:59
741644,2012.REP.NOM.BOLTON,John Bolton to be Republican Presidential Nominee in 2012,96,0.2,Jul/01/2011 17:52:03
741644,2012.REP.NOM.BOLTON,John Bolton to be Republican Presidential Nominee in 2012,4,0.2,Jul/01/2011 21:48:41
741644,2012.REP.NOM.BOLTON,John Bolton to be Republican Presidential Nominee in 2012,38,0.2,Jul/01/2011 21:48:41
741644,2012.REP.NOM.BOLTON,John Bolton to be Republican Presidential Nominee in 2012,12,0.2,Jul/01/2011 23:37:08
741644,2012.REP.NOM.BOLTON,John Bolton to be Republican Presidential Nominee in 2012,10,0.3,Jul/02/2011 04:22:08
741644,2012.REP.NOM.BOLTON,John Bolton to be Republican Presidential Nominee in 2012,97,0.2,Jul/02/2011 22:57:05
741644,2012.REP.NOM.BOLTON,John Bolton to be Republican Presidential Nominee in 2012,3,0.2,Jul/02/2011 22:57:28
741644,2012.REP.NOM.BOLTON,John Bolton to be Republican Presidential Nominee in 2012,30,0.2,Jul/02/2011 22:57:28
741644,2012.REP.NOM.BOLTON,John Bolton to be Republican Presidential Nominee in 2012,100,0.2,Jul/03/2011 06:33:33
741644,2012.REP.NOM.BOLTON,John Bolton to be Republican Presidential Nominee in 2012,1,0.2,Jul/03/2011 15:58:23
741644,2012.REP.NOM.BOLTON,John Bolton to be Republican Presidential Nominee in 2012,1,0.2,Jul/03/2011 19:29:19
741644,2012.REP.NOM.BOLTON,John Bolton to be Republican Presidential Nominee in 2012,3,0.3,Jul/04/2011 01:18:16
741644,2012.REP.NOM.BOLTON,John Bolton to be Republican Presidential Nominee in 2012,17,0.3,Jul/04/2011 01:18:16
741644,2012.REP.NOM.BOLTON,John Bolton to be Republican Presidential Nominee in 2012,15,0.2,Jul/04/2011 05:22:02
741644,2012.REP.NOM.BOLTON,John Bolton to be Republican Presidential Nominee in 2012,100,0.2,Jul/04/2011 05:22:02
741644,2012.REP.NOM.BOLTON,John Bolton to be Republican Presidential Nominee in 2012,2,0.2,Jul/04/2011 07:59:07
741644,2012.REP.NOM.BOLTON,John Bolton to be Republican Presidential Nominee in 2012,3,0.2,Jul/05/2011 05:15:52
741644,2012.REP.NOM.BOLTON,John Bolton to be Republican Presidential Nominee in 2012,20,0.2,Jul/05/2011 05:15:52
741644,2012.REP.NOM.BOLTON,John Bolton to be Republican Presidential Nominee in 2012,10,0.2,Jul/05/2011 15:39:45
741644,2012.REP.NOM.BOLTON,John Bolton to be Republican Presidential Nominee in 2012,1,0.3,Jul/05/2011 18:18:17
741644,2012.REP.NOM.BOLTON,John Bolton to be Republican Presidential Nominee in 2012,10,0.2,Jul/07/2011 20:10:32
741644,2012.REP.NOM.BOLTON,John Bolton to be Republican Presidential Nominee in 2012,1,0.2,Jul/08/2011 17:05:07
741644,2012.REP.NOM.BOLTON,John Bolton to be Republican Presidential Nominee in 2012,1,0.1,Jul/08/2011 22:41:42
741644,2012.REP.NOM.BOLTON,John Bolton to be Republican Presidential Nominee in 2012,1,0.2,Jul/08/2011 23:50:50
741644,2012.REP.NOM.BOLTON,John Bolton to be Republican Presidential Nominee in 2012,1,0.2,Jul/09/2011 12:00:42
741644,2012.REP.NOM.BOLTON,John Bolton to be Republican Presidential Nominee in 2012,30,0.2,Jul/09/2011 22:31:40
741644,2012.REP.NOM.BOLTON,John Bolton to be Republican Presidential Nominee in 2012,47,0.2,Jul/11/2011 02:02:20
741644,2012.REP.NOM.BOLTON,John Bolton to be Republican Presidential Nominee in 2012,30,0.2,Jul/11/2011 04:26:54
741644,2012.REP.NOM.BOLTON,John Bolton to be Republican Presidential Nominee in 2012,100,0.2,Jul/11/2011 11:58:55
741644,2012.REP.NOM.BOLTON,John Bolton to be Republican Presidential Nominee in 2012,103,0.2,Jul/11/2011 16:39:51
741644,2012.REP.NOM.BOLTON,John Bolton to be Republican Presidential Nominee in 2012,40,0.2,Jul/12/2011 22:23:53
741644,2012.REP.NOM.BOLTON,John Bolton to be Republican Presidential Nominee in 2012,10,0.2,Jul/13/2011 00:11:10
741644,2012.REP.NOM.BOLTON,John Bolton to be Republican Presidential Nominee in 2012,10,0.2,Jul/13/2011 00:11:10
741644,2012.REP.NOM.BOLTON,John Bolton to be Republican Presidential Nominee in 2012,10,0.2,Jul/16/2011 20:43:00
741644,2012.REP.NOM.BOLTON,John Bolton to be Republican Presidential Nominee in 2012,1,0.1,Jul/19/2011 01:22:48
741644,2012.REP.NOM.BOLTON,John Bolton to be Republican Presidential Nominee in 2012,1,0.1,Jul/19/2011 13:59:11
741644,2012.REP.NOM.BOLTON,John Bolton to be Republican Presidential Nominee in 2012,3,0.1,Jul/20/2011 16:47:24
741644,2012.REP.NOM.BOLTON,John Bolton to be Republican Presidential Nominee in 2012,2,0.1,Jul/20/2011 16:49:00
741644,2012.REP.NOM.BOLTON,John Bolton to be Republican Presidential Nominee in 2012,4,0.1,Jul/20/2011 17:10:25
741644,2012.REP.NOM.BOLTON,John Bolton to be Republican Presidential Nominee in 2012,2,0.1,Jul/20/2011 17:16:47
741644,2012.REP.NOM.BOLTON,John Bolton to be Republican Presidential Nominee in 2012,2,0.1,Jul/20/2011 17:33:12
741644,2012.REP.NOM.BOLTON,John Bolton to be Republican Presidential Nominee in 2012,2,0.1,Jul/20/2011 17:37:53
741644,2012.REP.NOM.BOLTON,John Bolton to be Republican Presidential Nominee in 2012,4,0.1,Jul/20/2011 18:21:14
741644,2012.REP.NOM.BOLTON,John Bolton to be Republican Presidential Nominee in 2012,5,0.1,Jul/20/2011 18:23:35
741644,2012.REP.NOM.BOLTON,John Bolton to be Republican Presidential Nominee in 2012,5,0.1,Jul/20/2011 19:22:14
741644,2012.REP.NOM.BOLTON,John Bolton to be Republican Presidential Nominee in 2012,1,0.1,Jul/20/2011 19:50:43
741644,2012.REP.NOM.BOLTON,John Bolton to be Republican Presidential Nominee in 2012,1,0.1,Jul/20/2011 19:53:11
741644,2012.REP.NOM.BOLTON,John Bolton to be Republican Presidential Nominee in 2012,1,0.1,Jul/20/2011 20:08:59
741644,2012.REP.NOM.BOLTON,John Bolton to be Republican Presidential Nominee in 2012,10,0.1,Jul/20/2011 21:37:50
741644,2012.REP.NOM.BOLTON,John Bolton to be Republican Presidential Nominee in 2012,7,0.1,Jul/20/2011 22:23:27
741644,2012.REP.NOM.BOLTON,John Bolton to be Republican Presidential Nominee in 2012,2,0.1,Jul/20/2011 23:06:39
741644,2012.REP.NOM.BOLTON,John Bolton to be Republican Presidential Nominee in 2012,8,0.1,Jul/20/2011 23:17:22
741644,2012.REP.NOM.BOLTON,John Bolton to be Republican Presidential Nominee in 2012,1,0.1,Jul/21/2011 00:05:11
741644,2012.REP.NOM.BOLTON,John Bolton to be Republican Presidential Nominee in 2012,1,0.1,Jul/21/2011 00:35:28
741644,2012.REP.NOM.BOLTON,John Bolton to be Republican Presidential Nominee in 2012,1,0.1,Jul/21/2011 00:39:00
741644,2012.REP.NOM.BOLTON,John Bolton to be Republican Presidential Nominee in 2012,2,0.1,Jul/21/2011 01:39:44
741644,2012.REP.NOM.BOLTON,John Bolton to be Republican Presidential Nominee in 2012,1,0.1,Jul/21/2011 13:42:47
741644,2012.REP.NOM.BOLTON,John Bolton to be Republican Presidential Nominee in 2012,3,0.1,Jul/21/2011 14:34:02
741644,2012.REP.NOM.BOLTON,John Bolton to be Republican Presidential Nominee in 2012,4,0.1,Jul/21/2011 14:34:36
741644,2012.REP.NOM.BOLTON,John Bolton to be Republican Presidential Nominee in 2012,2,0.1,Jul/21/2011 15:26:25
741644,2012.REP.NOM.BOLTON,John Bolton to be Republican Presidential Nominee in 2012,8,0.1,Jul/21/2011 15:30:08
741644,2012.REP.NOM.BOLTON,John Bolton to be Republican Presidential Nominee in 2012,3,0.1,Jul/21/2011 15:39:54
741644,2012.REP.NOM.BOLTON,John Bolton to be Republican Presidential Nominee in 2012,1,0.1,Jul/21/2011 15:40:15
741644,2012.REP.NOM.BOLTON,John Bolton to be Republican Presidential Nominee in 2012,1,0.1,Jul/21/2011 16:32:29
741644,2012.REP.NOM.BOLTON,John Bolton to be Republican Presidential Nominee in 2012,1,0.1,Jul/21/2011 17:43:20
741644,2012.REP.NOM.BOLTON,John Bolton to be Republican Presidential Nominee in 2012,10,0.1,Jul/21/2011 17:43:55
741644,2012.REP.NOM.BOLTON,John Bolton to be Republican Presidential Nominee in 2012,1,0.1,Jul/21/2011 22:00:14
741644,2012.REP.NOM.BOLTON,John Bolton to be Republican Presidential Nominee in 2012,2,0.1,Jul/21/2011 23:04:05
741644,2012.REP.NOM.BOLTON,John Bolton to be Republican Presidential Nominee in 2012,3,0.1,Jul/21/2011 23:47:10
741644,2012.REP.NOM.BOLTON,John Bolton to be Republican Presidential Nominee in 2012,4,0.1,Jul/22/2011 00:27:39
741644,2012.REP.NOM.BOLTON,John Bolton to be Republican Presidential Nominee in 2012,5,0.1,Jul/22/2011 00:52:18
741644,2012.REP.NOM.BOLTON,John Bolton to be Republican Presidential Nominee in 2012,2,0.1,Jul/22/2011 01:26:06
741644,2012.REP.NOM.BOLTON,John Bolton to be Republican Presidential Nominee in 2012,3,0.1,Jul/22/2011 02:30:58
741644,2012.REP.NOM.BOLTON,John Bolton to be Republican Presidential Nominee in 2012,2,0.1,Jul/22/2011 02:32:14
741644,2012.REP.NOM.BOLTON,John Bolton to be Republican Presidential Nominee in 2012,1,0.1,Jul/22/2011 02:32:54
741644,2012.REP.NOM.BOLTON,John Bolton to be Republican Presidential Nominee in 2012,1,0.1,Jul/22/2011 14:15:04
741644,2012.REP.NOM.BOLTON,John Bolton to be Republican Presidential Nominee in 2012,1,0.1,Jul/22/2011 14:15:40
741644,2012.REP.NOM.BOLTON,John Bolton to be Republican Presidential Nominee in 2012,3,0.1,Jul/22/2011 14:18:56
741644,2012.REP.NOM.BOLTON,John Bolton to be Republican Presidential Nominee in 2012,2,0.1,Jul/22/2011 14:37:54
741644,2012.REP.NOM.BOLTON,John Bolton to be Republican Presidential Nominee in 2012,4,0.1,Jul/22/2011 15:39:33
741644,2012.REP.NOM.BOLTON,John Bolton to be Republican Presidential Nominee in 2012,1,0.1,Jul/22/2011 15:52:17
741644,2012.REP.NOM.BOLTON,John Bolton to be Republican Presidential Nominee in 2012,11,0.1,Jul/22/2011 15:54:35
741644,2012.REP.NOM.BOLTON,John Bolton to be Republican Presidential Nominee in 2012,1,0.1,Jul/22/2011 15:56:57
741644,2012.REP.NOM.BOLTON,John Bolton to be Republican Presidential Nominee in 2012,2,0.1,Jul/22/2011 15:59:57
741644,2012.REP.NOM.BOLTON,John Bolton to be Republican Presidential Nominee in 2012,1,0.1,Jul/22/2011 16:05:33
741644,2012.REP.NOM.BOLTON,John Bolton to be Republican Presidential Nominee in 2012,5,0.1,Jul/22/2011 16:05:54
741644,2012.REP.NOM.BOLTON,John Bolton to be Republican Presidential Nominee in 2012,3,0.1,Jul/22/2011 16:27:08
741644,2012.REP.NOM.BOLTON,John Bolton to be Republican Presidential Nominee in 2012,4,0.1,Jul/22/2011 16:46:36
741644,2012.REP.NOM.BOLTON,John Bolton to be Republican Presidential Nominee in 2012,6,0.1,Jul/22/2011 18:03:03
741644,2012.REP.NOM.BOLTON,John Bolton to be Republican Presidential Nominee in 2012,3,0.1,Jul/22/2011 19:58:19
741644,2012.REP.NOM.BOLTON,John Bolton to be Republican Presidential Nominee in 2012,28,0.1,Jul/23/2011 05:38:07
741644,2012.REP.NOM.BOLTON,John Bolton to be Republican Presidential Nominee in 2012,72,0.1,Jul/23/2011 05:38:07
741644,2012.REP.NOM.BOLTON,John Bolton to be Republican Presidential Nominee in 2012,1,0.1,Jul/23/2011 17:23:59
741644,2012.REP.NOM.BOLTON,John Bolton to be Republican Presidential Nominee in 2012,90,0.2,Jul/25/2011 15:21:17
741644,2012.REP.NOM.BOLTON,John Bolton to be Republican Presidential Nominee in 2012,100,0.1,Jul/25/2011 18:10:40
741644,2012.REP.NOM.BOLTON,John Bolton to be Republican Presidential Nominee in 2012,1,0.1,Jul/25/2011 18:18:56
741644,2012.REP.NOM.BOLTON,John Bolton to be Republican Presidential Nominee in 2012,2,0.1,Jul/25/2011 19:59:55
741644,2012.REP.NOM.BOLTON,John Bolton to be Republican Presidential Nominee in 2012,1,0.1,Jul/26/2011 14:18:23
741644,2012.REP.NOM.BOLTON,John Bolton to be Republican Presidential Nominee in 2012,1,0.1,Jul/26/2011 14:19:18
741644,2012.REP.NOM.BOLTON,John Bolton to be Republican Presidential Nominee in 2012,1,0.1,Jul/26/2011 14:19:37
741644,2012.REP.NOM.BOLTON,John Bolton to be Republican Presidential Nominee in 2012,1,0.1,Jul/26/2011 14:19:53
741644,2012.REP.NOM.BOLTON,John Bolton to be Republican Presidential Nominee in 2012,2,0.1,Jul/26/2011 14:20:04
741644,2012.REP.NOM.BOLTON,John Bolton to be Republican Presidential Nominee in 2012,1,0.1,Jul/26/2011 15:38:35
741644,2012.REP.NOM.BOLTON,John Bolton to be Republican Presidential Nominee in 2012,1,0.1,Jul/26/2011 16:53:59
741644,2012.REP.NOM.BOLTON,John Bolton to be Republican Presidential Nominee in 2012,1,0.1,Jul/26/2011 22:19:13
741644,2012.REP.NOM.BOLTON,John Bolton to be Republican Presidential Nominee in 2012,2,0.1,Jul/26/2011 22:33:03
741644,2012.REP.NOM.BOLTON,John Bolton to be Republican Presidential Nominee in 2012,4,0.1,Jul/27/2011 02:20:24
741644,2012.REP.NOM.BOLTON,John Bolton to be Republican Presidential Nominee in 2012,5,0.1,Jul/27/2011 21:40:19
741644,2012.REP.NOM.BOLTON,John Bolton to be Republican Presidential Nominee in 2012,1,0.1,Jul/27/2011 22:05:36
741644,2012.REP.NOM.BOLTON,John Bolton to be Republican Presidential Nominee in 2012,1,0.1,Jul/27/2011 22:06:46
741644,2012.REP.NOM.BOLTON,John Bolton to be Republican Presidential Nominee in 2012,2,0.1,Jul/28/2011 00:05:57
741644,2012.REP.NOM.BOLTON,John Bolton to be Republican Presidential Nominee in 2012,2,0.1,Jul/28/2011 00:05:57
741644,2012.REP.NOM.BOLTON,John Bolton to be Republican Presidential Nominee in 2012,11,0.1,Jul/30/2011 16:23:42
741644,2012.REP.NOM.BOLTON,John Bolton to be Republican Presidential Nominee in 2012,1,0.1,Aug/02/2011 00:44:12
741644,2012.REP.NOM.BOLTON,John Bolton to be Republican Presidential Nominee in 2012,2,0.2,Aug/03/2011 04:17:53
741644,2012.REP.NOM.BOLTON,John Bolton to be Republican Presidential Nominee in 2012,1,0.1,Aug/03/2011 20:37:49
741644,2012.REP.NOM.BOLTON,John Bolton to be Republican Presidential Nominee in 2012,1,0.1,Aug/05/2011 22:25:18
741644,2012.REP.NOM.BOLTON,John Bolton to be Republican Presidential Nominee in 2012,1,0.1,Aug/05/2011 23:25:32
741644,2012.REP.NOM.BOLTON,John Bolton to be Republican Presidential Nominee in 2012,1,0.1,Aug/06/2011 01:09:24
741644,2012.REP.NOM.BOLTON,John Bolton to be Republican Presidential Nominee in 2012,182,0.1,Aug/06/2011 16:23:09
741644,2012.REP.NOM.BOLTON,John Bolton to be Republican Presidential Nominee in 2012,200,0.1,Aug/06/2011 16:23:09
741644,2012.REP.NOM.BOLTON,John Bolton to be Republican Presidential Nominee in 2012,200,0.1,Aug/06/2011 16:23:09
741644,2012.REP.NOM.BOLTON,John Bolton to be Republican Presidential Nominee in 2012,1,0.1,Aug/06/2011 16:23:09
741644,2012.REP.NOM.BOLTON,John Bolton to be Republican Presidential Nominee in 2012,1,0.1,Aug/06/2011 16:23:09
741644,2012.REP.NOM.BOLTON,John Bolton to be Republican Presidential Nominee in 2012,750,0.1,Aug/06/2011 16:23:09
741644,2012.REP.NOM.BOLTON,John Bolton to be Republican Presidential Nominee in 2012,1,0.1,Aug/06/2011 19:41:44
741644,2012.REP.NOM.BOLTON,John Bolton to be Republican Presidential Nominee in 2012,149,0.1,Aug/07/2011 22:14:50
741644,2012.REP.NOM.BOLTON,John Bolton to be Republican Presidential Nominee in 2012,250,0.1,Aug/07/2011 22:23:48
741644,2012.REP.NOM.BOLTON,John Bolton to be Republican Presidential Nominee in 2012,1347,0.1,Aug/08/2011 15:53:44
741644,2012.REP.NOM.BOLTON,John Bolton to be Republican Presidential Nominee in 2012,1,0.1,Aug/08/2011 16:51:21
741644,2012.REP.NOM.BOLTON,John Bolton to be Republican Presidential Nominee in 2012,408,0.2,Aug/08/2011 19:33:06
741644,2012.REP.NOM.BOLTON,John Bolton to be Republican Presidential Nominee in 2012,92,0.2,Aug/08/2011 19:33:06
741644,2012.REP.NOM.BOLTON,John Bolton to be Republican Presidential Nominee in 2012,26,0.1,Aug/08/2011 21:07:31
741644,2012.REP.NOM.BOLTON,John Bolton to be Republican Presidential Nominee in 2012,4,0.1,Aug/08/2011 22:18:44
741644,2012.REP.NOM.BOLTON,John Bolton to be Republican Presidential Nominee in 2012,5,0.1,Aug/08/2011 22:37:42
741644,2012.REP.NOM.BOLTON,John Bolton to be Republican Presidential Nominee in 2012,150,0.2,Aug/08/2011 22:41:57
741644,2012.REP.NOM.BOLTON,John Bolton to be Republican Presidential Nominee in 2012,10,0.2,Aug/08/2011 22:41:57
741644,2012.REP.NOM.BOLTON,John Bolton to be Republican Presidential Nominee in 2012,35,0.2,Aug/08/2011 22:41:57
741644,2012.REP.NOM.BOLTON,John Bolton to be Republican Presidential Nominee in 2012,30,0.2,Aug/08/2011 22:41:57
741644,2012.REP.NOM.BOLTON,John Bolton to be Republican Presidential Nominee in 2012,24,0.2,Aug/08/2011 22:41:57
741644,2012.REP.NOM.BOLTON,John Bolton to be Republican Presidential Nominee in 2012,12,0.2,Aug/08/2011 22:41:57
741644,2012.REP.NOM.BOLTON,John Bolton to be Republican Presidential Nominee in 2012,15,0.2,Aug/08/2011 22:41:57
741644,2012.REP.NOM.BOLTON,John Bolton to be Republican Presidential Nominee in 2012,53,0.2,Aug/08/2011 22:41:57
741644,2012.REP.NOM.BOLTON,John Bolton to be Republican Presidential Nominee in 2012,103,0.2,Aug/08/2011 22:41:57
741644,2012.REP.NOM.BOLTON,John Bolton to be Republican Presidential Nominee in 2012,29,0.2,Aug/08/2011 22:41:57
741644,2012.REP.NOM.BOLTON,John Bolton to be Republican Presidential Nominee in 2012,94,0.2,Aug/08/2011 22:41:57
741644,2012.REP.NOM.BOLTON,John Bolton to be Republican Presidential Nominee in 2012,10,0.2,Aug/08/2011 22:41:57
741644,2012.REP.NOM.BOLTON,John Bolton to be Republican Presidential Nominee in 2012,27,0.2,Aug/08/2011 22:41:57
741644,2012.REP.NOM.BOLTON,John Bolton to be Republican Presidential Nominee in 2012,300,0.2,Aug/08/2011 22:41:57
741644,2012.REP.NOM.BOLTON,John Bolton to be Republican Presidential Nominee in 2012,108,0.2,Aug/08/2011 22:41:57
741644,2012.REP.NOM.BOLTON,John Bolton to be Republican Presidential Nominee in 2012,13,0.2,Aug/08/2011 22:52:10
741644,2012.REP.NOM.BOLTON,John Bolton to be Republican Presidential Nominee in 2012,166,0.2,Aug/09/2011 00:28:15
741644,2012.REP.NOM.BOLTON,John Bolton to be Republican Presidential Nominee in 2012,19,0.2,Aug/09/2011 00:28:15
741644,2012.REP.NOM.BOLTON,John Bolton to be Republican Presidential Nominee in 2012,1,0.3,Aug/09/2011 01:14:38
741644,2012.REP.NOM.BOLTON,John Bolton to be Republican Presidential Nominee in 2012,215,0.2,Aug/09/2011 02:20:00
741644,2012.REP.NOM.BOLTON,John Bolton to be Republican Presidential Nominee in 2012,11,0.2,Aug/09/2011 13:26:35
741644,2012.REP.NOM.BOLTON,John Bolton to be Republican Presidential Nominee in 2012,1,0.1,Aug/09/2011 16:17:55
741644,2012.REP.NOM.BOLTON,John Bolton to be Republican Presidential Nominee in 2012,164,0.2,Aug/09/2011 16:19:06
741644,2012.REP.NOM.BOLTON,John Bolton to be Republican Presidential Nominee in 2012,1,0.3,Aug/09/2011 16:19:24
741644,2012.REP.NOM.BOLTON,John Bolton to be Republican Presidential Nominee in 2012,11,0.2,Aug/09/2011 16:26:26
741644,2012.REP.NOM.BOLTON,John Bolton to be Republican Presidential Nominee in 2012,9,0.2,Aug/09/2011 17:27:59
741644,2012.REP.NOM.BOLTON,John Bolton to be Republican Presidential Nominee in 2012,270,0.3,Aug/09/2011 18:38:43
741644,2012.REP.NOM.BOLTON,John Bolton to be Republican Presidential Nominee in 2012,128,0.3,Aug/09/2011 18:38:43
741644,2012.REP.NOM.BOLTON,John Bolton to be Republican Presidential Nominee in 2012,1,0.4,Aug/09/2011 21:25:34
741644,2012.REP.NOM.BOLTON,John Bolton to be Republican Presidential Nominee in 2012,1,0.2,Aug/09/2011 21:40:07
741644,2012.REP.NOM.BOLTON,John Bolton to be Republican Presidential Nominee in 2012,1,0.4,Aug/09/2011 21:41:04
741644,2012.REP.NOM.BOLTON,John Bolton to be Republican Presidential Nominee in 2012,1,0.3,Aug/09/2011 22:09:54
741644,2012.REP.NOM.BOLTON,John Bolton to be Republican Presidential Nominee in 2012,30,0.2,Aug/09/2011 22:26:19
741644,2012.REP.NOM.BOLTON,John Bolton to be Republican Presidential Nominee in 2012,10,0.2,Aug/10/2011 01:21:39
741644,2012.REP.NOM.BOLTON,John Bolton to be Republican Presidential Nominee in 2012,20,0.2,Aug/10/2011 01:30:41
741644,2012.REP.NOM.BOLTON,John Bolton to be Republican Presidential Nominee in 2012,49,0.2,Aug/10/2011 02:24:18
741644,2012.REP.NOM.BOLTON,John Bolton to be Republican Presidential Nominee in 2012,1,0.2,Aug/10/2011 02:24:18
741644,2012.REP.NOM.BOLTON,John Bolton to be Republican Presidential Nominee in 2012,41,0.1,Aug/10/2011 08:48:48
741644,2012.REP.NOM.BOLTON,John Bolton to be Republican Presidential Nominee in 2012,1,0.1,Aug/10/2011 10:04:03
741644,2012.REP.NOM.BOLTON,John Bolton to be Republican Presidential Nominee in 2012,10,0.2,Aug/10/2011 11:18:45
741644,2012.REP.NOM.BOLTON,John Bolton to be Republican Presidential Nominee in 2012,10,0.2,Aug/11/2011 00:56:40
741644,2012.REP.NOM.BOLTON,John Bolton to be Republican Presidential Nominee in 2012,20,0.2,Aug/11/2011 13:38:16
741644,2012.REP.NOM.BOLTON,John Bolton to be Republican Presidential Nominee in 2012,1,0.2,Aug/11/2011 14:28:01
741644,2012.REP.NOM.BOLTON,John Bolton to be Republican Presidential Nominee in 2012,5,0.2,Aug/11/2011 15:00:21
741644,2012.REP.NOM.BOLTON,John Bolton to be Republican Presidential Nominee in 2012,14,0.2,Aug/11/2011 15:04:19
741644,2012.REP.NOM.BOLTON,John Bolton to be Republican Presidential Nominee in 2012,6,0.2,Aug/11/2011 15:37:31
741644,2012.REP.NOM.BOLTON,John Bolton to be Republican Presidential Nominee in 2012,4,0.2,Aug/11/2011 18:25:10
741644,2012.REP.NOM.BOLTON,John Bolton to be Republican Presidential Nominee in 2012,10,0.2,Aug/11/2011 18:25:10
741644,2012.REP.NOM.BOLTON,John Bolton to be Republican Presidential Nominee in 2012,10,0.2,Aug/11/2011 18:25:10
741644,2012.REP.NOM.BOLTON,John Bolton to be Republican Presidential Nominee in 2012,20,0.2,Aug/11/2011 18:25:10
741644,2012.REP.NOM.BOLTON,John Bolton to be Republican Presidential Nominee in 2012,1,0.2,Aug/11/2011 22:24:44
741644,2012.REP.NOM.BOLTON,John Bolton to be Republican Presidential Nominee in 2012,29,0.2,Aug/11/2011 23:48:53
741644,2012.REP.NOM.BOLTON,John Bolton to be Republican Presidential Nominee in 2012,20,0.2,Aug/11/2011 23:48:53
741644,2012.REP.NOM.BOLTON,John Bolton to be Republican Presidential Nominee in 2012,1,0.2,Aug/12/2011 00:08:30
741644,2012.REP.NOM.BOLTON,John Bolton to be Republican Presidential Nominee in 2012,9,0.2,Aug/12/2011 02:35:52
741644,2012.REP.NOM.BOLTON,John Bolton to be Republican Presidential Nominee in 2012,20,0.2,Aug/12/2011 02:35:52
741644,2012.REP.NOM.BOLTON,John Bolton to be Republican Presidential Nominee in 2012,30,0.2,Aug/12/2011 02:35:52
741644,2012.REP.NOM.BOLTON,John Bolton to be Republican Presidential Nominee in 2012,20,0.2,Aug/12/2011 02:35:52
741644,2012.REP.NOM.BOLTON,John Bolton to be Republican Presidential Nominee in 2012,1,0.3,Aug/12/2011 02:36:06
741644,2012.REP.NOM.BOLTON,John Bolton to be Republican Presidential Nominee in 2012,1,0.2,Aug/12/2011 03:16:39
741644,2012.REP.NOM.BOLTON,John Bolton to be Republican Presidential Nominee in 2012,2,0.2,Aug/12/2011 04:04:24
741644,2012.REP.NOM.BOLTON,John Bolton to be Republican Presidential Nominee in 2012,28,0.2,Aug/12/2011 04:14:15
741644,2012.REP.NOM.BOLTON,John Bolton to be Republican Presidential Nominee in 2012,10,0.2,Aug/12/2011 04:15:36
741644,2012.REP.NOM.BOLTON,John Bolton to be Republican Presidential Nominee in 2012,1,0.3,Aug/12/2011 04:19:16
741644,2012.REP.NOM.BOLTON,John Bolton to be Republican Presidential Nominee in 2012,50,0.2,Aug/12/2011 14:16:39
741644,2012.REP.NOM.BOLTON,John Bolton to be Republican Presidential Nominee in 2012,20,0.2,Aug/12/2011 16:27:44
741644,2012.REP.NOM.BOLTON,John Bolton to be Republican Presidential Nominee in 2012,20,0.2,Aug/12/2011 18:55:05
741644,2012.REP.NOM.BOLTON,John Bolton to be Republican Presidential Nominee in 2012,20,0.2,Aug/12/2011 20:09:40
741644,2012.REP.NOM.BOLTON,John Bolton to be Republican Presidential Nominee in 2012,299,0.2,Aug/12/2011 21:00:16
741644,2012.REP.NOM.BOLTON,John Bolton to be Republican Presidential Nominee in 2012,20,0.2,Aug/12/2011 21:27:02
741644,2012.REP.NOM.BOLTON,John Bolton to be Republican Presidential Nominee in 2012,20,0.2,Aug/12/2011 21:35:38
741644,2012.REP.NOM.BOLTON,John Bolton to be Republican Presidential Nominee in 2012,1,0.3,Aug/12/2011 22:21:56
741644,2012.REP.NOM.BOLTON,John Bolton to be Republican Presidential Nominee in 2012,20,0.2,Aug/12/2011 22:29:18
741644,2012.REP.NOM.BOLTON,John Bolton to be Republican Presidential Nominee in 2012,20,0.2,Aug/13/2011 14:17:11
741644,2012.REP.NOM.BOLTON,John Bolton to be Republican Presidential Nominee in 2012,20,0.2,Aug/13/2011 14:17:11
741644,2012.REP.NOM.BOLTON,John Bolton to be Republican Presidential Nominee in 2012,1,0.3,Aug/13/2011 14:17:18
741644,2012.REP.NOM.BOLTON,John Bolton to be Republican Presidential Nominee in 2012,11,0.2,Aug/13/2011 18:05:04
741644,2012.REP.NOM.BOLTON,John Bolton to be Republican Presidential Nominee in 2012,20,0.2,Aug/13/2011 21:17:05
741644,2012.REP.NOM.BOLTON,John Bolton to be Republican Presidential Nominee in 2012,1,0.3,Aug/13/2011 21:59:29
741644,2012.REP.NOM.BOLTON,John Bolton to be Republican Presidential Nominee in 2012,31,0.2,Aug/13/2011 22:48:54
741644,2012.REP.NOM.BOLTON,John Bolton to be Republican Presidential Nominee in 2012,1,0.2,Aug/13/2011 23:17:50
741644,2012.REP.NOM.BOLTON,John Bolton to be Republican Presidential Nominee in 2012,19,0.2,Aug/14/2011 01:29:54
741644,2012.REP.NOM.BOLTON,John Bolton to be Republican Presidential Nominee in 2012,10,0.2,Aug/14/2011 01:29:54
741644,2012.REP.NOM.BOLTON,John Bolton to be Republican Presidential Nominee in 2012,1,0.2,Aug/14/2011 05:23:07
741644,2012.REP.NOM.BOLTON,John Bolton to be Republican Presidential Nominee in 2012,49,0.2,Aug/14/2011 14:49:15
741644,2012.REP.NOM.BOLTON,John Bolton to be Republican Presidential Nominee in 2012,1,0.3,Aug/14/2011 14:52:24
741644,2012.REP.NOM.BOLTON,John Bolton to be Republican Presidential Nominee in 2012,1,0.2,Aug/15/2011 06:29:53
741644,2012.REP.NOM.BOLTON,John Bolton to be Republican Presidential Nominee in 2012,19,0.2,Aug/15/2011 13:42:06
741644,2012.REP.NOM.BOLTON,John Bolton to be Republican Presidential Nominee in 2012,20,0.2,Aug/15/2011 13:42:06
741644,2012.REP.NOM.BOLTON,John Bolton to be Republican Presidential Nominee in 2012,10,0.2,Aug/15/2011 13:42:06
741644,2012.REP.NOM.BOLTON,John Bolton to be Republican Presidential Nominee in 2012,20,0.2,Aug/15/2011 13:42:06
741644,2012.REP.NOM.BOLTON,John Bolton to be Republican Presidential Nominee in 2012,20,0.2,Aug/15/2011 13:42:06
741644,2012.REP.NOM.BOLTON,John Bolton to be Republican Presidential Nominee in 2012,1,0.2,Aug/15/2011 14:17:10
741644,2012.REP.NOM.BOLTON,John Bolton to be Republican Presidential Nominee in 2012,19,0.2,Aug/15/2011 14:39:47
741644,2012.REP.NOM.BOLTON,John Bolton to be Republican Presidential Nominee in 2012,1,0.2,Aug/15/2011 19:33:21
741644,2012.REP.NOM.BOLTON,John Bolton to be Republican Presidential Nominee in 2012,10,0.2,Aug/15/2011 19:53:48
741644,2012.REP.NOM.BOLTON,John Bolton to be Republican Presidential Nominee in 2012,1,0.2,Aug/15/2011 22:08:22
741644,2012.REP.NOM.BOLTON,John Bolton to be Republican Presidential Nominee in 2012,19,0.2,Aug/16/2011 01:02:54
741644,2012.REP.NOM.BOLTON,John Bolton to be Republican Presidential Nominee in 2012,1,0.2,Aug/16/2011 14:46:55
741644,2012.REP.NOM.BOLTON,John Bolton to be Republican Presidential Nominee in 2012,5,0.2,Aug/16/2011 14:46:55
741644,2012.REP.NOM.BOLTON,John Bolton to be Republican Presidential Nominee in 2012,14,0.2,Aug/16/2011 16:37:14
741644,2012.REP.NOM.BOLTON,John Bolton to be Republican Presidential Nominee in 2012,20,0.2,Aug/16/2011 16:37:14
741644,2012.REP.NOM.BOLTON,John Bolton to be Republican Presidential Nominee in 2012,1,0.3,Aug/16/2011 16:37:22
741644,2012.REP.NOM.BOLTON,John Bolton to be Republican Presidential Nominee in 2012,1,0.2,Aug/16/2011 17:43:24
741644,2012.REP.NOM.BOLTON,John Bolton to be Republican Presidential Nominee in 2012,19,0.2,Aug/17/2011 04:40:00
741644,2012.REP.NOM.BOLTON,John Bolton to be Republican Presidential Nominee in 2012,10,0.2,Aug/17/2011 04:40:00
741644,2012.REP.NOM.BOLTON,John Bolton to be Republican Presidential Nominee in 2012,20,0.2,Aug/17/2011 04:40:00
741644,2012.REP.NOM.BOLTON,John Bolton to be Republican Presidential Nominee in 2012,20,0.2,Aug/17/2011 04:40:00
741644,2012.REP.NOM.BOLTON,John Bolton to be Republican Presidential Nominee in 2012,20,0.2,Aug/17/2011 04:40:00
741644,2012.REP.NOM.BOLTON,John Bolton to be Republican Presidential Nominee in 2012,20,0.2,Aug/17/2011 04:40:00
741644,2012.REP.NOM.BOLTON,John Bolton to be Republican Presidential Nominee in 2012,10,0.2,Aug/17/2011 04:40:00
741644,2012.REP.NOM.BOLTON,John Bolton to be Republican Presidential Nominee in 2012,1,0.3,Aug/17/2011 04:44:29
741644,2012.REP.NOM.BOLTON,John Bolton to be Republican Presidential Nominee in 2012,1,0.2,Aug/17/2011 05:20:50
741644,2012.REP.NOM.BOLTON,John Bolton to be Republican Presidential Nominee in 2012,99,0.2,Aug/17/2011 06:06:42
741644,2012.REP.NOM.BOLTON,John Bolton to be Republican Presidential Nominee in 2012,1,0.3,Aug/17/2011 06:06:49
741644,2012.REP.NOM.BOLTON,John Bolton to be Republican Presidential Nominee in 2012,20,0.2,Aug/17/2011 21:37:55
741644,2012.REP.NOM.BOLTON,John Bolton to be Republican Presidential Nominee in 2012,22,0.2,Aug/17/2011 21:38:38
741644,2012.REP.NOM.BOLTON,John Bolton to be Republican Presidential Nominee in 2012,20,0.2,Aug/17/2011 23:31:03
741644,2012.REP.NOM.BOLTON,John Bolton to be Republican Presidential Nominee in 2012,1,0.3,Aug/18/2011 08:00:32
741644,2012.REP.NOM.BOLTON,John Bolton to be Republican Presidential Nominee in 2012,2,0.3,Aug/19/2011 20:21:12
741644,2012.REP.NOM.BOLTON,John Bolton to be Republican Presidential Nominee in 2012,100,0.3,Aug/19/2011 20:21:12
741644,2012.REP.NOM.BOLTON,John Bolton to be Republican Presidential Nominee in 2012,150,0.3,Aug/19/2011 20:21:12
741644,2012.REP.NOM.BOLTON,John Bolton to be Republican Presidential Nominee in 2012,4,0.3,Aug/19/2011 20:21:12
741644,2012.REP.NOM.BOLTON,John Bolton to be Republican Presidential Nominee in 2012,10,0.3,Aug/19/2011 20:21:12
741644,2012.REP.NOM.BOLTON,John Bolton to be Republican Presidential Nominee in 2012,384,0.3,Aug/19/2011 20:21:12
741644,2012.REP.NOM.BOLTON,John Bolton to be Republican Presidential Nominee in 2012,1,0.3,Aug/19/2011 23:07:30
741644,2012.REP.NOM.BOLTON,John Bolton to be Republican Presidential Nominee in 2012,10,0.2,Aug/20/2011 00:23:38
741644,2012.REP.NOM.BOLTON,John Bolton to be Republican Presidential Nominee in 2012,615,0.3,Aug/20/2011 03:24:59
741644,2012.REP.NOM.BOLTON,John Bolton to be Republican Presidential Nominee in 2012,10,0.3,Aug/20/2011 03:24:59
741644,2012.REP.NOM.BOLTON,John Bolton to be Republican Presidential Nominee in 2012,20,0.3,Aug/20/2011 03:24:59
741644,2012.REP.NOM.BOLTON,John Bolton to be Republican Presidential Nominee in 2012,20,0.3,Aug/20/2011 03:24:59
741644,2012.REP.NOM.BOLTON,John Bolton to be Republican Presidential Nominee in 2012,20,0.3,Aug/20/2011 03:53:58
741644,2012.REP.NOM.BOLTON,John Bolton to be Republican Presidential Nominee in 2012,2,0.4,Aug/20/2011 03:54:15
741644,2012.REP.NOM.BOLTON,John Bolton to be Republican Presidential Nominee in 2012,1,0.2,Aug/20/2011 04:06:06
741644,2012.REP.NOM.BOLTON,John Bolton to be Republican Presidential Nominee in 2012,1,0.4,Aug/20/2011 04:09:19
741644,2012.REP.NOM.BOLTON,John Bolton to be Republican Presidential Nominee in 2012,29,0.2,Aug/20/2011 12:27:04
741644,2012.REP.NOM.BOLTON,John Bolton to be Republican Presidential Nominee in 2012,1,0.2,Aug/20/2011 12:27:04
741644,2012.REP.NOM.BOLTON,John Bolton to be Republican Presidential Nominee in 2012,1,0.2,Aug/20/2011 12:29:43
741644,2012.REP.NOM.BOLTON,John Bolton to be Republican Presidential Nominee in 2012,60,0.3,Aug/20/2011 12:34:31
741644,2012.REP.NOM.BOLTON,John Bolton to be Republican Presidential Nominee in 2012,1,0.4,Aug/20/2011 12:34:38
741644,2012.REP.NOM.BOLTON,John Bolton to be Republican Presidential Nominee in 2012,5,0.2,Aug/20/2011 12:51:46
741644,2012.REP.NOM.BOLTON,John Bolton to be Republican Presidential Nominee in 2012,1,0.4,Aug/20/2011 13:09:21
741644,2012.REP.NOM.BOLTON,John Bolton to be Republican Presidential Nominee in 2012,7,0.3,Aug/20/2011 13:09:21
741644,2012.REP.NOM.BOLTON,John Bolton to be Republican Presidential Nominee in 2012,444,0.4,Aug/20/2011 13:16:51
741644,2012.REP.NOM.BOLTON,John Bolton to be Republican Presidential Nominee in 2012,3,0.4,Aug/20/2011 13:16:51
741644,2012.REP.NOM.BOLTON,John Bolton to be Republican Presidential Nominee in 2012,15,0.4,Aug/20/2011 13:16:51
741644,2012.REP.NOM.BOLTON,John Bolton to be Republican Presidential Nominee in 2012,10,0.4,Aug/20/2011 13:16:51
741644,2012.REP.NOM.BOLTON,John Bolton to be Republican Presidential Nominee in 2012,1,0.4,Aug/20/2011 13:16:51
741644,2012.REP.NOM.BOLTON,John Bolton to be Republican Presidential Nominee in 2012,10,0.4,Aug/20/2011 13:16:51
741644,2012.REP.NOM.BOLTON,John Bolton to be Republican Presidential Nominee in 2012,10,0.4,Aug/20/2011 13:16:51
741644,2012.REP.NOM.BOLTON,John Bolton to be Republican Presidential Nominee in 2012,2,0.4,Aug/20/2011 13:16:51
741644,2012.REP.NOM.BOLTON,John Bolton to be Republican Presidential Nominee in 2012,505,0.4,Aug/20/2011 13:16:51
741644,2012.REP.NOM.BOLTON,John Bolton to be Republican Presidential Nominee in 2012,1,0.2,Aug/20/2011 14:28:03
741644,2012.REP.NOM.BOLTON,John Bolton to be Republican Presidential Nominee in 2012,2,0.2,Aug/20/2011 15:50:02
741644,2012.REP.NOM.BOLTON,John Bolton to be Republican Presidential Nominee in 2012,18,0.2,Aug/20/2011 15:50:02
741644,2012.REP.NOM.BOLTON,John Bolton to be Republican Presidential Nominee in 2012,4,0.2,Aug/20/2011 15:50:47
741644,2012.REP.NOM.BOLTON,John Bolton to be Republican Presidential Nominee in 2012,10,0.2,Aug/20/2011 16:29:58
741644,2012.REP.NOM.BOLTON,John Bolton to be Republican Presidential Nominee in 2012,7,0.2,Aug/20/2011 16:32:33
741644,2012.REP.NOM.BOLTON,John Bolton to be Republican Presidential Nominee in 2012,2,0.2,Aug/20/2011 17:11:08
741644,2012.REP.NOM.BOLTON,John Bolton to be Republican Presidential Nominee in 2012,6,0.2,Aug/20/2011 18:20:21
741644,2012.REP.NOM.BOLTON,John Bolton to be Republican Presidential Nominee in 2012,13,0.2,Aug/20/2011 18:20:21
741644,2012.REP.NOM.BOLTON,John Bolton to be Republican Presidential Nominee in 2012,1,0.2,Aug/20/2011 18:20:57
741644,2012.REP.NOM.BOLTON,John Bolton to be Republican Presidential Nominee in 2012,7,0.2,Aug/20/2011 22:16:27
741644,2012.REP.NOM.BOLTON,John Bolton to be Republican Presidential Nominee in 2012,76,0.2,Aug/21/2011 01:49:30
741644,2012.REP.NOM.BOLTON,John Bolton to be Republican Presidential Nominee in 2012,4,0.3,Aug/21/2011 03:15:29
741644,2012.REP.NOM.BOLTON,John Bolton to be Republican Presidential Nominee in 2012,16,0.3,Aug/22/2011 05:40:05
741644,2012.REP.NOM.BOLTON,John Bolton to be Republican Presidential Nominee in 2012,20,0.3,Aug/22/2011 05:40:05
741644,2012.REP.NOM.BOLTON,John Bolton to be Republican Presidential Nominee in 2012,50,0.3,Aug/22/2011 05:40:05
741644,2012.REP.NOM.BOLTON,John Bolton to be Republican Presidential Nominee in 2012,2,0.3,Aug/22/2011 05:40:05
741644,2012.REP.NOM.BOLTON,John Bolton to be Republican Presidential Nominee in 2012,10,0.3,Aug/22/2011 05:40:05
741644,2012.REP.NOM.BOLTON,John Bolton to be Republican Presidential Nominee in 2012,20,0.3,Aug/22/2011 05:40:05
741644,2012.REP.NOM.BOLTON,John Bolton to be Republican Presidential Nominee in 2012,20,0.3,Aug/22/2011 05:40:05
741644,2012.REP.NOM.BOLTON,John Bolton to be Republican Presidential Nominee in 2012,20,0.3,Aug/22/2011 05:40:05
741644,2012.REP.NOM.BOLTON,John Bolton to be Republican Presidential Nominee in 2012,1,0.4,Aug/22/2011 05:45:49
741644,2012.REP.NOM.BOLTON,John Bolton to be Republican Presidential Nominee in 2012,1,0.3,Aug/22/2011 12:56:31
741644,2012.REP.NOM.BOLTON,John Bolton to be Republican Presidential Nominee in 2012,5,0.2,Aug/22/2011 17:38:03
741644,2012.REP.NOM.BOLTON,John Bolton to be Republican Presidential Nominee in 2012,99,0.3,Aug/22/2011 19:18:05
741644,2012.REP.NOM.BOLTON,John Bolton to be Republican Presidential Nominee in 2012,10,0.3,Aug/22/2011 19:18:05
741644,2012.REP.NOM.BOLTON,John Bolton to be Republican Presidential Nominee in 2012,50,0.3,Aug/22/2011 19:18:05
741644,2012.REP.NOM.BOLTON,John Bolton to be Republican Presidential Nominee in 2012,494,0.4,Aug/22/2011 19:19:36
741644,2012.REP.NOM.BOLTON,John Bolton to be Republican Presidential Nominee in 2012,1,0.4,Aug/22/2011 19:19:36
741644,2012.REP.NOM.BOLTON,John Bolton to be Republican Presidential Nominee in 2012,100,0.4,Aug/22/2011 19:19:36
741644,2012.REP.NOM.BOLTON,John Bolton to be Republican Presidential Nominee in 2012,10,0.4,Aug/22/2011 19:19:36
741644,2012.REP.NOM.BOLTON,John Bolton to be Republican Presidential Nominee in 2012,7,0.3,Aug/23/2011 02:21:21
741644,2012.REP.NOM.BOLTON,John Bolton to be Republican Presidential Nominee in 2012,10,0.3,Aug/23/2011 02:21:21
741644,2012.REP.NOM.BOLTON,John Bolton to be Republican Presidential Nominee in 2012,1,0.4,Aug/23/2011 02:21:45
741644,2012.REP.NOM.BOLTON,John Bolton to be Republican Presidential Nominee in 2012,24,0.4,Aug/23/2011 02:36:10
741644,2012.REP.NOM.BOLTON,John Bolton to be Republican Presidential Nominee in 2012,10,0.4,Aug/23/2011 02:36:10
741644,2012.REP.NOM.BOLTON,John Bolton to be Republican Presidential Nominee in 2012,1,0.5,Aug/23/2011 02:36:19
741644,2012.REP.NOM.BOLTON,John Bolton to be Republican Presidential Nominee in 2012,50,0.4,Aug/23/2011 05:02:49
741644,2012.REP.NOM.BOLTON,John Bolton to be Republican Presidential Nominee in 2012,10,0.4,Aug/23/2011 05:02:49
741644,2012.REP.NOM.BOLTON,John Bolton to be Republican Presidential Nominee in 2012,1,0.5,Aug/23/2011 08:26:12
741644,2012.REP.NOM.BOLTON,John Bolton to be Republican Presidential Nominee in 2012,100,0.3,Aug/24/2011 13:28:14
741644,2012.REP.NOM.BOLTON,John Bolton to be Republican Presidential Nominee in 2012,1,0.5,Aug/24/2011 13:47:14
741644,2012.REP.NOM.BOLTON,John Bolton to be Republican Presidential Nominee in 2012,10,0.4,Aug/24/2011 13:47:14
741644,2012.REP.NOM.BOLTON,John Bolton to be Republican Presidential Nominee in 2012,1,0.3,Aug/24/2011 16:40:10
741644,2012.REP.NOM.BOLTON,John Bolton to be Republican Presidential Nominee in 2012,1,0.3,Aug/24/2011 16:40:26
741644,2012.REP.NOM.BOLTON,John Bolton to be Republican Presidential Nominee in 2012,10,0.3,Aug/24/2011 19:55:04
741644,2012.REP.NOM.BOLTON,John Bolton to be Republican Presidential Nominee in 2012,1,0.5,Aug/24/2011 22:20:51
741644,2012.REP.NOM.BOLTON,John Bolton to be Republican Presidential Nominee in 2012,50,0.3,Aug/25/2011 13:02:07
741644,2012.REP.NOM.BOLTON,John Bolton to be Republican Presidential Nominee in 2012,34,0.3,Aug/25/2011 13:02:19
741644,2012.REP.NOM.BOLTON,John Bolton to be Republican Presidential Nominee in 2012,4,0.3,Aug/25/2011 13:08:03
741644,2012.REP.NOM.BOLTON,John Bolton to be Republican Presidential Nominee in 2012,1,0.5,Aug/25/2011 17:01:31
741644,2012.REP.NOM.BOLTON,John Bolton to be Republican Presidential Nominee in 2012,50,0.3,Aug/26/2011 00:44:52
741644,2012.REP.NOM.BOLTON,John Bolton to be Republican Presidential Nominee in 2012,1,0.3,Aug/26/2011 13:53:51
741644,2012.REP.NOM.BOLTON,John Bolton to be Republican Presidential Nominee in 2012,1001,0.3,Aug/26/2011 13:53:51
741644,2012.REP.NOM.BOLTON,John Bolton to be Republican Presidential Nominee in 2012,1,0.2,Aug/26/2011 19:21:37
741644,2012.REP.NOM.BOLTON,John Bolton to be Republican Presidential Nominee in 2012,17,0.2,Aug/26/2011 19:21:37
741644,2012.REP.NOM.BOLTON,John Bolton to be Republican Presidential Nominee in 2012,406,0.2,Aug/26/2011 19:21:37
741644,2012.REP.NOM.BOLTON,John Bolton to be Republican Presidential Nominee in 2012,10,0.3,Aug/26/2011 19:47:33
741644,2012.REP.NOM.BOLTON,John Bolton to be Republican Presidential Nominee in 2012,8,0.3,Aug/26/2011 19:47:33
741644,2012.REP.NOM.BOLTON,John Bolton to be Republican Presidential Nominee in 2012,1,0.3,Aug/26/2011 19:56:16
741644,2012.REP.NOM.BOLTON,John Bolton to be Republican Presidential Nominee in 2012,5,0.5,Aug/27/2011 05:38:37
741644,2012.REP.NOM.BOLTON,John Bolton to be Republican Presidential Nominee in 2012,1,0.5,Aug/27/2011 05:38:37
741644,2012.REP.NOM.BOLTON,John Bolton to be Republican Presidential Nominee in 2012,2,0.5,Aug/27/2011 05:38:37
741644,2012.REP.NOM.BOLTON,John Bolton to be Republican Presidential Nominee in 2012,10,0.5,Aug/27/2011 05:38:37
741644,2012.REP.NOM.BOLTON,John Bolton to be Republican Presidential Nominee in 2012,100,0.5,Aug/27/2011 05:38:37
741644,2012.REP.NOM.BOLTON,John Bolton to be Republican Presidential Nominee in 2012,25,0.5,Aug/27/2011 05:38:37
741644,2012.REP.NOM.BOLTON,John Bolton to be Republican Presidential Nominee in 2012,10,0.5,Aug/27/2011 05:38:37
741644,2012.REP.NOM.BOLTON,John Bolton to be Republican Presidential Nominee in 2012,4,0.5,Aug/27/2011 05:38:37
741644,2012.REP.NOM.BOLTON,John Bolton to be Republican Presidential Nominee in 2012,1,0.5,Aug/27/2011 05:38:37
741644,2012.REP.NOM.BOLTON,John Bolton to be Republican Presidential Nominee in 2012,2,0.5,Aug/27/2011 05:38:37
741644,2012.REP.NOM.BOLTON,John Bolton to be Republican Presidential Nominee in 2012,100,0.5,Aug/27/2011 05:38:37
741644,2012.REP.NOM.BOLTON,John Bolton to be Republican Presidential Nominee in 2012,55,0.5,Aug/27/2011 05:38:37
741644,2012.REP.NOM.BOLTON,John Bolton to be Republican Presidential Nominee in 2012,31,0.5,Aug/27/2011 05:38:37
741644,2012.REP.NOM.BOLTON,John Bolton to be Republican Presidential Nominee in 2012,10,0.4,Aug/27/2011 05:38:37
741644,2012.REP.NOM.BOLTON,John Bolton to be Republican Presidential Nominee in 2012,10,0.4,Aug/27/2011 05:38:37
741644,2012.REP.NOM.BOLTON,John Bolton to be Republican Presidential Nominee in 2012,100,0.4,Aug/27/2011 05:38:37
741644,2012.REP.NOM.BOLTON,John Bolton to be Republican Presidential Nominee in 2012,8,0.4,Aug/27/2011 05:38:37
741644,2012.REP.NOM.BOLTON,John Bolton to be Republican Presidential Nominee in 2012,406,0.3,Aug/27/2011 05:38:37
741644,2012.REP.NOM.BOLTON,John Bolton to be Republican Presidential Nominee in 2012,10,0.3,Aug/27/2011 05:38:37
741644,2012.REP.NOM.BOLTON,John Bolton to be Republican Presidential Nominee in 2012,50,0.3,Aug/27/2011 05:38:37
741644,2012.REP.NOM.BOLTON,John Bolton to be Republican Presidential Nominee in 2012,10,0.3,Aug/27/2011 05:38:37
741644,2012.REP.NOM.BOLTON,John Bolton to be Republican Presidential Nominee in 2012,50,0.3,Aug/27/2011 05:38:37
741644,2012.REP.NOM.BOLTON,John Bolton to be Republican Presidential Nominee in 2012,20,0.2,Aug/27/2011 14:30:29
741644,2012.REP.NOM.BOLTON,John Bolton to be Republican Presidential Nominee in 2012,20,0.3,Aug/27/2011 17:35:42
741644,2012.REP.NOM.BOLTON,John Bolton to be Republican Presidential Nominee in 2012,5,0.3,Aug/27/2011 17:35:42
741644,2012.REP.NOM.BOLTON,John Bolton to be Republican Presidential Nominee in 2012,5,0.3,Aug/28/2011 07:19:19
741644,2012.REP.NOM.BOLTON,John Bolton to be Republican Presidential Nominee in 2012,1,0.5,Aug/28/2011 07:19:30
741644,2012.REP.NOM.BOLTON,John Bolton to be Republican Presidential Nominee in 2012,8,0.3,Aug/31/2011 06:37:13
741644,2012.REP.NOM.BOLTON,John Bolton to be Republican Presidential Nominee in 2012,10,0.2,Aug/31/2011 12:28:06
741644,2012.REP.NOM.BOLTON,John Bolton to be Republican Presidential Nominee in 2012,1,0.4,Aug/31/2011 18:48:56
741644,2012.REP.NOM.BOLTON,John Bolton to be Republican Presidential Nominee in 2012,10,0.3,Aug/31/2011 18:48:56
741644,2012.REP.NOM.BOLTON,John Bolton to be Republican Presidential Nominee in 2012,30,0.3,Aug/31/2011 18:48:56
741644,2012.REP.NOM.BOLTON,John Bolton to be Republican Presidential Nominee in 2012,50,0.3,Aug/31/2011 18:48:56
741644,2012.REP.NOM.BOLTON,John Bolton to be Republican Presidential Nominee in 2012,50,0.3,Aug/31/2011 18:48:56
741644,2012.REP.NOM.BOLTON,John Bolton to be Republican Presidential Nominee in 2012,50,0.3,Aug/31/2011 18:48:56
741644,2012.REP.NOM.BOLTON,John Bolton to be Republican Presidential Nominee in 2012,10,0.3,Aug/31/2011 18:48:56
741644,2012.REP.NOM.BOLTON,John Bolton to be Republican Presidential Nominee in 2012,10,0.3,Aug/31/2011 18:48:56
