market id,market symbol,market name,trade quantity,trade price,date/time [utc]
663722,2012.REP.NOM.RYAN,Paul Ryan to be Republican Presidential Nominee in 2012,10,2.7,Nov/27/2009 08:14:22
663722,2012.REP.NOM.RYAN,Paul Ryan to be Republican Presidential Nominee in 2012,10,2.7,Jan/10/2010 19:23:58
663722,2012.REP.NOM.RYAN,Paul Ryan to be Republican Presidential Nominee in 2012,5,2.7,Jan/10/2010 19:23:58
663722,2012.REP.NOM.RYAN,Paul Ryan to be Republican Presidential Nominee in 2012,35,2.7,Jan/10/2010 19:26:00
663722,2012.REP.NOM.RYAN,Paul Ryan to be Republican Presidential Nominee in 2012,4,5.0,Jan/10/2010 19:26:36
663722,2012.REP.NOM.RYAN,Paul Ryan to be Republican Presidential Nominee in 2012,5,3.2,Jan/18/2010 01:37:33
663722,2012.REP.NOM.RYAN,Paul Ryan to be Republican Presidential Nominee in 2012,1,3.2,Jan/20/2010 18:23:10
663722,2012.REP.NOM.RYAN,Paul Ryan to be Republican Presidential Nominee in 2012,2,3.5,Jan/20/2010 18:23:10
663722,2012.REP.NOM.RYAN,Paul Ryan to be Republican Presidential Nominee in 2012,2,3.7,Jan/20/2010 18:23:10
663722,2012.REP.NOM.RYAN,Paul Ryan to be Republican Presidential Nominee in 2012,2,3.2,Jan/20/2010 19:13:01
663722,2012.REP.NOM.RYAN,Paul Ryan to be Republican Presidential Nominee in 2012,1,1.1,Jan/21/2010 09:42:24
663722,2012.REP.NOM.RYAN,Paul Ryan to be Republican Presidential Nominee in 2012,1,1.0,Jan/21/2010 09:44:21
663722,2012.REP.NOM.RYAN,Paul Ryan to be Republican Presidential Nominee in 2012,40,1.0,Jan/21/2010 11:10:21
663722,2012.REP.NOM.RYAN,Paul Ryan to be Republican Presidential Nominee in 2012,10,1.0,Jan/21/2010 15:50:39
663722,2012.REP.NOM.RYAN,Paul Ryan to be Republican Presidential Nominee in 2012,5,1.0,Jan/21/2010 17:46:38
663722,2012.REP.NOM.RYAN,Paul Ryan to be Republican Presidential Nominee in 2012,5,1.0,Jan/21/2010 17:46:46
663722,2012.REP.NOM.RYAN,Paul Ryan to be Republican Presidential Nominee in 2012,1,1.0,Jan/21/2010 17:47:36
663722,2012.REP.NOM.RYAN,Paul Ryan to be Republican Presidential Nominee in 2012,5,1.2,Jan/22/2010 06:22:11
663722,2012.REP.NOM.RYAN,Paul Ryan to be Republican Presidential Nominee in 2012,9,1.2,Jan/22/2010 06:22:11
663722,2012.REP.NOM.RYAN,Paul Ryan to be Republican Presidential Nominee in 2012,14,1.2,Jan/22/2010 06:22:14
663722,2012.REP.NOM.RYAN,Paul Ryan to be Republican Presidential Nominee in 2012,1,1.2,Jan/22/2010 06:22:25
663722,2012.REP.NOM.RYAN,Paul Ryan to be Republican Presidential Nominee in 2012,3,1.2,Jan/22/2010 14:42:28
663722,2012.REP.NOM.RYAN,Paul Ryan to be Republican Presidential Nominee in 2012,2,1.1,Jan/22/2010 15:55:56
663722,2012.REP.NOM.RYAN,Paul Ryan to be Republican Presidential Nominee in 2012,5,1.2,Jan/22/2010 15:55:56
663722,2012.REP.NOM.RYAN,Paul Ryan to be Republican Presidential Nominee in 2012,14,1.2,Jan/25/2010 11:13:28
663722,2012.REP.NOM.RYAN,Paul Ryan to be Republican Presidential Nominee in 2012,6,1.2,Jan/25/2010 11:15:38
663722,2012.REP.NOM.RYAN,Paul Ryan to be Republican Presidential Nominee in 2012,14,1.2,Jan/25/2010 18:33:58
663722,2012.REP.NOM.RYAN,Paul Ryan to be Republican Presidential Nominee in 2012,4,1.2,Jan/26/2010 11:04:14
663722,2012.REP.NOM.RYAN,Paul Ryan to be Republican Presidential Nominee in 2012,18,1.1,Jan/27/2010 18:35:43
663722,2012.REP.NOM.RYAN,Paul Ryan to be Republican Presidential Nominee in 2012,2,1.2,Jan/27/2010 18:35:43
663722,2012.REP.NOM.RYAN,Paul Ryan to be Republican Presidential Nominee in 2012,1,2.2,Jan/30/2010 07:39:48
663722,2012.REP.NOM.RYAN,Paul Ryan to be Republican Presidential Nominee in 2012,2,1.2,Feb/01/2010 04:21:20
663722,2012.REP.NOM.RYAN,Paul Ryan to be Republican Presidential Nominee in 2012,18,1.1,Feb/01/2010 04:21:20
663722,2012.REP.NOM.RYAN,Paul Ryan to be Republican Presidential Nominee in 2012,15,1.1,Feb/01/2010 17:13:14
663722,2012.REP.NOM.RYAN,Paul Ryan to be Republican Presidential Nominee in 2012,10,1.1,Feb/03/2010 05:11:15
663722,2012.REP.NOM.RYAN,Paul Ryan to be Republican Presidential Nominee in 2012,10,1.1,Feb/03/2010 05:16:13
663722,2012.REP.NOM.RYAN,Paul Ryan to be Republican Presidential Nominee in 2012,10,1.1,Feb/03/2010 12:15:32
663722,2012.REP.NOM.RYAN,Paul Ryan to be Republican Presidential Nominee in 2012,2,2.6,Feb/03/2010 16:17:26
663722,2012.REP.NOM.RYAN,Paul Ryan to be Republican Presidential Nominee in 2012,8,2.7,Feb/03/2010 16:18:14
663722,2012.REP.NOM.RYAN,Paul Ryan to be Republican Presidential Nominee in 2012,1,3.0,Feb/03/2010 16:18:59
663722,2012.REP.NOM.RYAN,Paul Ryan to be Republican Presidential Nominee in 2012,10,4.6,Feb/03/2010 16:22:02
663722,2012.REP.NOM.RYAN,Paul Ryan to be Republican Presidential Nominee in 2012,1,4.7,Feb/03/2010 16:22:45
663722,2012.REP.NOM.RYAN,Paul Ryan to be Republican Presidential Nominee in 2012,5,4.8,Feb/03/2010 16:44:02
663722,2012.REP.NOM.RYAN,Paul Ryan to be Republican Presidential Nominee in 2012,11,2.1,Feb/04/2010 08:37:17
663722,2012.REP.NOM.RYAN,Paul Ryan to be Republican Presidential Nominee in 2012,20,2.0,Feb/04/2010 08:38:11
663722,2012.REP.NOM.RYAN,Paul Ryan to be Republican Presidential Nominee in 2012,2,1.2,Feb/05/2010 09:58:22
663722,2012.REP.NOM.RYAN,Paul Ryan to be Republican Presidential Nominee in 2012,16,5.0,Feb/08/2010 05:24:09
663722,2012.REP.NOM.RYAN,Paul Ryan to be Republican Presidential Nominee in 2012,10,4.9,Feb/08/2010 05:24:09
663722,2012.REP.NOM.RYAN,Paul Ryan to be Republican Presidential Nominee in 2012,5,4.9,Feb/08/2010 05:24:09
663722,2012.REP.NOM.RYAN,Paul Ryan to be Republican Presidential Nominee in 2012,5,4.9,Feb/08/2010 05:24:09
663722,2012.REP.NOM.RYAN,Paul Ryan to be Republican Presidential Nominee in 2012,10,4.8,Feb/08/2010 05:24:09
663722,2012.REP.NOM.RYAN,Paul Ryan to be Republican Presidential Nominee in 2012,1,4.0,Feb/08/2010 05:24:09
663722,2012.REP.NOM.RYAN,Paul Ryan to be Republican Presidential Nominee in 2012,1,3.0,Feb/08/2010 05:24:09
663722,2012.REP.NOM.RYAN,Paul Ryan to be Republican Presidential Nominee in 2012,1,1.3,Feb/08/2010 10:21:09
663722,2012.REP.NOM.RYAN,Paul Ryan to be Republican Presidential Nominee in 2012,1,1.3,Feb/08/2010 10:21:17
663722,2012.REP.NOM.RYAN,Paul Ryan to be Republican Presidential Nominee in 2012,1,1.3,Feb/08/2010 10:21:24
663722,2012.REP.NOM.RYAN,Paul Ryan to be Republican Presidential Nominee in 2012,1,1.3,Feb/08/2010 10:21:43
663722,2012.REP.NOM.RYAN,Paul Ryan to be Republican Presidential Nominee in 2012,1,1.3,Feb/08/2010 10:21:54
663722,2012.REP.NOM.RYAN,Paul Ryan to be Republican Presidential Nominee in 2012,1,1.3,Feb/08/2010 10:22:02
663722,2012.REP.NOM.RYAN,Paul Ryan to be Republican Presidential Nominee in 2012,1,1.3,Feb/08/2010 10:22:10
663722,2012.REP.NOM.RYAN,Paul Ryan to be Republican Presidential Nominee in 2012,1,1.3,Feb/08/2010 10:22:17
663722,2012.REP.NOM.RYAN,Paul Ryan to be Republican Presidential Nominee in 2012,1,1.3,Feb/08/2010 10:22:25
663722,2012.REP.NOM.RYAN,Paul Ryan to be Republican Presidential Nominee in 2012,1,1.3,Feb/08/2010 10:22:33
663722,2012.REP.NOM.RYAN,Paul Ryan to be Republican Presidential Nominee in 2012,2,1.2,Feb/08/2010 10:22:41
663722,2012.REP.NOM.RYAN,Paul Ryan to be Republican Presidential Nominee in 2012,2,1.2,Feb/08/2010 10:22:48
663722,2012.REP.NOM.RYAN,Paul Ryan to be Republican Presidential Nominee in 2012,1,1.2,Feb/08/2010 10:23:02
663722,2012.REP.NOM.RYAN,Paul Ryan to be Republican Presidential Nominee in 2012,1,1.6,Feb/10/2010 09:57:10
663722,2012.REP.NOM.RYAN,Paul Ryan to be Republican Presidential Nominee in 2012,1,1.6,Feb/10/2010 09:57:30
663722,2012.REP.NOM.RYAN,Paul Ryan to be Republican Presidential Nominee in 2012,2,1.6,Feb/10/2010 09:57:37
663722,2012.REP.NOM.RYAN,Paul Ryan to be Republican Presidential Nominee in 2012,1,1.6,Feb/10/2010 09:57:44
663722,2012.REP.NOM.RYAN,Paul Ryan to be Republican Presidential Nominee in 2012,1,1.6,Feb/10/2010 09:57:49
663722,2012.REP.NOM.RYAN,Paul Ryan to be Republican Presidential Nominee in 2012,1,1.6,Feb/10/2010 09:58:04
663722,2012.REP.NOM.RYAN,Paul Ryan to be Republican Presidential Nominee in 2012,1,1.6,Feb/10/2010 09:58:10
663722,2012.REP.NOM.RYAN,Paul Ryan to be Republican Presidential Nominee in 2012,1,1.6,Feb/10/2010 09:58:16
663722,2012.REP.NOM.RYAN,Paul Ryan to be Republican Presidential Nominee in 2012,1,1.6,Feb/10/2010 09:58:21
663722,2012.REP.NOM.RYAN,Paul Ryan to be Republican Presidential Nominee in 2012,1,1.5,Feb/10/2010 09:58:27
663722,2012.REP.NOM.RYAN,Paul Ryan to be Republican Presidential Nominee in 2012,1,1.5,Feb/10/2010 09:58:31
663722,2012.REP.NOM.RYAN,Paul Ryan to be Republican Presidential Nominee in 2012,1,1.5,Feb/10/2010 09:58:36
663722,2012.REP.NOM.RYAN,Paul Ryan to be Republican Presidential Nominee in 2012,1,1.4,Feb/10/2010 09:58:41
663722,2012.REP.NOM.RYAN,Paul Ryan to be Republican Presidential Nominee in 2012,1,1.4,Feb/10/2010 09:58:50
663722,2012.REP.NOM.RYAN,Paul Ryan to be Republican Presidential Nominee in 2012,1,1.4,Feb/10/2010 09:58:57
663722,2012.REP.NOM.RYAN,Paul Ryan to be Republican Presidential Nominee in 2012,1,1.4,Feb/10/2010 09:59:03
663722,2012.REP.NOM.RYAN,Paul Ryan to be Republican Presidential Nominee in 2012,1,1.4,Feb/10/2010 09:59:13
663722,2012.REP.NOM.RYAN,Paul Ryan to be Republican Presidential Nominee in 2012,2,1.4,Feb/10/2010 09:59:18
663722,2012.REP.NOM.RYAN,Paul Ryan to be Republican Presidential Nominee in 2012,1,1.4,Feb/10/2010 09:59:32
663722,2012.REP.NOM.RYAN,Paul Ryan to be Republican Presidential Nominee in 2012,2,1.4,Feb/10/2010 09:59:38
663722,2012.REP.NOM.RYAN,Paul Ryan to be Republican Presidential Nominee in 2012,1,1.3,Feb/10/2010 09:59:44
663722,2012.REP.NOM.RYAN,Paul Ryan to be Republican Presidential Nominee in 2012,5,2.0,Feb/13/2010 21:43:23
663722,2012.REP.NOM.RYAN,Paul Ryan to be Republican Presidential Nominee in 2012,1,2.0,Feb/13/2010 21:43:23
663722,2012.REP.NOM.RYAN,Paul Ryan to be Republican Presidential Nominee in 2012,4,3.0,Feb/13/2010 21:47:35
663722,2012.REP.NOM.RYAN,Paul Ryan to be Republican Presidential Nominee in 2012,1,2.9,Feb/13/2010 21:47:35
663722,2012.REP.NOM.RYAN,Paul Ryan to be Republican Presidential Nominee in 2012,1,1.6,Feb/14/2010 16:45:13
663722,2012.REP.NOM.RYAN,Paul Ryan to be Republican Presidential Nominee in 2012,1,1.6,Feb/14/2010 16:45:19
663722,2012.REP.NOM.RYAN,Paul Ryan to be Republican Presidential Nominee in 2012,1,1.6,Feb/14/2010 16:45:37
663722,2012.REP.NOM.RYAN,Paul Ryan to be Republican Presidential Nominee in 2012,1,1.6,Feb/14/2010 16:45:45
663722,2012.REP.NOM.RYAN,Paul Ryan to be Republican Presidential Nominee in 2012,3,1.7,Feb/15/2010 09:59:08
663722,2012.REP.NOM.RYAN,Paul Ryan to be Republican Presidential Nominee in 2012,2,1.7,Feb/15/2010 09:59:14
663722,2012.REP.NOM.RYAN,Paul Ryan to be Republican Presidential Nominee in 2012,3,1.6,Feb/15/2010 09:59:23
663722,2012.REP.NOM.RYAN,Paul Ryan to be Republican Presidential Nominee in 2012,5,1.6,Feb/15/2010 09:59:28
663722,2012.REP.NOM.RYAN,Paul Ryan to be Republican Presidential Nominee in 2012,1,1.5,Feb/15/2010 11:58:22
663722,2012.REP.NOM.RYAN,Paul Ryan to be Republican Presidential Nominee in 2012,7,1.5,Feb/15/2010 11:58:22
663722,2012.REP.NOM.RYAN,Paul Ryan to be Republican Presidential Nominee in 2012,8,1.5,Feb/15/2010 11:58:29
663722,2012.REP.NOM.RYAN,Paul Ryan to be Republican Presidential Nominee in 2012,11,1.5,Feb/15/2010 11:58:37
663722,2012.REP.NOM.RYAN,Paul Ryan to be Republican Presidential Nominee in 2012,11,1.5,Feb/15/2010 11:58:42
663722,2012.REP.NOM.RYAN,Paul Ryan to be Republican Presidential Nominee in 2012,4,1.5,Feb/15/2010 11:58:48
663722,2012.REP.NOM.RYAN,Paul Ryan to be Republican Presidential Nominee in 2012,3,1.5,Feb/15/2010 11:58:54
663722,2012.REP.NOM.RYAN,Paul Ryan to be Republican Presidential Nominee in 2012,2,1.5,Feb/15/2010 11:58:59
663722,2012.REP.NOM.RYAN,Paul Ryan to be Republican Presidential Nominee in 2012,1,1.5,Feb/15/2010 11:59:04
663722,2012.REP.NOM.RYAN,Paul Ryan to be Republican Presidential Nominee in 2012,1,1.5,Feb/15/2010 11:59:09
663722,2012.REP.NOM.RYAN,Paul Ryan to be Republican Presidential Nominee in 2012,1,1.5,Feb/15/2010 11:59:14
663722,2012.REP.NOM.RYAN,Paul Ryan to be Republican Presidential Nominee in 2012,1,1.5,Feb/15/2010 11:59:20
663722,2012.REP.NOM.RYAN,Paul Ryan to be Republican Presidential Nominee in 2012,2,1.5,Feb/15/2010 11:59:27
663722,2012.REP.NOM.RYAN,Paul Ryan to be Republican Presidential Nominee in 2012,5,1.5,Feb/15/2010 11:59:32
663722,2012.REP.NOM.RYAN,Paul Ryan to be Republican Presidential Nominee in 2012,1,1.5,Feb/15/2010 11:59:38
663722,2012.REP.NOM.RYAN,Paul Ryan to be Republican Presidential Nominee in 2012,1,1.5,Feb/15/2010 11:59:42
663722,2012.REP.NOM.RYAN,Paul Ryan to be Republican Presidential Nominee in 2012,1,1.5,Feb/15/2010 11:59:47
663722,2012.REP.NOM.RYAN,Paul Ryan to be Republican Presidential Nominee in 2012,1,1.4,Feb/15/2010 11:59:54
663722,2012.REP.NOM.RYAN,Paul Ryan to be Republican Presidential Nominee in 2012,1,1.4,Feb/15/2010 12:00:00
663722,2012.REP.NOM.RYAN,Paul Ryan to be Republican Presidential Nominee in 2012,2,1.3,Feb/15/2010 12:00:04
663722,2012.REP.NOM.RYAN,Paul Ryan to be Republican Presidential Nominee in 2012,1,1.3,Feb/15/2010 12:00:11
663722,2012.REP.NOM.RYAN,Paul Ryan to be Republican Presidential Nominee in 2012,1,1.3,Feb/17/2010 14:25:01
663722,2012.REP.NOM.RYAN,Paul Ryan to be Republican Presidential Nominee in 2012,1,1.3,Feb/17/2010 14:25:07
663722,2012.REP.NOM.RYAN,Paul Ryan to be Republican Presidential Nominee in 2012,1,1.3,Feb/17/2010 14:25:12
663722,2012.REP.NOM.RYAN,Paul Ryan to be Republican Presidential Nominee in 2012,2,1.3,Feb/17/2010 14:25:18
663722,2012.REP.NOM.RYAN,Paul Ryan to be Republican Presidential Nominee in 2012,1,3.0,Feb/19/2010 16:54:19
663722,2012.REP.NOM.RYAN,Paul Ryan to be Republican Presidential Nominee in 2012,3,3.7,Feb/19/2010 16:54:19
663722,2012.REP.NOM.RYAN,Paul Ryan to be Republican Presidential Nominee in 2012,4,2.9,Feb/19/2010 16:54:19
663722,2012.REP.NOM.RYAN,Paul Ryan to be Republican Presidential Nominee in 2012,10,2.7,Feb/19/2010 16:54:19
663722,2012.REP.NOM.RYAN,Paul Ryan to be Republican Presidential Nominee in 2012,1,2.6,Feb/19/2010 16:54:19
663722,2012.REP.NOM.RYAN,Paul Ryan to be Republican Presidential Nominee in 2012,1,2.6,Feb/19/2010 17:58:35
663722,2012.REP.NOM.RYAN,Paul Ryan to be Republican Presidential Nominee in 2012,1,1.4,Feb/19/2010 18:00:06
663722,2012.REP.NOM.RYAN,Paul Ryan to be Republican Presidential Nominee in 2012,1,1.4,Feb/19/2010 18:00:17
663722,2012.REP.NOM.RYAN,Paul Ryan to be Republican Presidential Nominee in 2012,1,1.3,Feb/19/2010 18:00:25
663722,2012.REP.NOM.RYAN,Paul Ryan to be Republican Presidential Nominee in 2012,1,1.3,Feb/19/2010 18:00:31
663722,2012.REP.NOM.RYAN,Paul Ryan to be Republican Presidential Nominee in 2012,1,1.2,Feb/19/2010 18:00:37
663722,2012.REP.NOM.RYAN,Paul Ryan to be Republican Presidential Nominee in 2012,1,1.2,Feb/19/2010 18:00:45
663722,2012.REP.NOM.RYAN,Paul Ryan to be Republican Presidential Nominee in 2012,1,1.2,Feb/19/2010 18:01:08
663722,2012.REP.NOM.RYAN,Paul Ryan to be Republican Presidential Nominee in 2012,3,1.2,Feb/19/2010 18:01:14
663722,2012.REP.NOM.RYAN,Paul Ryan to be Republican Presidential Nominee in 2012,1,1.2,Feb/19/2010 18:01:21
663722,2012.REP.NOM.RYAN,Paul Ryan to be Republican Presidential Nominee in 2012,1,1.2,Feb/19/2010 18:01:28
663722,2012.REP.NOM.RYAN,Paul Ryan to be Republican Presidential Nominee in 2012,1,1.6,Feb/24/2010 11:35:13
663722,2012.REP.NOM.RYAN,Paul Ryan to be Republican Presidential Nominee in 2012,1,1.6,Feb/24/2010 11:35:21
663722,2012.REP.NOM.RYAN,Paul Ryan to be Republican Presidential Nominee in 2012,1,1.5,Feb/24/2010 11:35:26
663722,2012.REP.NOM.RYAN,Paul Ryan to be Republican Presidential Nominee in 2012,1,1.4,Feb/24/2010 11:35:33
663722,2012.REP.NOM.RYAN,Paul Ryan to be Republican Presidential Nominee in 2012,1,1.4,Feb/24/2010 11:35:38
663722,2012.REP.NOM.RYAN,Paul Ryan to be Republican Presidential Nominee in 2012,2,1.4,Feb/24/2010 11:35:43
663722,2012.REP.NOM.RYAN,Paul Ryan to be Republican Presidential Nominee in 2012,1,1.4,Feb/24/2010 11:35:48
663722,2012.REP.NOM.RYAN,Paul Ryan to be Republican Presidential Nominee in 2012,1,1.4,Feb/24/2010 11:35:53
663722,2012.REP.NOM.RYAN,Paul Ryan to be Republican Presidential Nominee in 2012,1,1.4,Feb/24/2010 11:35:58
663722,2012.REP.NOM.RYAN,Paul Ryan to be Republican Presidential Nominee in 2012,1,1.4,Feb/24/2010 11:36:03
663722,2012.REP.NOM.RYAN,Paul Ryan to be Republican Presidential Nominee in 2012,1,1.4,Feb/24/2010 11:36:09
663722,2012.REP.NOM.RYAN,Paul Ryan to be Republican Presidential Nominee in 2012,1,1.4,Feb/24/2010 11:36:15
663722,2012.REP.NOM.RYAN,Paul Ryan to be Republican Presidential Nominee in 2012,6,1.4,Feb/24/2010 11:36:21
663722,2012.REP.NOM.RYAN,Paul Ryan to be Republican Presidential Nominee in 2012,1,1.4,Feb/24/2010 11:36:26
663722,2012.REP.NOM.RYAN,Paul Ryan to be Republican Presidential Nominee in 2012,1,1.4,Feb/24/2010 11:36:31
663722,2012.REP.NOM.RYAN,Paul Ryan to be Republican Presidential Nominee in 2012,3,1.4,Feb/24/2010 11:36:38
663722,2012.REP.NOM.RYAN,Paul Ryan to be Republican Presidential Nominee in 2012,3,1.4,Feb/24/2010 11:36:52
663722,2012.REP.NOM.RYAN,Paul Ryan to be Republican Presidential Nominee in 2012,2,1.4,Feb/24/2010 11:37:00
663722,2012.REP.NOM.RYAN,Paul Ryan to be Republican Presidential Nominee in 2012,1,1.4,Feb/24/2010 11:37:05
663722,2012.REP.NOM.RYAN,Paul Ryan to be Republican Presidential Nominee in 2012,1,1.4,Feb/24/2010 11:37:10
663722,2012.REP.NOM.RYAN,Paul Ryan to be Republican Presidential Nominee in 2012,2,1.3,Feb/24/2010 11:37:16
663722,2012.REP.NOM.RYAN,Paul Ryan to be Republican Presidential Nominee in 2012,3,1.3,Feb/24/2010 11:37:32
663722,2012.REP.NOM.RYAN,Paul Ryan to be Republican Presidential Nominee in 2012,4,1.3,Feb/24/2010 11:37:38
663722,2012.REP.NOM.RYAN,Paul Ryan to be Republican Presidential Nominee in 2012,1,1.3,Feb/24/2010 11:37:44
663722,2012.REP.NOM.RYAN,Paul Ryan to be Republican Presidential Nominee in 2012,1,1.3,Feb/24/2010 11:37:51
663722,2012.REP.NOM.RYAN,Paul Ryan to be Republican Presidential Nominee in 2012,3,1.3,Feb/24/2010 11:38:07
663722,2012.REP.NOM.RYAN,Paul Ryan to be Republican Presidential Nominee in 2012,4,1.3,Feb/24/2010 11:38:15
663722,2012.REP.NOM.RYAN,Paul Ryan to be Republican Presidential Nominee in 2012,1,1.3,Feb/24/2010 16:58:16
663722,2012.REP.NOM.RYAN,Paul Ryan to be Republican Presidential Nominee in 2012,2,1.3,Feb/24/2010 16:58:51
663722,2012.REP.NOM.RYAN,Paul Ryan to be Republican Presidential Nominee in 2012,2,1.3,Feb/24/2010 16:59:06
663722,2012.REP.NOM.RYAN,Paul Ryan to be Republican Presidential Nominee in 2012,5,2.0,Feb/26/2010 05:15:33
663722,2012.REP.NOM.RYAN,Paul Ryan to be Republican Presidential Nominee in 2012,1,1.5,Mar/01/2010 06:00:50
663722,2012.REP.NOM.RYAN,Paul Ryan to be Republican Presidential Nominee in 2012,1,1.5,Mar/01/2010 06:00:55
663722,2012.REP.NOM.RYAN,Paul Ryan to be Republican Presidential Nominee in 2012,1,1.5,Mar/01/2010 06:02:22
663722,2012.REP.NOM.RYAN,Paul Ryan to be Republican Presidential Nominee in 2012,1,1.5,Mar/01/2010 06:02:28
663722,2012.REP.NOM.RYAN,Paul Ryan to be Republican Presidential Nominee in 2012,1,1.5,Mar/01/2010 06:02:34
663722,2012.REP.NOM.RYAN,Paul Ryan to be Republican Presidential Nominee in 2012,1,1.5,Mar/01/2010 06:02:43
663722,2012.REP.NOM.RYAN,Paul Ryan to be Republican Presidential Nominee in 2012,1,1.4,Mar/04/2010 07:34:23
663722,2012.REP.NOM.RYAN,Paul Ryan to be Republican Presidential Nominee in 2012,1,1.4,Mar/04/2010 07:35:27
663722,2012.REP.NOM.RYAN,Paul Ryan to be Republican Presidential Nominee in 2012,1,1.4,Mar/04/2010 07:35:34
663722,2012.REP.NOM.RYAN,Paul Ryan to be Republican Presidential Nominee in 2012,1,1.4,Mar/04/2010 07:35:40
663722,2012.REP.NOM.RYAN,Paul Ryan to be Republican Presidential Nominee in 2012,1,1.4,Mar/04/2010 07:36:01
663722,2012.REP.NOM.RYAN,Paul Ryan to be Republican Presidential Nominee in 2012,1,1.4,Mar/04/2010 07:36:06
663722,2012.REP.NOM.RYAN,Paul Ryan to be Republican Presidential Nominee in 2012,1,1.4,Mar/04/2010 07:36:12
663722,2012.REP.NOM.RYAN,Paul Ryan to be Republican Presidential Nominee in 2012,1,1.4,Mar/04/2010 07:36:19
663722,2012.REP.NOM.RYAN,Paul Ryan to be Republican Presidential Nominee in 2012,2,1.4,Mar/04/2010 07:36:26
663722,2012.REP.NOM.RYAN,Paul Ryan to be Republican Presidential Nominee in 2012,2,1.4,Mar/04/2010 07:36:32
663722,2012.REP.NOM.RYAN,Paul Ryan to be Republican Presidential Nominee in 2012,1,1.4,Mar/04/2010 07:36:44
663722,2012.REP.NOM.RYAN,Paul Ryan to be Republican Presidential Nominee in 2012,1,1.4,Mar/04/2010 07:36:49
663722,2012.REP.NOM.RYAN,Paul Ryan to be Republican Presidential Nominee in 2012,2,1.4,Mar/04/2010 07:36:55
663722,2012.REP.NOM.RYAN,Paul Ryan to be Republican Presidential Nominee in 2012,1,1.4,Mar/04/2010 07:37:02
663722,2012.REP.NOM.RYAN,Paul Ryan to be Republican Presidential Nominee in 2012,3,1.4,Mar/04/2010 07:37:10
663722,2012.REP.NOM.RYAN,Paul Ryan to be Republican Presidential Nominee in 2012,2,1.4,Mar/04/2010 07:37:16
663722,2012.REP.NOM.RYAN,Paul Ryan to be Republican Presidential Nominee in 2012,2,1.4,Mar/04/2010 07:37:22
663722,2012.REP.NOM.RYAN,Paul Ryan to be Republican Presidential Nominee in 2012,1,1.4,Mar/04/2010 07:37:28
663722,2012.REP.NOM.RYAN,Paul Ryan to be Republican Presidential Nominee in 2012,1,1.4,Mar/04/2010 07:37:35
663722,2012.REP.NOM.RYAN,Paul Ryan to be Republican Presidential Nominee in 2012,1,1.4,Mar/04/2010 07:37:43
663722,2012.REP.NOM.RYAN,Paul Ryan to be Republican Presidential Nominee in 2012,1,1.4,Mar/04/2010 07:37:49
663722,2012.REP.NOM.RYAN,Paul Ryan to be Republican Presidential Nominee in 2012,2,1.3,Mar/04/2010 07:37:54
663722,2012.REP.NOM.RYAN,Paul Ryan to be Republican Presidential Nominee in 2012,2,1.3,Mar/04/2010 07:38:00
663722,2012.REP.NOM.RYAN,Paul Ryan to be Republican Presidential Nominee in 2012,3,1.3,Mar/04/2010 07:38:10
663722,2012.REP.NOM.RYAN,Paul Ryan to be Republican Presidential Nominee in 2012,2,1.3,Mar/04/2010 07:38:20
663722,2012.REP.NOM.RYAN,Paul Ryan to be Republican Presidential Nominee in 2012,2,1.3,Mar/04/2010 07:38:26
663722,2012.REP.NOM.RYAN,Paul Ryan to be Republican Presidential Nominee in 2012,2,1.3,Mar/04/2010 07:38:37
663722,2012.REP.NOM.RYAN,Paul Ryan to be Republican Presidential Nominee in 2012,2,1.3,Mar/04/2010 07:38:44
663722,2012.REP.NOM.RYAN,Paul Ryan to be Republican Presidential Nominee in 2012,2,1.3,Mar/04/2010 07:38:49
663722,2012.REP.NOM.RYAN,Paul Ryan to be Republican Presidential Nominee in 2012,2,1.3,Mar/04/2010 07:38:56
663722,2012.REP.NOM.RYAN,Paul Ryan to be Republican Presidential Nominee in 2012,1,1.3,Mar/04/2010 07:39:04
663722,2012.REP.NOM.RYAN,Paul Ryan to be Republican Presidential Nominee in 2012,5,2.4,Mar/04/2010 07:58:42
663722,2012.REP.NOM.RYAN,Paul Ryan to be Republican Presidential Nominee in 2012,5,2.5,Mar/04/2010 07:59:17
663722,2012.REP.NOM.RYAN,Paul Ryan to be Republican Presidential Nominee in 2012,1,3.0,Mar/04/2010 07:59:49
663722,2012.REP.NOM.RYAN,Paul Ryan to be Republican Presidential Nominee in 2012,5,3.5,Mar/05/2010 01:35:42
663722,2012.REP.NOM.RYAN,Paul Ryan to be Republican Presidential Nominee in 2012,4,3.0,Mar/05/2010 01:35:42
663722,2012.REP.NOM.RYAN,Paul Ryan to be Republican Presidential Nominee in 2012,1,3.4,Mar/05/2010 01:35:42
663722,2012.REP.NOM.RYAN,Paul Ryan to be Republican Presidential Nominee in 2012,1,2.2,Mar/05/2010 14:51:16
663722,2012.REP.NOM.RYAN,Paul Ryan to be Republican Presidential Nominee in 2012,1,2.2,Mar/05/2010 14:51:23
663722,2012.REP.NOM.RYAN,Paul Ryan to be Republican Presidential Nominee in 2012,2,2.2,Mar/05/2010 14:51:27
663722,2012.REP.NOM.RYAN,Paul Ryan to be Republican Presidential Nominee in 2012,3,2.2,Mar/05/2010 14:51:33
663722,2012.REP.NOM.RYAN,Paul Ryan to be Republican Presidential Nominee in 2012,1,2.2,Mar/05/2010 14:51:39
663722,2012.REP.NOM.RYAN,Paul Ryan to be Republican Presidential Nominee in 2012,1,2.2,Mar/05/2010 14:51:45
663722,2012.REP.NOM.RYAN,Paul Ryan to be Republican Presidential Nominee in 2012,1,2.2,Mar/05/2010 14:51:50
663722,2012.REP.NOM.RYAN,Paul Ryan to be Republican Presidential Nominee in 2012,1,2.2,Mar/05/2010 14:51:57
663722,2012.REP.NOM.RYAN,Paul Ryan to be Republican Presidential Nominee in 2012,1,2.2,Mar/05/2010 14:52:03
663722,2012.REP.NOM.RYAN,Paul Ryan to be Republican Presidential Nominee in 2012,1,2.2,Mar/05/2010 14:52:09
663722,2012.REP.NOM.RYAN,Paul Ryan to be Republican Presidential Nominee in 2012,1,2.1,Mar/05/2010 14:52:14
663722,2012.REP.NOM.RYAN,Paul Ryan to be Republican Presidential Nominee in 2012,1,2.0,Mar/05/2010 14:52:21
663722,2012.REP.NOM.RYAN,Paul Ryan to be Republican Presidential Nominee in 2012,2,2.0,Mar/05/2010 14:52:26
663722,2012.REP.NOM.RYAN,Paul Ryan to be Republican Presidential Nominee in 2012,1,2.0,Mar/05/2010 14:52:31
663722,2012.REP.NOM.RYAN,Paul Ryan to be Republican Presidential Nominee in 2012,1,2.0,Mar/05/2010 14:52:37
663722,2012.REP.NOM.RYAN,Paul Ryan to be Republican Presidential Nominee in 2012,2,2.0,Mar/05/2010 14:52:42
663722,2012.REP.NOM.RYAN,Paul Ryan to be Republican Presidential Nominee in 2012,1,2.1,Mar/08/2010 05:45:28
663722,2012.REP.NOM.RYAN,Paul Ryan to be Republican Presidential Nominee in 2012,2,2.0,Mar/08/2010 05:46:22
663722,2012.REP.NOM.RYAN,Paul Ryan to be Republican Presidential Nominee in 2012,1,2.0,Mar/08/2010 05:46:30
663722,2012.REP.NOM.RYAN,Paul Ryan to be Republican Presidential Nominee in 2012,1,2.0,Mar/08/2010 05:46:49
663722,2012.REP.NOM.RYAN,Paul Ryan to be Republican Presidential Nominee in 2012,1,2.0,Mar/08/2010 05:46:54
663722,2012.REP.NOM.RYAN,Paul Ryan to be Republican Presidential Nominee in 2012,1,2.0,Mar/08/2010 05:46:59
663722,2012.REP.NOM.RYAN,Paul Ryan to be Republican Presidential Nominee in 2012,1,2.0,Mar/08/2010 05:47:03
663722,2012.REP.NOM.RYAN,Paul Ryan to be Republican Presidential Nominee in 2012,1,2.0,Mar/08/2010 05:47:16
663722,2012.REP.NOM.RYAN,Paul Ryan to be Republican Presidential Nominee in 2012,1,2.0,Mar/08/2010 05:47:25
663722,2012.REP.NOM.RYAN,Paul Ryan to be Republican Presidential Nominee in 2012,1,2.0,Mar/08/2010 05:47:30
663722,2012.REP.NOM.RYAN,Paul Ryan to be Republican Presidential Nominee in 2012,1,2.0,Mar/08/2010 05:47:38
663722,2012.REP.NOM.RYAN,Paul Ryan to be Republican Presidential Nominee in 2012,1,2.0,Mar/08/2010 05:47:44
663722,2012.REP.NOM.RYAN,Paul Ryan to be Republican Presidential Nominee in 2012,4,2.0,Mar/08/2010 05:47:50
663722,2012.REP.NOM.RYAN,Paul Ryan to be Republican Presidential Nominee in 2012,1,2.0,Mar/08/2010 05:48:11
663722,2012.REP.NOM.RYAN,Paul Ryan to be Republican Presidential Nominee in 2012,1,2.0,Mar/08/2010 05:48:19
663722,2012.REP.NOM.RYAN,Paul Ryan to be Republican Presidential Nominee in 2012,5,2.0,Mar/08/2010 05:48:26
663722,2012.REP.NOM.RYAN,Paul Ryan to be Republican Presidential Nominee in 2012,4,2.0,Mar/08/2010 05:48:38
663722,2012.REP.NOM.RYAN,Paul Ryan to be Republican Presidential Nominee in 2012,1,2.0,Mar/08/2010 05:48:48
663722,2012.REP.NOM.RYAN,Paul Ryan to be Republican Presidential Nominee in 2012,1,2.0,Mar/08/2010 05:48:56
663722,2012.REP.NOM.RYAN,Paul Ryan to be Republican Presidential Nominee in 2012,1,2.0,Mar/08/2010 05:49:04
663722,2012.REP.NOM.RYAN,Paul Ryan to be Republican Presidential Nominee in 2012,1,2.0,Mar/08/2010 05:49:13
663722,2012.REP.NOM.RYAN,Paul Ryan to be Republican Presidential Nominee in 2012,1,2.0,Mar/08/2010 05:49:22
663722,2012.REP.NOM.RYAN,Paul Ryan to be Republican Presidential Nominee in 2012,1,2.0,Mar/10/2010 07:41:54
663722,2012.REP.NOM.RYAN,Paul Ryan to be Republican Presidential Nominee in 2012,1,2.0,Mar/10/2010 07:42:02
663722,2012.REP.NOM.RYAN,Paul Ryan to be Republican Presidential Nominee in 2012,1,2.0,Mar/10/2010 07:42:09
663722,2012.REP.NOM.RYAN,Paul Ryan to be Republican Presidential Nominee in 2012,3,2.0,Mar/10/2010 07:42:14
663722,2012.REP.NOM.RYAN,Paul Ryan to be Republican Presidential Nominee in 2012,1,2.0,Mar/10/2010 07:42:39
663722,2012.REP.NOM.RYAN,Paul Ryan to be Republican Presidential Nominee in 2012,2,2.0,Mar/10/2010 07:42:48
663722,2012.REP.NOM.RYAN,Paul Ryan to be Republican Presidential Nominee in 2012,1,2.0,Mar/10/2010 07:42:54
663722,2012.REP.NOM.RYAN,Paul Ryan to be Republican Presidential Nominee in 2012,1,2.0,Mar/11/2010 17:47:02
663722,2012.REP.NOM.RYAN,Paul Ryan to be Republican Presidential Nominee in 2012,1,2.9,Mar/11/2010 18:22:40
663722,2012.REP.NOM.RYAN,Paul Ryan to be Republican Presidential Nominee in 2012,5,3.0,Mar/16/2010 19:04:28
663722,2012.REP.NOM.RYAN,Paul Ryan to be Republican Presidential Nominee in 2012,5,3.5,Mar/19/2010 19:20:25
663722,2012.REP.NOM.RYAN,Paul Ryan to be Republican Presidential Nominee in 2012,1,3.6,Mar/20/2010 03:29:46
663722,2012.REP.NOM.RYAN,Paul Ryan to be Republican Presidential Nominee in 2012,1,3.7,Mar/20/2010 03:36:51
663722,2012.REP.NOM.RYAN,Paul Ryan to be Republican Presidential Nominee in 2012,1,3.8,Mar/20/2010 03:37:18
663722,2012.REP.NOM.RYAN,Paul Ryan to be Republican Presidential Nominee in 2012,5,3.9,Mar/20/2010 03:37:47
663722,2012.REP.NOM.RYAN,Paul Ryan to be Republican Presidential Nominee in 2012,1,4.0,Mar/22/2010 01:57:21
663722,2012.REP.NOM.RYAN,Paul Ryan to be Republican Presidential Nominee in 2012,1,4.5,Mar/22/2010 01:57:32
663722,2012.REP.NOM.RYAN,Paul Ryan to be Republican Presidential Nominee in 2012,10,4.9,Mar/22/2010 01:57:51
663722,2012.REP.NOM.RYAN,Paul Ryan to be Republican Presidential Nominee in 2012,1,5.0,Mar/22/2010 01:58:23
663722,2012.REP.NOM.RYAN,Paul Ryan to be Republican Presidential Nominee in 2012,7,5.0,Mar/22/2010 01:58:23
663722,2012.REP.NOM.RYAN,Paul Ryan to be Republican Presidential Nominee in 2012,10,5.0,Mar/22/2010 01:58:56
663722,2012.REP.NOM.RYAN,Paul Ryan to be Republican Presidential Nominee in 2012,1,3.2,Mar/23/2010 06:56:34
663722,2012.REP.NOM.RYAN,Paul Ryan to be Republican Presidential Nominee in 2012,1,3.2,Mar/23/2010 06:56:42
663722,2012.REP.NOM.RYAN,Paul Ryan to be Republican Presidential Nominee in 2012,1,3.2,Mar/23/2010 06:56:50
663722,2012.REP.NOM.RYAN,Paul Ryan to be Republican Presidential Nominee in 2012,1,3.2,Mar/23/2010 06:57:12
663722,2012.REP.NOM.RYAN,Paul Ryan to be Republican Presidential Nominee in 2012,1,3.2,Mar/23/2010 06:57:21
663722,2012.REP.NOM.RYAN,Paul Ryan to be Republican Presidential Nominee in 2012,3,3.2,Mar/23/2010 06:57:31
663722,2012.REP.NOM.RYAN,Paul Ryan to be Republican Presidential Nominee in 2012,1,3.2,Mar/23/2010 06:57:45
663722,2012.REP.NOM.RYAN,Paul Ryan to be Republican Presidential Nominee in 2012,1,3.1,Mar/23/2010 06:58:04
663722,2012.REP.NOM.RYAN,Paul Ryan to be Republican Presidential Nominee in 2012,1,3.1,Mar/23/2010 06:58:17
663722,2012.REP.NOM.RYAN,Paul Ryan to be Republican Presidential Nominee in 2012,1,3.1,Mar/23/2010 06:58:25
663722,2012.REP.NOM.RYAN,Paul Ryan to be Republican Presidential Nominee in 2012,1,3.1,Mar/23/2010 06:58:32
663722,2012.REP.NOM.RYAN,Paul Ryan to be Republican Presidential Nominee in 2012,1,3.1,Mar/23/2010 06:58:39
663722,2012.REP.NOM.RYAN,Paul Ryan to be Republican Presidential Nominee in 2012,1,3.1,Mar/23/2010 06:58:47
663722,2012.REP.NOM.RYAN,Paul Ryan to be Republican Presidential Nominee in 2012,4,2.5,Mar/23/2010 06:58:55
663722,2012.REP.NOM.RYAN,Paul Ryan to be Republican Presidential Nominee in 2012,2,2.5,Mar/23/2010 06:59:03
663722,2012.REP.NOM.RYAN,Paul Ryan to be Republican Presidential Nominee in 2012,1,3.6,Mar/25/2010 22:40:56
663722,2012.REP.NOM.RYAN,Paul Ryan to be Republican Presidential Nominee in 2012,1,3.6,Mar/25/2010 22:41:01
663722,2012.REP.NOM.RYAN,Paul Ryan to be Republican Presidential Nominee in 2012,3,3.6,Mar/25/2010 22:41:19
663722,2012.REP.NOM.RYAN,Paul Ryan to be Republican Presidential Nominee in 2012,2,3.6,Mar/25/2010 22:41:27
663722,2012.REP.NOM.RYAN,Paul Ryan to be Republican Presidential Nominee in 2012,1,3.6,Mar/25/2010 22:41:34
663722,2012.REP.NOM.RYAN,Paul Ryan to be Republican Presidential Nominee in 2012,2,3.6,Mar/25/2010 22:41:40
663722,2012.REP.NOM.RYAN,Paul Ryan to be Republican Presidential Nominee in 2012,1,3.6,Mar/25/2010 22:42:05
663722,2012.REP.NOM.RYAN,Paul Ryan to be Republican Presidential Nominee in 2012,2,3.6,Mar/25/2010 22:42:12
663722,2012.REP.NOM.RYAN,Paul Ryan to be Republican Presidential Nominee in 2012,2,3.6,Mar/25/2010 22:42:18
663722,2012.REP.NOM.RYAN,Paul Ryan to be Republican Presidential Nominee in 2012,1,3.6,Mar/25/2010 22:42:26
663722,2012.REP.NOM.RYAN,Paul Ryan to be Republican Presidential Nominee in 2012,1,3.6,Mar/25/2010 22:42:33
663722,2012.REP.NOM.RYAN,Paul Ryan to be Republican Presidential Nominee in 2012,1,3.6,Mar/25/2010 22:42:40
663722,2012.REP.NOM.RYAN,Paul Ryan to be Republican Presidential Nominee in 2012,1,3.6,Mar/25/2010 22:42:47
663722,2012.REP.NOM.RYAN,Paul Ryan to be Republican Presidential Nominee in 2012,1,3.6,Mar/25/2010 22:42:55
663722,2012.REP.NOM.RYAN,Paul Ryan to be Republican Presidential Nominee in 2012,1,3.1,Mar/25/2010 22:43:02
663722,2012.REP.NOM.RYAN,Paul Ryan to be Republican Presidential Nominee in 2012,1,3.1,Mar/25/2010 22:43:09
663722,2012.REP.NOM.RYAN,Paul Ryan to be Republican Presidential Nominee in 2012,1,3.0,Mar/25/2010 22:43:16
663722,2012.REP.NOM.RYAN,Paul Ryan to be Republican Presidential Nominee in 2012,1,3.0,Mar/25/2010 22:43:24
663722,2012.REP.NOM.RYAN,Paul Ryan to be Republican Presidential Nominee in 2012,1,3.0,Mar/25/2010 22:43:31
663722,2012.REP.NOM.RYAN,Paul Ryan to be Republican Presidential Nominee in 2012,1,3.0,Mar/25/2010 22:43:39
663722,2012.REP.NOM.RYAN,Paul Ryan to be Republican Presidential Nominee in 2012,1,3.0,Mar/25/2010 22:43:47
663722,2012.REP.NOM.RYAN,Paul Ryan to be Republican Presidential Nominee in 2012,2,3.9,Apr/07/2010 22:24:14
663722,2012.REP.NOM.RYAN,Paul Ryan to be Republican Presidential Nominee in 2012,1,4.0,Apr/08/2010 17:56:26
663722,2012.REP.NOM.RYAN,Paul Ryan to be Republican Presidential Nominee in 2012,1,3.4,Apr/14/2010 05:00:10
663722,2012.REP.NOM.RYAN,Paul Ryan to be Republican Presidential Nominee in 2012,1,3.9,Apr/16/2010 20:53:20
663722,2012.REP.NOM.RYAN,Paul Ryan to be Republican Presidential Nominee in 2012,4,4.0,Apr/16/2010 20:53:33
663722,2012.REP.NOM.RYAN,Paul Ryan to be Republican Presidential Nominee in 2012,6,4.0,Apr/16/2010 20:53:33
663722,2012.REP.NOM.RYAN,Paul Ryan to be Republican Presidential Nominee in 2012,1,3.4,May/17/2010 10:08:12
663722,2012.REP.NOM.RYAN,Paul Ryan to be Republican Presidential Nominee in 2012,1,3.4,May/17/2010 10:09:33
663722,2012.REP.NOM.RYAN,Paul Ryan to be Republican Presidential Nominee in 2012,1,3.4,May/17/2010 10:09:40
663722,2012.REP.NOM.RYAN,Paul Ryan to be Republican Presidential Nominee in 2012,1,3.4,May/17/2010 10:10:09
663722,2012.REP.NOM.RYAN,Paul Ryan to be Republican Presidential Nominee in 2012,1,3.4,May/17/2010 10:10:24
663722,2012.REP.NOM.RYAN,Paul Ryan to be Republican Presidential Nominee in 2012,1,3.4,May/17/2010 10:10:36
663722,2012.REP.NOM.RYAN,Paul Ryan to be Republican Presidential Nominee in 2012,1,3.3,May/17/2010 10:10:45
663722,2012.REP.NOM.RYAN,Paul Ryan to be Republican Presidential Nominee in 2012,1,3.3,May/17/2010 10:10:57
663722,2012.REP.NOM.RYAN,Paul Ryan to be Republican Presidential Nominee in 2012,1,3.2,May/17/2010 10:11:07
663722,2012.REP.NOM.RYAN,Paul Ryan to be Republican Presidential Nominee in 2012,1,3.2,May/17/2010 10:11:15
663722,2012.REP.NOM.RYAN,Paul Ryan to be Republican Presidential Nominee in 2012,1,3.2,May/17/2010 10:11:15
663722,2012.REP.NOM.RYAN,Paul Ryan to be Republican Presidential Nominee in 2012,1,3.2,May/17/2010 10:11:24
663722,2012.REP.NOM.RYAN,Paul Ryan to be Republican Presidential Nominee in 2012,1,3.1,May/17/2010 10:11:33
663722,2012.REP.NOM.RYAN,Paul Ryan to be Republican Presidential Nominee in 2012,1,3.0,May/17/2010 10:11:42
663722,2012.REP.NOM.RYAN,Paul Ryan to be Republican Presidential Nominee in 2012,3,3.0,May/17/2010 10:11:51
663722,2012.REP.NOM.RYAN,Paul Ryan to be Republican Presidential Nominee in 2012,1,3.0,May/17/2010 10:12:45
663722,2012.REP.NOM.RYAN,Paul Ryan to be Republican Presidential Nominee in 2012,1,2.6,May/17/2010 10:13:03
663722,2012.REP.NOM.RYAN,Paul Ryan to be Republican Presidential Nominee in 2012,1,2.6,May/17/2010 10:13:16
663722,2012.REP.NOM.RYAN,Paul Ryan to be Republican Presidential Nominee in 2012,1,2.5,May/17/2010 10:13:53
663722,2012.REP.NOM.RYAN,Paul Ryan to be Republican Presidential Nominee in 2012,1,2.5,May/17/2010 10:14:04
663722,2012.REP.NOM.RYAN,Paul Ryan to be Republican Presidential Nominee in 2012,1,2.5,May/17/2010 10:14:13
663722,2012.REP.NOM.RYAN,Paul Ryan to be Republican Presidential Nominee in 2012,2,2.5,May/17/2010 10:14:23
663722,2012.REP.NOM.RYAN,Paul Ryan to be Republican Presidential Nominee in 2012,1,2.5,May/17/2010 10:14:30
663722,2012.REP.NOM.RYAN,Paul Ryan to be Republican Presidential Nominee in 2012,1,2.5,May/17/2010 10:14:41
663722,2012.REP.NOM.RYAN,Paul Ryan to be Republican Presidential Nominee in 2012,1,2.5,May/17/2010 10:14:50
663722,2012.REP.NOM.RYAN,Paul Ryan to be Republican Presidential Nominee in 2012,2,2.5,May/17/2010 10:14:59
663722,2012.REP.NOM.RYAN,Paul Ryan to be Republican Presidential Nominee in 2012,1,2.3,May/17/2010 10:15:09
663722,2012.REP.NOM.RYAN,Paul Ryan to be Republican Presidential Nominee in 2012,1,1.5,May/17/2010 10:15:17
663722,2012.REP.NOM.RYAN,Paul Ryan to be Republican Presidential Nominee in 2012,1,1.5,May/17/2010 10:15:27
663722,2012.REP.NOM.RYAN,Paul Ryan to be Republican Presidential Nominee in 2012,1,1.5,May/17/2010 10:15:38
663722,2012.REP.NOM.RYAN,Paul Ryan to be Republican Presidential Nominee in 2012,1,1.5,May/17/2010 10:15:48
663722,2012.REP.NOM.RYAN,Paul Ryan to be Republican Presidential Nominee in 2012,37,1.2,May/27/2010 11:27:07
663722,2012.REP.NOM.RYAN,Paul Ryan to be Republican Presidential Nominee in 2012,11,1.5,May/27/2010 11:27:07
663722,2012.REP.NOM.RYAN,Paul Ryan to be Republican Presidential Nominee in 2012,2,1.6,May/27/2010 11:27:07
663722,2012.REP.NOM.RYAN,Paul Ryan to be Republican Presidential Nominee in 2012,13,1.2,May/28/2010 12:32:47
663722,2012.REP.NOM.RYAN,Paul Ryan to be Republican Presidential Nominee in 2012,2,0.6,May/28/2010 12:32:47
663722,2012.REP.NOM.RYAN,Paul Ryan to be Republican Presidential Nominee in 2012,1,1.3,May/28/2010 12:32:47
663722,2012.REP.NOM.RYAN,Paul Ryan to be Republican Presidential Nominee in 2012,2,0.7,May/28/2010 12:32:47
663722,2012.REP.NOM.RYAN,Paul Ryan to be Republican Presidential Nominee in 2012,6,0.6,May/28/2010 12:32:47
663722,2012.REP.NOM.RYAN,Paul Ryan to be Republican Presidential Nominee in 2012,5,0.5,Jun/01/2010 17:35:51
663722,2012.REP.NOM.RYAN,Paul Ryan to be Republican Presidential Nominee in 2012,1,0.5,Jun/01/2010 17:35:51
663722,2012.REP.NOM.RYAN,Paul Ryan to be Republican Presidential Nominee in 2012,4,0.6,Jun/01/2010 17:35:51
663722,2012.REP.NOM.RYAN,Paul Ryan to be Republican Presidential Nominee in 2012,10,1.0,Jun/01/2010 17:35:51
663722,2012.REP.NOM.RYAN,Paul Ryan to be Republican Presidential Nominee in 2012,4,0.5,Jun/01/2010 20:39:59
663722,2012.REP.NOM.RYAN,Paul Ryan to be Republican Presidential Nominee in 2012,1,0.5,Jun/02/2010 10:26:01
663722,2012.REP.NOM.RYAN,Paul Ryan to be Republican Presidential Nominee in 2012,1,0.4,Jun/03/2010 12:27:36
663722,2012.REP.NOM.RYAN,Paul Ryan to be Republican Presidential Nominee in 2012,4,0.5,Jun/03/2010 12:27:36
663722,2012.REP.NOM.RYAN,Paul Ryan to be Republican Presidential Nominee in 2012,2,0.4,Jun/03/2010 20:17:06
663722,2012.REP.NOM.RYAN,Paul Ryan to be Republican Presidential Nominee in 2012,26,0.4,Jun/04/2010 10:36:03
663722,2012.REP.NOM.RYAN,Paul Ryan to be Republican Presidential Nominee in 2012,5,1.0,Jun/04/2010 10:36:03
663722,2012.REP.NOM.RYAN,Paul Ryan to be Republican Presidential Nominee in 2012,20,0.6,Jun/04/2010 21:46:22
663722,2012.REP.NOM.RYAN,Paul Ryan to be Republican Presidential Nominee in 2012,8,0.6,Jun/09/2010 20:22:32
663722,2012.REP.NOM.RYAN,Paul Ryan to be Republican Presidential Nominee in 2012,1,0.6,Jun/11/2010 09:56:15
663722,2012.REP.NOM.RYAN,Paul Ryan to be Republican Presidential Nominee in 2012,22,0.6,Jun/29/2010 10:47:22
663722,2012.REP.NOM.RYAN,Paul Ryan to be Republican Presidential Nominee in 2012,8,0.6,Jun/29/2010 10:47:41
663722,2012.REP.NOM.RYAN,Paul Ryan to be Republican Presidential Nominee in 2012,1,1.0,Jul/09/2010 02:19:59
663722,2012.REP.NOM.RYAN,Paul Ryan to be Republican Presidential Nominee in 2012,7,1.1,Jul/09/2010 02:20:31
663722,2012.REP.NOM.RYAN,Paul Ryan to be Republican Presidential Nominee in 2012,3,1.0,Jul/09/2010 02:20:31
663722,2012.REP.NOM.RYAN,Paul Ryan to be Republican Presidential Nominee in 2012,53,0.6,Jul/12/2010 06:43:04
663722,2012.REP.NOM.RYAN,Paul Ryan to be Republican Presidential Nominee in 2012,14,0.7,Jul/12/2010 06:43:04
663722,2012.REP.NOM.RYAN,Paul Ryan to be Republican Presidential Nominee in 2012,10,0.4,Jul/12/2010 21:16:43
663722,2012.REP.NOM.RYAN,Paul Ryan to be Republican Presidential Nominee in 2012,8,0.6,Jul/12/2010 21:16:43
663722,2012.REP.NOM.RYAN,Paul Ryan to be Republican Presidential Nominee in 2012,3,0.4,Jul/12/2010 21:16:54
663722,2012.REP.NOM.RYAN,Paul Ryan to be Republican Presidential Nominee in 2012,2,0.4,Jul/13/2010 05:45:27
663722,2012.REP.NOM.RYAN,Paul Ryan to be Republican Presidential Nominee in 2012,5,0.3,Jul/13/2010 19:28:18
663722,2012.REP.NOM.RYAN,Paul Ryan to be Republican Presidential Nominee in 2012,6,0.4,Jul/13/2010 19:28:18
663722,2012.REP.NOM.RYAN,Paul Ryan to be Republican Presidential Nominee in 2012,8,0.2,Jul/13/2010 19:28:18
663722,2012.REP.NOM.RYAN,Paul Ryan to be Republican Presidential Nominee in 2012,10,0.3,Jul/13/2010 19:28:18
663722,2012.REP.NOM.RYAN,Paul Ryan to be Republican Presidential Nominee in 2012,10,0.4,Jul/13/2010 19:28:18
663722,2012.REP.NOM.RYAN,Paul Ryan to be Republican Presidential Nominee in 2012,10,0.1,Jul/17/2010 19:13:30
663722,2012.REP.NOM.RYAN,Paul Ryan to be Republican Presidential Nominee in 2012,10,0.1,Jul/17/2010 19:13:30
663722,2012.REP.NOM.RYAN,Paul Ryan to be Republican Presidential Nominee in 2012,78,0.1,Jul/17/2010 19:13:30
663722,2012.REP.NOM.RYAN,Paul Ryan to be Republican Presidential Nominee in 2012,2,0.2,Jul/17/2010 19:13:30
663722,2012.REP.NOM.RYAN,Paul Ryan to be Republican Presidential Nominee in 2012,10,0.2,Jul/19/2010 19:57:07
663722,2012.REP.NOM.RYAN,Paul Ryan to be Republican Presidential Nominee in 2012,12,0.3,Jul/25/2010 23:33:00
663722,2012.REP.NOM.RYAN,Paul Ryan to be Republican Presidential Nominee in 2012,10,0.7,Aug/04/2010 17:24:17
663722,2012.REP.NOM.RYAN,Paul Ryan to be Republican Presidential Nominee in 2012,10,0.7,Aug/08/2010 18:21:01
663722,2012.REP.NOM.RYAN,Paul Ryan to be Republican Presidential Nominee in 2012,20,0.8,Aug/13/2010 17:49:45
663722,2012.REP.NOM.RYAN,Paul Ryan to be Republican Presidential Nominee in 2012,6,0.8,Aug/24/2010 21:34:26
663722,2012.REP.NOM.RYAN,Paul Ryan to be Republican Presidential Nominee in 2012,2,0.8,Aug/24/2010 21:36:37
663722,2012.REP.NOM.RYAN,Paul Ryan to be Republican Presidential Nominee in 2012,28,0.9,Aug/25/2010 19:08:32
663722,2012.REP.NOM.RYAN,Paul Ryan to be Republican Presidential Nominee in 2012,14,1.0,Aug/25/2010 19:09:21
663722,2012.REP.NOM.RYAN,Paul Ryan to be Republican Presidential Nominee in 2012,3,1.1,Aug/25/2010 19:10:08
663722,2012.REP.NOM.RYAN,Paul Ryan to be Republican Presidential Nominee in 2012,4,1.2,Aug/25/2010 19:11:14
663722,2012.REP.NOM.RYAN,Paul Ryan to be Republican Presidential Nominee in 2012,5,1.3,Aug/25/2010 19:13:17
663722,2012.REP.NOM.RYAN,Paul Ryan to be Republican Presidential Nominee in 2012,10,2.0,Aug/25/2010 19:13:43
663722,2012.REP.NOM.RYAN,Paul Ryan to be Republican Presidential Nominee in 2012,5,2.1,Aug/25/2010 19:14:35
663722,2012.REP.NOM.RYAN,Paul Ryan to be Republican Presidential Nominee in 2012,1,2.2,Aug/25/2010 19:15:09
663722,2012.REP.NOM.RYAN,Paul Ryan to be Republican Presidential Nominee in 2012,5,2.2,Aug/25/2010 19:15:09
663722,2012.REP.NOM.RYAN,Paul Ryan to be Republican Presidential Nominee in 2012,4,2.3,Aug/25/2010 19:46:52
663722,2012.REP.NOM.RYAN,Paul Ryan to be Republican Presidential Nominee in 2012,10,2.5,Sep/06/2010 20:49:40
663722,2012.REP.NOM.RYAN,Paul Ryan to be Republican Presidential Nominee in 2012,10,3.0,Sep/06/2010 20:49:40
663722,2012.REP.NOM.RYAN,Paul Ryan to be Republican Presidential Nominee in 2012,5,2.4,Sep/06/2010 20:49:40
663722,2012.REP.NOM.RYAN,Paul Ryan to be Republican Presidential Nominee in 2012,1,2.3,Sep/06/2010 20:49:40
663722,2012.REP.NOM.RYAN,Paul Ryan to be Republican Presidential Nominee in 2012,10,3.6,Sep/25/2010 21:33:48
663722,2012.REP.NOM.RYAN,Paul Ryan to be Republican Presidential Nominee in 2012,11,3.1,Sep/26/2010 04:29:42
663722,2012.REP.NOM.RYAN,Paul Ryan to be Republican Presidential Nominee in 2012,20,3.2,Sep/30/2010 15:16:09
663722,2012.REP.NOM.RYAN,Paul Ryan to be Republican Presidential Nominee in 2012,24,3.1,Oct/17/2010 23:11:42
663722,2012.REP.NOM.RYAN,Paul Ryan to be Republican Presidential Nominee in 2012,1,3.2,Oct/17/2010 23:11:42
663722,2012.REP.NOM.RYAN,Paul Ryan to be Republican Presidential Nominee in 2012,1,4.5,Oct/28/2010 22:54:04
663722,2012.REP.NOM.RYAN,Paul Ryan to be Republican Presidential Nominee in 2012,5,3.3,Oct/28/2010 22:54:04
663722,2012.REP.NOM.RYAN,Paul Ryan to be Republican Presidential Nominee in 2012,1,3.5,Oct/28/2010 22:54:04
663722,2012.REP.NOM.RYAN,Paul Ryan to be Republican Presidential Nominee in 2012,1,4.4,Oct/28/2010 22:54:04
663722,2012.REP.NOM.RYAN,Paul Ryan to be Republican Presidential Nominee in 2012,6,4.9,Oct/28/2010 22:54:04
663722,2012.REP.NOM.RYAN,Paul Ryan to be Republican Presidential Nominee in 2012,1,3.3,Oct/28/2010 22:54:04
663722,2012.REP.NOM.RYAN,Paul Ryan to be Republican Presidential Nominee in 2012,50,4.6,Nov/05/2010 13:29:53
663722,2012.REP.NOM.RYAN,Paul Ryan to be Republican Presidential Nominee in 2012,1,4.6,Nov/05/2010 15:01:12
663722,2012.REP.NOM.RYAN,Paul Ryan to be Republican Presidential Nominee in 2012,1,4.6,Nov/05/2010 15:10:21
663722,2012.REP.NOM.RYAN,Paul Ryan to be Republican Presidential Nominee in 2012,5,4.6,Nov/05/2010 15:26:17
663722,2012.REP.NOM.RYAN,Paul Ryan to be Republican Presidential Nominee in 2012,4,4.6,Nov/05/2010 16:07:12
663722,2012.REP.NOM.RYAN,Paul Ryan to be Republican Presidential Nominee in 2012,7,4.6,Nov/05/2010 16:21:19
663722,2012.REP.NOM.RYAN,Paul Ryan to be Republican Presidential Nominee in 2012,39,4.5,Nov/05/2010 17:48:57
663722,2012.REP.NOM.RYAN,Paul Ryan to be Republican Presidential Nominee in 2012,32,4.6,Nov/05/2010 17:48:57
663722,2012.REP.NOM.RYAN,Paul Ryan to be Republican Presidential Nominee in 2012,17,4.4,Nov/05/2010 17:50:56
663722,2012.REP.NOM.RYAN,Paul Ryan to be Republican Presidential Nominee in 2012,61,4.5,Nov/05/2010 17:50:56
663722,2012.REP.NOM.RYAN,Paul Ryan to be Republican Presidential Nominee in 2012,9,4.4,Nov/05/2010 17:53:39
663722,2012.REP.NOM.RYAN,Paul Ryan to be Republican Presidential Nominee in 2012,2,4.4,Nov/05/2010 18:00:37
663722,2012.REP.NOM.RYAN,Paul Ryan to be Republican Presidential Nominee in 2012,5,4.4,Nov/05/2010 22:21:23
663722,2012.REP.NOM.RYAN,Paul Ryan to be Republican Presidential Nominee in 2012,40,4.4,Nov/05/2010 22:26:27
663722,2012.REP.NOM.RYAN,Paul Ryan to be Republican Presidential Nominee in 2012,5,4.4,Nov/06/2010 00:01:12
663722,2012.REP.NOM.RYAN,Paul Ryan to be Republican Presidential Nominee in 2012,5,4.4,Nov/06/2010 20:01:21
663722,2012.REP.NOM.RYAN,Paul Ryan to be Republican Presidential Nominee in 2012,33,4.3,Nov/06/2010 21:37:19
663722,2012.REP.NOM.RYAN,Paul Ryan to be Republican Presidential Nominee in 2012,17,4.4,Nov/06/2010 21:37:19
663722,2012.REP.NOM.RYAN,Paul Ryan to be Republican Presidential Nominee in 2012,1,3.3,Nov/07/2010 21:41:40
663722,2012.REP.NOM.RYAN,Paul Ryan to be Republican Presidential Nominee in 2012,9,3.2,Nov/07/2010 21:41:40
663722,2012.REP.NOM.RYAN,Paul Ryan to be Republican Presidential Nominee in 2012,10,3.3,Nov/07/2010 21:41:40
663722,2012.REP.NOM.RYAN,Paul Ryan to be Republican Presidential Nominee in 2012,20,3.2,Nov/08/2010 06:10:33
663722,2012.REP.NOM.RYAN,Paul Ryan to be Republican Presidential Nominee in 2012,5,3.2,Nov/08/2010 11:41:38
663722,2012.REP.NOM.RYAN,Paul Ryan to be Republican Presidential Nominee in 2012,24,3.1,Nov/09/2010 21:22:01
663722,2012.REP.NOM.RYAN,Paul Ryan to be Republican Presidential Nominee in 2012,16,3.2,Nov/09/2010 21:22:01
663722,2012.REP.NOM.RYAN,Paul Ryan to be Republican Presidential Nominee in 2012,28,3.1,Nov/10/2010 06:54:40
663722,2012.REP.NOM.RYAN,Paul Ryan to be Republican Presidential Nominee in 2012,1,3.2,Nov/10/2010 06:54:40
663722,2012.REP.NOM.RYAN,Paul Ryan to be Republican Presidential Nominee in 2012,6,3.1,Nov/10/2010 17:23:28
663722,2012.REP.NOM.RYAN,Paul Ryan to be Republican Presidential Nominee in 2012,1,3.0,Nov/11/2010 07:51:56
663722,2012.REP.NOM.RYAN,Paul Ryan to be Republican Presidential Nominee in 2012,7,3.1,Nov/11/2010 07:51:56
663722,2012.REP.NOM.RYAN,Paul Ryan to be Republican Presidential Nominee in 2012,4,3.2,Nov/11/2010 21:37:03
663722,2012.REP.NOM.RYAN,Paul Ryan to be Republican Presidential Nominee in 2012,1,3.2,Nov/11/2010 21:38:49
663722,2012.REP.NOM.RYAN,Paul Ryan to be Republican Presidential Nominee in 2012,3,3.2,Nov/11/2010 21:38:49
663722,2012.REP.NOM.RYAN,Paul Ryan to be Republican Presidential Nominee in 2012,53,3.0,Nov/15/2010 08:03:10
663722,2012.REP.NOM.RYAN,Paul Ryan to be Republican Presidential Nominee in 2012,17,3.0,Nov/16/2010 07:19:42
663722,2012.REP.NOM.RYAN,Paul Ryan to be Republican Presidential Nominee in 2012,1,3.0,Nov/16/2010 09:41:41
663722,2012.REP.NOM.RYAN,Paul Ryan to be Republican Presidential Nominee in 2012,1,3.0,Nov/16/2010 09:41:45
663722,2012.REP.NOM.RYAN,Paul Ryan to be Republican Presidential Nominee in 2012,1,3.0,Nov/16/2010 09:41:49
663722,2012.REP.NOM.RYAN,Paul Ryan to be Republican Presidential Nominee in 2012,1,3.0,Nov/16/2010 09:42:14
663722,2012.REP.NOM.RYAN,Paul Ryan to be Republican Presidential Nominee in 2012,1,3.0,Nov/16/2010 09:42:18
663722,2012.REP.NOM.RYAN,Paul Ryan to be Republican Presidential Nominee in 2012,1,3.0,Nov/16/2010 09:42:21
663722,2012.REP.NOM.RYAN,Paul Ryan to be Republican Presidential Nominee in 2012,1,3.0,Nov/16/2010 09:42:24
663722,2012.REP.NOM.RYAN,Paul Ryan to be Republican Presidential Nominee in 2012,1,3.0,Nov/16/2010 09:42:30
663722,2012.REP.NOM.RYAN,Paul Ryan to be Republican Presidential Nominee in 2012,1,3.0,Nov/16/2010 09:42:36
663722,2012.REP.NOM.RYAN,Paul Ryan to be Republican Presidential Nominee in 2012,1,3.0,Nov/16/2010 09:42:39
663722,2012.REP.NOM.RYAN,Paul Ryan to be Republican Presidential Nominee in 2012,1,3.0,Nov/16/2010 09:42:43
663722,2012.REP.NOM.RYAN,Paul Ryan to be Republican Presidential Nominee in 2012,1,3.0,Nov/16/2010 09:42:50
663722,2012.REP.NOM.RYAN,Paul Ryan to be Republican Presidential Nominee in 2012,1,3.0,Nov/16/2010 09:42:54
663722,2012.REP.NOM.RYAN,Paul Ryan to be Republican Presidential Nominee in 2012,44,3.0,Nov/17/2010 07:36:28
663722,2012.REP.NOM.RYAN,Paul Ryan to be Republican Presidential Nominee in 2012,33,3.0,Nov/17/2010 18:17:25
663722,2012.REP.NOM.RYAN,Paul Ryan to be Republican Presidential Nominee in 2012,2,2.6,Nov/19/2010 08:32:39
663722,2012.REP.NOM.RYAN,Paul Ryan to be Republican Presidential Nominee in 2012,8,2.6,Nov/19/2010 08:32:39
663722,2012.REP.NOM.RYAN,Paul Ryan to be Republican Presidential Nominee in 2012,8,2.5,Nov/19/2010 08:32:44
663722,2012.REP.NOM.RYAN,Paul Ryan to be Republican Presidential Nominee in 2012,2,2.6,Nov/19/2010 08:32:44
663722,2012.REP.NOM.RYAN,Paul Ryan to be Republican Presidential Nominee in 2012,1,2.6,Nov/19/2010 19:17:48
663722,2012.REP.NOM.RYAN,Paul Ryan to be Republican Presidential Nominee in 2012,2,2.5,Nov/19/2010 19:18:11
663722,2012.REP.NOM.RYAN,Paul Ryan to be Republican Presidential Nominee in 2012,10,2.0,Nov/19/2010 19:18:11
663722,2012.REP.NOM.RYAN,Paul Ryan to be Republican Presidential Nominee in 2012,7,1.5,Nov/20/2010 18:38:38
663722,2012.REP.NOM.RYAN,Paul Ryan to be Republican Presidential Nominee in 2012,3,1.6,Nov/20/2010 18:38:38
663722,2012.REP.NOM.RYAN,Paul Ryan to be Republican Presidential Nominee in 2012,9,1.4,Nov/21/2010 08:46:22
663722,2012.REP.NOM.RYAN,Paul Ryan to be Republican Presidential Nominee in 2012,1,1.5,Nov/21/2010 08:46:22
663722,2012.REP.NOM.RYAN,Paul Ryan to be Republican Presidential Nominee in 2012,8,1.4,Nov/21/2010 23:02:38
663722,2012.REP.NOM.RYAN,Paul Ryan to be Republican Presidential Nominee in 2012,1,1.5,Nov/21/2010 23:02:38
663722,2012.REP.NOM.RYAN,Paul Ryan to be Republican Presidential Nominee in 2012,1,1.5,Nov/21/2010 23:02:38
663722,2012.REP.NOM.RYAN,Paul Ryan to be Republican Presidential Nominee in 2012,1,1.6,Nov/21/2010 23:02:38
663722,2012.REP.NOM.RYAN,Paul Ryan to be Republican Presidential Nominee in 2012,5,1.7,Nov/22/2010 22:06:08
663722,2012.REP.NOM.RYAN,Paul Ryan to be Republican Presidential Nominee in 2012,5,1.6,Nov/23/2010 16:39:47
663722,2012.REP.NOM.RYAN,Paul Ryan to be Republican Presidential Nominee in 2012,10,1.5,Nov/23/2010 16:39:47
663722,2012.REP.NOM.RYAN,Paul Ryan to be Republican Presidential Nominee in 2012,1,1.5,Nov/24/2010 03:10:18
663722,2012.REP.NOM.RYAN,Paul Ryan to be Republican Presidential Nominee in 2012,13,1.6,Nov/24/2010 03:10:18
663722,2012.REP.NOM.RYAN,Paul Ryan to be Republican Presidential Nominee in 2012,15,1.3,Nov/24/2010 10:16:52
663722,2012.REP.NOM.RYAN,Paul Ryan to be Republican Presidential Nominee in 2012,15,1.4,Nov/24/2010 10:16:52
663722,2012.REP.NOM.RYAN,Paul Ryan to be Republican Presidential Nominee in 2012,10,1.4,Nov/24/2010 10:16:52
663722,2012.REP.NOM.RYAN,Paul Ryan to be Republican Presidential Nominee in 2012,10,1.0,Dec/28/2010 20:25:20
663722,2012.REP.NOM.RYAN,Paul Ryan to be Republican Presidential Nominee in 2012,5,1.1,Dec/29/2010 00:55:32
663722,2012.REP.NOM.RYAN,Paul Ryan to be Republican Presidential Nominee in 2012,10,1.1,Dec/29/2010 00:55:32
663722,2012.REP.NOM.RYAN,Paul Ryan to be Republican Presidential Nominee in 2012,5,1.1,Dec/29/2010 00:55:32
663722,2012.REP.NOM.RYAN,Paul Ryan to be Republican Presidential Nominee in 2012,10,1.1,Dec/29/2010 14:06:40
663722,2012.REP.NOM.RYAN,Paul Ryan to be Republican Presidential Nominee in 2012,12,1.1,Dec/29/2010 22:45:56
663722,2012.REP.NOM.RYAN,Paul Ryan to be Republican Presidential Nominee in 2012,90,1.1,Dec/30/2010 21:29:22
663722,2012.REP.NOM.RYAN,Paul Ryan to be Republican Presidential Nominee in 2012,1,1.1,Jan/01/2011 19:27:36
663722,2012.REP.NOM.RYAN,Paul Ryan to be Republican Presidential Nominee in 2012,41,1.1,Jan/01/2011 21:59:56
663722,2012.REP.NOM.RYAN,Paul Ryan to be Republican Presidential Nominee in 2012,10,1.1,Jan/01/2011 22:13:33
663722,2012.REP.NOM.RYAN,Paul Ryan to be Republican Presidential Nominee in 2012,44,1.1,Jan/02/2011 17:00:19
663722,2012.REP.NOM.RYAN,Paul Ryan to be Republican Presidential Nominee in 2012,1,1.1,Jan/02/2011 20:08:10
663722,2012.REP.NOM.RYAN,Paul Ryan to be Republican Presidential Nominee in 2012,10,1.1,Jan/03/2011 03:54:57
663722,2012.REP.NOM.RYAN,Paul Ryan to be Republican Presidential Nominee in 2012,15,1.1,Jan/03/2011 04:45:39
663722,2012.REP.NOM.RYAN,Paul Ryan to be Republican Presidential Nominee in 2012,5,1.1,Jan/03/2011 12:30:53
663722,2012.REP.NOM.RYAN,Paul Ryan to be Republican Presidential Nominee in 2012,5,1.1,Jan/03/2011 12:30:58
663722,2012.REP.NOM.RYAN,Paul Ryan to be Republican Presidential Nominee in 2012,10,1.1,Jan/03/2011 15:05:00
663722,2012.REP.NOM.RYAN,Paul Ryan to be Republican Presidential Nominee in 2012,10,1.1,Jan/03/2011 15:07:50
663722,2012.REP.NOM.RYAN,Paul Ryan to be Republican Presidential Nominee in 2012,10,1.1,Jan/03/2011 15:22:29
663722,2012.REP.NOM.RYAN,Paul Ryan to be Republican Presidential Nominee in 2012,25,1.1,Jan/03/2011 15:45:39
663722,2012.REP.NOM.RYAN,Paul Ryan to be Republican Presidential Nominee in 2012,1,1.1,Jan/03/2011 18:16:15
663722,2012.REP.NOM.RYAN,Paul Ryan to be Republican Presidential Nominee in 2012,10,1.1,Jan/03/2011 18:19:57
663722,2012.REP.NOM.RYAN,Paul Ryan to be Republican Presidential Nominee in 2012,170,1.1,Jan/03/2011 20:31:27
663722,2012.REP.NOM.RYAN,Paul Ryan to be Republican Presidential Nominee in 2012,1,1.0,Jan/03/2011 22:34:13
663722,2012.REP.NOM.RYAN,Paul Ryan to be Republican Presidential Nominee in 2012,5,0.9,Jan/04/2011 22:31:53
663722,2012.REP.NOM.RYAN,Paul Ryan to be Republican Presidential Nominee in 2012,1,0.9,Jan/04/2011 22:31:53
663722,2012.REP.NOM.RYAN,Paul Ryan to be Republican Presidential Nominee in 2012,90,0.7,Jan/05/2011 04:03:41
663722,2012.REP.NOM.RYAN,Paul Ryan to be Republican Presidential Nominee in 2012,14,0.8,Jan/05/2011 04:03:41
663722,2012.REP.NOM.RYAN,Paul Ryan to be Republican Presidential Nominee in 2012,10,0.4,Jan/06/2011 13:01:55
663722,2012.REP.NOM.RYAN,Paul Ryan to be Republican Presidential Nominee in 2012,10,0.5,Jan/06/2011 13:01:55
663722,2012.REP.NOM.RYAN,Paul Ryan to be Republican Presidential Nominee in 2012,3,0.7,Jan/07/2011 07:29:32
663722,2012.REP.NOM.RYAN,Paul Ryan to be Republican Presidential Nominee in 2012,4,0.6,Jan/07/2011 07:29:32
663722,2012.REP.NOM.RYAN,Paul Ryan to be Republican Presidential Nominee in 2012,18,0.6,Jan/07/2011 07:29:32
663722,2012.REP.NOM.RYAN,Paul Ryan to be Republican Presidential Nominee in 2012,10,0.5,Jan/08/2011 01:46:26
663722,2012.REP.NOM.RYAN,Paul Ryan to be Republican Presidential Nominee in 2012,10,0.5,Jan/08/2011 02:37:29
663722,2012.REP.NOM.RYAN,Paul Ryan to be Republican Presidential Nominee in 2012,1,0.5,Jan/08/2011 17:40:18
663722,2012.REP.NOM.RYAN,Paul Ryan to be Republican Presidential Nominee in 2012,4,0.5,Jan/08/2011 17:40:25
663722,2012.REP.NOM.RYAN,Paul Ryan to be Republican Presidential Nominee in 2012,2,0.5,Jan/08/2011 17:40:25
663722,2012.REP.NOM.RYAN,Paul Ryan to be Republican Presidential Nominee in 2012,1,0.5,Jan/08/2011 17:47:44
663722,2012.REP.NOM.RYAN,Paul Ryan to be Republican Presidential Nominee in 2012,2,0.5,Jan/08/2011 17:47:50
663722,2012.REP.NOM.RYAN,Paul Ryan to be Republican Presidential Nominee in 2012,10,0.5,Jan/08/2011 17:47:56
663722,2012.REP.NOM.RYAN,Paul Ryan to be Republican Presidential Nominee in 2012,2,0.5,Jan/08/2011 17:48:02
663722,2012.REP.NOM.RYAN,Paul Ryan to be Republican Presidential Nominee in 2012,3,0.5,Jan/08/2011 17:48:08
663722,2012.REP.NOM.RYAN,Paul Ryan to be Republican Presidential Nominee in 2012,1,0.5,Jan/08/2011 17:48:08
663722,2012.REP.NOM.RYAN,Paul Ryan to be Republican Presidential Nominee in 2012,3,0.4,Jan/08/2011 17:48:14
663722,2012.REP.NOM.RYAN,Paul Ryan to be Republican Presidential Nominee in 2012,1,0.4,Jan/08/2011 17:48:20
663722,2012.REP.NOM.RYAN,Paul Ryan to be Republican Presidential Nominee in 2012,2,0.4,Jan/08/2011 17:48:26
663722,2012.REP.NOM.RYAN,Paul Ryan to be Republican Presidential Nominee in 2012,1,0.4,Jan/08/2011 17:48:32
663722,2012.REP.NOM.RYAN,Paul Ryan to be Republican Presidential Nominee in 2012,2,0.4,Jan/08/2011 17:48:38
663722,2012.REP.NOM.RYAN,Paul Ryan to be Republican Presidential Nominee in 2012,4,0.4,Jan/08/2011 17:48:44
663722,2012.REP.NOM.RYAN,Paul Ryan to be Republican Presidential Nominee in 2012,2,0.4,Jan/08/2011 17:48:50
663722,2012.REP.NOM.RYAN,Paul Ryan to be Republican Presidential Nominee in 2012,1,0.4,Jan/08/2011 17:48:56
663722,2012.REP.NOM.RYAN,Paul Ryan to be Republican Presidential Nominee in 2012,10,0.4,Jan/08/2011 17:49:02
663722,2012.REP.NOM.RYAN,Paul Ryan to be Republican Presidential Nominee in 2012,10,0.5,Jan/09/2011 20:12:04
663722,2012.REP.NOM.RYAN,Paul Ryan to be Republican Presidential Nominee in 2012,10,0.5,Jan/11/2011 10:44:21
663722,2012.REP.NOM.RYAN,Paul Ryan to be Republican Presidential Nominee in 2012,10,0.5,Jan/11/2011 10:44:21
663722,2012.REP.NOM.RYAN,Paul Ryan to be Republican Presidential Nominee in 2012,30,0.5,Jan/11/2011 10:44:21
663722,2012.REP.NOM.RYAN,Paul Ryan to be Republican Presidential Nominee in 2012,10,0.5,Jan/11/2011 10:44:21
663722,2012.REP.NOM.RYAN,Paul Ryan to be Republican Presidential Nominee in 2012,1,0.5,Jan/11/2011 10:44:21
663722,2012.REP.NOM.RYAN,Paul Ryan to be Republican Presidential Nominee in 2012,10,0.5,Jan/11/2011 10:44:21
663722,2012.REP.NOM.RYAN,Paul Ryan to be Republican Presidential Nominee in 2012,10,0.5,Jan/11/2011 10:44:21
663722,2012.REP.NOM.RYAN,Paul Ryan to be Republican Presidential Nominee in 2012,10,0.5,Jan/11/2011 10:44:21
663722,2012.REP.NOM.RYAN,Paul Ryan to be Republican Presidential Nominee in 2012,10,0.5,Jan/11/2011 10:44:21
663722,2012.REP.NOM.RYAN,Paul Ryan to be Republican Presidential Nominee in 2012,10,0.5,Jan/11/2011 10:44:21
663722,2012.REP.NOM.RYAN,Paul Ryan to be Republican Presidential Nominee in 2012,10,0.5,Jan/11/2011 10:44:21
663722,2012.REP.NOM.RYAN,Paul Ryan to be Republican Presidential Nominee in 2012,20,0.6,Jan/11/2011 22:17:03
663722,2012.REP.NOM.RYAN,Paul Ryan to be Republican Presidential Nominee in 2012,20,0.6,Jan/11/2011 22:17:12
663722,2012.REP.NOM.RYAN,Paul Ryan to be Republican Presidential Nominee in 2012,10,0.5,Jan/13/2011 03:16:03
663722,2012.REP.NOM.RYAN,Paul Ryan to be Republican Presidential Nominee in 2012,5,0.5,Jan/13/2011 03:26:04
663722,2012.REP.NOM.RYAN,Paul Ryan to be Republican Presidential Nominee in 2012,10,0.5,Jan/13/2011 03:29:01
663722,2012.REP.NOM.RYAN,Paul Ryan to be Republican Presidential Nominee in 2012,4,0.5,Jan/13/2011 03:32:52
663722,2012.REP.NOM.RYAN,Paul Ryan to be Republican Presidential Nominee in 2012,474,0.4,Jan/13/2011 05:24:39
663722,2012.REP.NOM.RYAN,Paul Ryan to be Republican Presidential Nominee in 2012,1,0.5,Jan/17/2011 20:10:32
663722,2012.REP.NOM.RYAN,Paul Ryan to be Republican Presidential Nominee in 2012,1,0.5,Jan/19/2011 13:52:57
663722,2012.REP.NOM.RYAN,Paul Ryan to be Republican Presidential Nominee in 2012,1,0.5,Jan/19/2011 13:53:03
663722,2012.REP.NOM.RYAN,Paul Ryan to be Republican Presidential Nominee in 2012,2,0.5,Jan/19/2011 13:53:34
663722,2012.REP.NOM.RYAN,Paul Ryan to be Republican Presidential Nominee in 2012,5,0.5,Jan/20/2011 15:03:55
663722,2012.REP.NOM.RYAN,Paul Ryan to be Republican Presidential Nominee in 2012,4,0.5,Jan/20/2011 15:04:27
663722,2012.REP.NOM.RYAN,Paul Ryan to be Republican Presidential Nominee in 2012,1,0.5,Jan/20/2011 15:07:50
663722,2012.REP.NOM.RYAN,Paul Ryan to be Republican Presidential Nominee in 2012,1,0.5,Jan/20/2011 15:07:56
663722,2012.REP.NOM.RYAN,Paul Ryan to be Republican Presidential Nominee in 2012,1,0.5,Jan/20/2011 15:08:26
663722,2012.REP.NOM.RYAN,Paul Ryan to be Republican Presidential Nominee in 2012,1,0.5,Jan/20/2011 15:08:32
663722,2012.REP.NOM.RYAN,Paul Ryan to be Republican Presidential Nominee in 2012,3,0.5,Jan/20/2011 15:09:07
663722,2012.REP.NOM.RYAN,Paul Ryan to be Republican Presidential Nominee in 2012,2,0.5,Jan/20/2011 15:10:17
663722,2012.REP.NOM.RYAN,Paul Ryan to be Republican Presidential Nominee in 2012,3,0.5,Jan/20/2011 15:10:23
663722,2012.REP.NOM.RYAN,Paul Ryan to be Republican Presidential Nominee in 2012,3,0.5,Jan/20/2011 15:10:53
663722,2012.REP.NOM.RYAN,Paul Ryan to be Republican Presidential Nominee in 2012,8,0.5,Jan/20/2011 15:22:44
663722,2012.REP.NOM.RYAN,Paul Ryan to be Republican Presidential Nominee in 2012,2,0.5,Jan/21/2011 17:32:58
663722,2012.REP.NOM.RYAN,Paul Ryan to be Republican Presidential Nominee in 2012,19,0.6,Jan/21/2011 18:42:30
663722,2012.REP.NOM.RYAN,Paul Ryan to be Republican Presidential Nominee in 2012,10,0.6,Jan/21/2011 18:42:30
663722,2012.REP.NOM.RYAN,Paul Ryan to be Republican Presidential Nominee in 2012,1,0.6,Jan/21/2011 18:42:30
663722,2012.REP.NOM.RYAN,Paul Ryan to be Republican Presidential Nominee in 2012,1,0.5,Jan/21/2011 19:22:27
663722,2012.REP.NOM.RYAN,Paul Ryan to be Republican Presidential Nominee in 2012,4,0.5,Jan/21/2011 19:23:37
663722,2012.REP.NOM.RYAN,Paul Ryan to be Republican Presidential Nominee in 2012,4,0.5,Jan/21/2011 19:24:08
663722,2012.REP.NOM.RYAN,Paul Ryan to be Republican Presidential Nominee in 2012,1,0.5,Jan/21/2011 19:24:43
663722,2012.REP.NOM.RYAN,Paul Ryan to be Republican Presidential Nominee in 2012,1,0.5,Jan/21/2011 19:26:13
663722,2012.REP.NOM.RYAN,Paul Ryan to be Republican Presidential Nominee in 2012,2,0.5,Jan/21/2011 19:26:19
663722,2012.REP.NOM.RYAN,Paul Ryan to be Republican Presidential Nominee in 2012,2,0.5,Jan/21/2011 19:26:21
663722,2012.REP.NOM.RYAN,Paul Ryan to be Republican Presidential Nominee in 2012,10,0.5,Jan/21/2011 19:29:39
663722,2012.REP.NOM.RYAN,Paul Ryan to be Republican Presidential Nominee in 2012,2,0.5,Jan/21/2011 21:52:06
663722,2012.REP.NOM.RYAN,Paul Ryan to be Republican Presidential Nominee in 2012,2,0.5,Jan/22/2011 00:01:33
663722,2012.REP.NOM.RYAN,Paul Ryan to be Republican Presidential Nominee in 2012,8,0.5,Jan/22/2011 00:08:05
663722,2012.REP.NOM.RYAN,Paul Ryan to be Republican Presidential Nominee in 2012,1,0.5,Jan/22/2011 00:08:11
663722,2012.REP.NOM.RYAN,Paul Ryan to be Republican Presidential Nominee in 2012,2,0.5,Jan/22/2011 00:08:11
663722,2012.REP.NOM.RYAN,Paul Ryan to be Republican Presidential Nominee in 2012,10,0.5,Jan/22/2011 03:58:50
663722,2012.REP.NOM.RYAN,Paul Ryan to be Republican Presidential Nominee in 2012,10,0.5,Jan/22/2011 04:04:57
663722,2012.REP.NOM.RYAN,Paul Ryan to be Republican Presidential Nominee in 2012,10,0.5,Jan/22/2011 15:50:05
663722,2012.REP.NOM.RYAN,Paul Ryan to be Republican Presidential Nominee in 2012,2,0.6,Jan/23/2011 03:17:35
663722,2012.REP.NOM.RYAN,Paul Ryan to be Republican Presidential Nominee in 2012,10,0.6,Jan/23/2011 03:17:35
663722,2012.REP.NOM.RYAN,Paul Ryan to be Republican Presidential Nominee in 2012,19,0.6,Jan/23/2011 03:17:35
663722,2012.REP.NOM.RYAN,Paul Ryan to be Republican Presidential Nominee in 2012,1,0.5,Jan/23/2011 16:18:29
663722,2012.REP.NOM.RYAN,Paul Ryan to be Republican Presidential Nominee in 2012,1,0.5,Jan/23/2011 16:19:00
663722,2012.REP.NOM.RYAN,Paul Ryan to be Republican Presidential Nominee in 2012,1,0.5,Jan/23/2011 16:19:25
663722,2012.REP.NOM.RYAN,Paul Ryan to be Republican Presidential Nominee in 2012,1,0.5,Jan/23/2011 16:19:32
663722,2012.REP.NOM.RYAN,Paul Ryan to be Republican Presidential Nominee in 2012,1,0.5,Jan/23/2011 16:19:38
663722,2012.REP.NOM.RYAN,Paul Ryan to be Republican Presidential Nominee in 2012,1,0.5,Jan/23/2011 16:19:59
663722,2012.REP.NOM.RYAN,Paul Ryan to be Republican Presidential Nominee in 2012,1,0.5,Jan/23/2011 16:20:55
663722,2012.REP.NOM.RYAN,Paul Ryan to be Republican Presidential Nominee in 2012,1,0.5,Jan/23/2011 16:21:00
663722,2012.REP.NOM.RYAN,Paul Ryan to be Republican Presidential Nominee in 2012,1,0.5,Jan/23/2011 16:21:06
663722,2012.REP.NOM.RYAN,Paul Ryan to be Republican Presidential Nominee in 2012,1,0.5,Jan/23/2011 16:21:43
663722,2012.REP.NOM.RYAN,Paul Ryan to be Republican Presidential Nominee in 2012,10,0.6,Jan/23/2011 16:41:25
663722,2012.REP.NOM.RYAN,Paul Ryan to be Republican Presidential Nominee in 2012,10,0.7,Jan/23/2011 20:00:53
663722,2012.REP.NOM.RYAN,Paul Ryan to be Republican Presidential Nominee in 2012,10,0.8,Jan/23/2011 20:00:53
663722,2012.REP.NOM.RYAN,Paul Ryan to be Republican Presidential Nominee in 2012,1,0.7,Jan/23/2011 20:00:53
663722,2012.REP.NOM.RYAN,Paul Ryan to be Republican Presidential Nominee in 2012,1,0.8,Jan/23/2011 20:00:53
663722,2012.REP.NOM.RYAN,Paul Ryan to be Republican Presidential Nominee in 2012,10,0.8,Jan/23/2011 20:00:53
663722,2012.REP.NOM.RYAN,Paul Ryan to be Republican Presidential Nominee in 2012,10,0.8,Jan/23/2011 20:00:53
663722,2012.REP.NOM.RYAN,Paul Ryan to be Republican Presidential Nominee in 2012,10,0.7,Jan/23/2011 20:00:53
663722,2012.REP.NOM.RYAN,Paul Ryan to be Republican Presidential Nominee in 2012,1,0.9,Jan/23/2011 20:00:53
663722,2012.REP.NOM.RYAN,Paul Ryan to be Republican Presidential Nominee in 2012,10,0.9,Jan/23/2011 20:00:53
663722,2012.REP.NOM.RYAN,Paul Ryan to be Republican Presidential Nominee in 2012,10,0.9,Jan/23/2011 20:00:53
663722,2012.REP.NOM.RYAN,Paul Ryan to be Republican Presidential Nominee in 2012,10,0.9,Jan/23/2011 20:00:53
663722,2012.REP.NOM.RYAN,Paul Ryan to be Republican Presidential Nominee in 2012,10,0.9,Jan/23/2011 20:00:53
663722,2012.REP.NOM.RYAN,Paul Ryan to be Republican Presidential Nominee in 2012,10,0.9,Jan/23/2011 20:00:53
663722,2012.REP.NOM.RYAN,Paul Ryan to be Republican Presidential Nominee in 2012,10,0.8,Jan/23/2011 20:00:53
663722,2012.REP.NOM.RYAN,Paul Ryan to be Republican Presidential Nominee in 2012,10,0.9,Jan/23/2011 20:00:53
663722,2012.REP.NOM.RYAN,Paul Ryan to be Republican Presidential Nominee in 2012,10,0.9,Jan/23/2011 20:00:53
663722,2012.REP.NOM.RYAN,Paul Ryan to be Republican Presidential Nominee in 2012,10,0.9,Jan/23/2011 20:00:53
663722,2012.REP.NOM.RYAN,Paul Ryan to be Republican Presidential Nominee in 2012,10,0.9,Jan/23/2011 20:00:53
663722,2012.REP.NOM.RYAN,Paul Ryan to be Republican Presidential Nominee in 2012,10,0.9,Jan/23/2011 20:00:53
663722,2012.REP.NOM.RYAN,Paul Ryan to be Republican Presidential Nominee in 2012,10,0.8,Jan/23/2011 20:00:53
663722,2012.REP.NOM.RYAN,Paul Ryan to be Republican Presidential Nominee in 2012,10,0.8,Jan/23/2011 20:00:53
663722,2012.REP.NOM.RYAN,Paul Ryan to be Republican Presidential Nominee in 2012,10,0.7,Jan/23/2011 20:00:53
663722,2012.REP.NOM.RYAN,Paul Ryan to be Republican Presidential Nominee in 2012,7,0.9,Jan/23/2011 20:00:53
663722,2012.REP.NOM.RYAN,Paul Ryan to be Republican Presidential Nominee in 2012,90,0.8,Jan/24/2011 22:08:18
663722,2012.REP.NOM.RYAN,Paul Ryan to be Republican Presidential Nominee in 2012,10,0.7,Jan/24/2011 22:08:18
663722,2012.REP.NOM.RYAN,Paul Ryan to be Republican Presidential Nominee in 2012,5,0.8,Jan/24/2011 22:11:35
663722,2012.REP.NOM.RYAN,Paul Ryan to be Republican Presidential Nominee in 2012,10,0.7,Jan/24/2011 23:32:30
663722,2012.REP.NOM.RYAN,Paul Ryan to be Republican Presidential Nominee in 2012,10,0.7,Jan/24/2011 23:49:31
663722,2012.REP.NOM.RYAN,Paul Ryan to be Republican Presidential Nominee in 2012,10,0.7,Jan/24/2011 23:55:13
663722,2012.REP.NOM.RYAN,Paul Ryan to be Republican Presidential Nominee in 2012,10,0.7,Jan/24/2011 23:57:21
663722,2012.REP.NOM.RYAN,Paul Ryan to be Republican Presidential Nominee in 2012,1,0.6,Jan/25/2011 11:31:16
663722,2012.REP.NOM.RYAN,Paul Ryan to be Republican Presidential Nominee in 2012,2,0.6,Jan/25/2011 11:31:22
663722,2012.REP.NOM.RYAN,Paul Ryan to be Republican Presidential Nominee in 2012,2,0.5,Jan/25/2011 11:31:28
663722,2012.REP.NOM.RYAN,Paul Ryan to be Republican Presidential Nominee in 2012,2,0.5,Jan/25/2011 11:31:34
663722,2012.REP.NOM.RYAN,Paul Ryan to be Republican Presidential Nominee in 2012,3,0.9,Jan/25/2011 13:39:37
663722,2012.REP.NOM.RYAN,Paul Ryan to be Republican Presidential Nominee in 2012,10,0.9,Jan/25/2011 13:39:37
663722,2012.REP.NOM.RYAN,Paul Ryan to be Republican Presidential Nominee in 2012,3,0.9,Jan/25/2011 17:52:51
663722,2012.REP.NOM.RYAN,Paul Ryan to be Republican Presidential Nominee in 2012,10,1.0,Jan/25/2011 17:53:14
663722,2012.REP.NOM.RYAN,Paul Ryan to be Republican Presidential Nominee in 2012,10,1.0,Jan/25/2011 17:53:14
663722,2012.REP.NOM.RYAN,Paul Ryan to be Republican Presidential Nominee in 2012,10,1.0,Jan/25/2011 17:53:14
663722,2012.REP.NOM.RYAN,Paul Ryan to be Republican Presidential Nominee in 2012,10,1.0,Jan/25/2011 17:53:14
663722,2012.REP.NOM.RYAN,Paul Ryan to be Republican Presidential Nominee in 2012,1,1.0,Jan/25/2011 17:53:14
663722,2012.REP.NOM.RYAN,Paul Ryan to be Republican Presidential Nominee in 2012,10,1.0,Jan/25/2011 17:53:14
663722,2012.REP.NOM.RYAN,Paul Ryan to be Republican Presidential Nominee in 2012,10,1.0,Jan/25/2011 17:53:14
663722,2012.REP.NOM.RYAN,Paul Ryan to be Republican Presidential Nominee in 2012,10,1.0,Jan/25/2011 17:53:14
663722,2012.REP.NOM.RYAN,Paul Ryan to be Republican Presidential Nominee in 2012,10,1.0,Jan/25/2011 17:53:14
663722,2012.REP.NOM.RYAN,Paul Ryan to be Republican Presidential Nominee in 2012,10,1.0,Jan/25/2011 17:53:14
663722,2012.REP.NOM.RYAN,Paul Ryan to be Republican Presidential Nominee in 2012,10,1.0,Jan/25/2011 17:53:14
663722,2012.REP.NOM.RYAN,Paul Ryan to be Republican Presidential Nominee in 2012,10,1.0,Jan/25/2011 17:53:14
663722,2012.REP.NOM.RYAN,Paul Ryan to be Republican Presidential Nominee in 2012,10,1.0,Jan/25/2011 17:53:14
663722,2012.REP.NOM.RYAN,Paul Ryan to be Republican Presidential Nominee in 2012,1,1.1,Jan/25/2011 17:54:10
663722,2012.REP.NOM.RYAN,Paul Ryan to be Republican Presidential Nominee in 2012,1,1.2,Jan/25/2011 17:54:39
663722,2012.REP.NOM.RYAN,Paul Ryan to be Republican Presidential Nominee in 2012,44,1.3,Jan/25/2011 17:55:15
663722,2012.REP.NOM.RYAN,Paul Ryan to be Republican Presidential Nominee in 2012,10,1.3,Jan/25/2011 17:55:15
663722,2012.REP.NOM.RYAN,Paul Ryan to be Republican Presidential Nominee in 2012,5,1.4,Jan/25/2011 18:05:31
663722,2012.REP.NOM.RYAN,Paul Ryan to be Republican Presidential Nominee in 2012,5,1.4,Jan/25/2011 18:05:31
663722,2012.REP.NOM.RYAN,Paul Ryan to be Republican Presidential Nominee in 2012,10,1.4,Jan/25/2011 18:56:01
663722,2012.REP.NOM.RYAN,Paul Ryan to be Republican Presidential Nominee in 2012,20,1.0,Jan/26/2011 03:31:36
663722,2012.REP.NOM.RYAN,Paul Ryan to be Republican Presidential Nominee in 2012,70,1.0,Jan/26/2011 03:32:22
663722,2012.REP.NOM.RYAN,Paul Ryan to be Republican Presidential Nominee in 2012,8,1.0,Jan/26/2011 03:33:46
663722,2012.REP.NOM.RYAN,Paul Ryan to be Republican Presidential Nominee in 2012,15,1.0,Jan/26/2011 05:30:04
663722,2012.REP.NOM.RYAN,Paul Ryan to be Republican Presidential Nominee in 2012,80,1.0,Jan/26/2011 06:33:04
663722,2012.REP.NOM.RYAN,Paul Ryan to be Republican Presidential Nominee in 2012,7,1.0,Jan/26/2011 07:14:31
663722,2012.REP.NOM.RYAN,Paul Ryan to be Republican Presidential Nominee in 2012,10,0.8,Jan/26/2011 15:49:57
663722,2012.REP.NOM.RYAN,Paul Ryan to be Republican Presidential Nominee in 2012,82,0.6,Jan/26/2011 16:39:03
663722,2012.REP.NOM.RYAN,Paul Ryan to be Republican Presidential Nominee in 2012,5,0.6,Jan/26/2011 22:02:03
663722,2012.REP.NOM.RYAN,Paul Ryan to be Republican Presidential Nominee in 2012,337,0.9,Jan/26/2011 22:53:33
663722,2012.REP.NOM.RYAN,Paul Ryan to be Republican Presidential Nominee in 2012,71,0.8,Jan/26/2011 22:53:33
663722,2012.REP.NOM.RYAN,Paul Ryan to be Republican Presidential Nominee in 2012,60,0.7,Jan/28/2011 09:31:20
663722,2012.REP.NOM.RYAN,Paul Ryan to be Republican Presidential Nominee in 2012,10,0.8,Jan/31/2011 13:34:18
663722,2012.REP.NOM.RYAN,Paul Ryan to be Republican Presidential Nominee in 2012,10,0.8,Jan/31/2011 13:34:18
663722,2012.REP.NOM.RYAN,Paul Ryan to be Republican Presidential Nominee in 2012,1,0.8,Jan/31/2011 13:34:18
663722,2012.REP.NOM.RYAN,Paul Ryan to be Republican Presidential Nominee in 2012,10,0.8,Jan/31/2011 13:34:18
663722,2012.REP.NOM.RYAN,Paul Ryan to be Republican Presidential Nominee in 2012,10,0.8,Jan/31/2011 13:34:18
663722,2012.REP.NOM.RYAN,Paul Ryan to be Republican Presidential Nominee in 2012,10,0.8,Jan/31/2011 13:34:18
663722,2012.REP.NOM.RYAN,Paul Ryan to be Republican Presidential Nominee in 2012,5,0.7,Feb/01/2011 03:37:13
663722,2012.REP.NOM.RYAN,Paul Ryan to be Republican Presidential Nominee in 2012,10,0.8,Feb/01/2011 12:23:45
663722,2012.REP.NOM.RYAN,Paul Ryan to be Republican Presidential Nominee in 2012,10,0.8,Feb/01/2011 12:23:45
663722,2012.REP.NOM.RYAN,Paul Ryan to be Republican Presidential Nominee in 2012,10,0.8,Feb/01/2011 12:23:45
663722,2012.REP.NOM.RYAN,Paul Ryan to be Republican Presidential Nominee in 2012,10,0.8,Feb/01/2011 12:23:45
663722,2012.REP.NOM.RYAN,Paul Ryan to be Republican Presidential Nominee in 2012,10,0.8,Feb/01/2011 12:23:45
663722,2012.REP.NOM.RYAN,Paul Ryan to be Republican Presidential Nominee in 2012,10,0.8,Feb/01/2011 12:23:45
663722,2012.REP.NOM.RYAN,Paul Ryan to be Republican Presidential Nominee in 2012,10,0.8,Feb/01/2011 12:23:45
663722,2012.REP.NOM.RYAN,Paul Ryan to be Republican Presidential Nominee in 2012,100,0.7,Feb/01/2011 13:51:00
663722,2012.REP.NOM.RYAN,Paul Ryan to be Republican Presidential Nominee in 2012,10,0.8,Feb/02/2011 06:45:22
663722,2012.REP.NOM.RYAN,Paul Ryan to be Republican Presidential Nominee in 2012,90,0.8,Feb/02/2011 06:45:22
663722,2012.REP.NOM.RYAN,Paul Ryan to be Republican Presidential Nominee in 2012,20,0.8,Feb/02/2011 06:45:22
663722,2012.REP.NOM.RYAN,Paul Ryan to be Republican Presidential Nominee in 2012,1,0.7,Feb/03/2011 22:20:30
663722,2012.REP.NOM.RYAN,Paul Ryan to be Republican Presidential Nominee in 2012,334,0.7,Feb/04/2011 21:42:48
663722,2012.REP.NOM.RYAN,Paul Ryan to be Republican Presidential Nominee in 2012,74,0.7,Feb/04/2011 21:42:48
663722,2012.REP.NOM.RYAN,Paul Ryan to be Republican Presidential Nominee in 2012,1,0.7,Feb/04/2011 22:04:10
663722,2012.REP.NOM.RYAN,Paul Ryan to be Republican Presidential Nominee in 2012,1,0.7,Feb/04/2011 22:47:04
663722,2012.REP.NOM.RYAN,Paul Ryan to be Republican Presidential Nominee in 2012,3,0.6,Feb/06/2011 19:05:14
663722,2012.REP.NOM.RYAN,Paul Ryan to be Republican Presidential Nominee in 2012,49,0.6,Feb/06/2011 22:32:47
663722,2012.REP.NOM.RYAN,Paul Ryan to be Republican Presidential Nominee in 2012,9,0.6,Feb/06/2011 22:33:11
663722,2012.REP.NOM.RYAN,Paul Ryan to be Republican Presidential Nominee in 2012,5,0.6,Feb/07/2011 06:59:47
663722,2012.REP.NOM.RYAN,Paul Ryan to be Republican Presidential Nominee in 2012,5,0.6,Feb/07/2011 07:12:32
663722,2012.REP.NOM.RYAN,Paul Ryan to be Republican Presidential Nominee in 2012,2,0.6,Feb/07/2011 21:45:40
663722,2012.REP.NOM.RYAN,Paul Ryan to be Republican Presidential Nominee in 2012,1,0.6,Feb/07/2011 21:45:46
663722,2012.REP.NOM.RYAN,Paul Ryan to be Republican Presidential Nominee in 2012,1,0.6,Feb/07/2011 21:45:52
663722,2012.REP.NOM.RYAN,Paul Ryan to be Republican Presidential Nominee in 2012,1,0.6,Feb/07/2011 21:50:56
663722,2012.REP.NOM.RYAN,Paul Ryan to be Republican Presidential Nominee in 2012,1,0.6,Feb/07/2011 21:51:02
663722,2012.REP.NOM.RYAN,Paul Ryan to be Republican Presidential Nominee in 2012,1,0.6,Feb/08/2011 16:34:35
663722,2012.REP.NOM.RYAN,Paul Ryan to be Republican Presidential Nominee in 2012,1,0.9,Feb/08/2011 23:23:18
663722,2012.REP.NOM.RYAN,Paul Ryan to be Republican Presidential Nominee in 2012,20,0.8,Feb/08/2011 23:23:18
663722,2012.REP.NOM.RYAN,Paul Ryan to be Republican Presidential Nominee in 2012,1,0.8,Feb/08/2011 23:23:18
663722,2012.REP.NOM.RYAN,Paul Ryan to be Republican Presidential Nominee in 2012,20,0.8,Feb/08/2011 23:23:18
663722,2012.REP.NOM.RYAN,Paul Ryan to be Republican Presidential Nominee in 2012,20,0.8,Feb/08/2011 23:23:18
663722,2012.REP.NOM.RYAN,Paul Ryan to be Republican Presidential Nominee in 2012,20,0.8,Feb/08/2011 23:23:18
663722,2012.REP.NOM.RYAN,Paul Ryan to be Republican Presidential Nominee in 2012,20,0.8,Feb/08/2011 23:23:18
663722,2012.REP.NOM.RYAN,Paul Ryan to be Republican Presidential Nominee in 2012,20,0.8,Feb/08/2011 23:23:18
663722,2012.REP.NOM.RYAN,Paul Ryan to be Republican Presidential Nominee in 2012,20,0.8,Feb/08/2011 23:23:18
663722,2012.REP.NOM.RYAN,Paul Ryan to be Republican Presidential Nominee in 2012,20,0.8,Feb/08/2011 23:23:18
663722,2012.REP.NOM.RYAN,Paul Ryan to be Republican Presidential Nominee in 2012,19,0.7,Feb/08/2011 23:23:18
663722,2012.REP.NOM.RYAN,Paul Ryan to be Republican Presidential Nominee in 2012,73,0.8,Feb/08/2011 23:23:18
663722,2012.REP.NOM.RYAN,Paul Ryan to be Republican Presidential Nominee in 2012,20,0.7,Feb/08/2011 23:23:18
663722,2012.REP.NOM.RYAN,Paul Ryan to be Republican Presidential Nominee in 2012,20,0.7,Feb/08/2011 23:23:18
663722,2012.REP.NOM.RYAN,Paul Ryan to be Republican Presidential Nominee in 2012,1,0.7,Feb/08/2011 23:23:18
663722,2012.REP.NOM.RYAN,Paul Ryan to be Republican Presidential Nominee in 2012,20,0.7,Feb/08/2011 23:23:18
663722,2012.REP.NOM.RYAN,Paul Ryan to be Republican Presidential Nominee in 2012,20,0.7,Feb/08/2011 23:23:18
663722,2012.REP.NOM.RYAN,Paul Ryan to be Republican Presidential Nominee in 2012,7,0.9,Feb/09/2011 03:02:37
663722,2012.REP.NOM.RYAN,Paul Ryan to be Republican Presidential Nominee in 2012,5,1.0,Feb/09/2011 03:02:37
663722,2012.REP.NOM.RYAN,Paul Ryan to be Republican Presidential Nominee in 2012,10,1.0,Feb/09/2011 03:02:37
663722,2012.REP.NOM.RYAN,Paul Ryan to be Republican Presidential Nominee in 2012,10,1.0,Feb/09/2011 03:02:37
663722,2012.REP.NOM.RYAN,Paul Ryan to be Republican Presidential Nominee in 2012,10,0.9,Feb/09/2011 03:02:37
663722,2012.REP.NOM.RYAN,Paul Ryan to be Republican Presidential Nominee in 2012,10,0.9,Feb/09/2011 03:02:37
663722,2012.REP.NOM.RYAN,Paul Ryan to be Republican Presidential Nominee in 2012,10,1.1,Feb/09/2011 03:02:37
663722,2012.REP.NOM.RYAN,Paul Ryan to be Republican Presidential Nominee in 2012,77,1.2,Feb/09/2011 03:02:37
663722,2012.REP.NOM.RYAN,Paul Ryan to be Republican Presidential Nominee in 2012,1,1.1,Feb/09/2011 03:02:37
663722,2012.REP.NOM.RYAN,Paul Ryan to be Republican Presidential Nominee in 2012,10,1.1,Feb/09/2011 03:02:37
663722,2012.REP.NOM.RYAN,Paul Ryan to be Republican Presidential Nominee in 2012,10,1.1,Feb/09/2011 03:02:37
663722,2012.REP.NOM.RYAN,Paul Ryan to be Republican Presidential Nominee in 2012,10,1.1,Feb/09/2011 03:02:37
663722,2012.REP.NOM.RYAN,Paul Ryan to be Republican Presidential Nominee in 2012,10,1.1,Feb/09/2011 03:02:37
663722,2012.REP.NOM.RYAN,Paul Ryan to be Republican Presidential Nominee in 2012,10,1.1,Feb/09/2011 03:02:37
663722,2012.REP.NOM.RYAN,Paul Ryan to be Republican Presidential Nominee in 2012,5,1.5,Feb/09/2011 03:03:22
663722,2012.REP.NOM.RYAN,Paul Ryan to be Republican Presidential Nominee in 2012,7,1.5,Feb/09/2011 03:03:22
663722,2012.REP.NOM.RYAN,Paul Ryan to be Republican Presidential Nominee in 2012,10,1.5,Feb/09/2011 03:03:22
663722,2012.REP.NOM.RYAN,Paul Ryan to be Republican Presidential Nominee in 2012,10,1.4,Feb/09/2011 03:03:22
663722,2012.REP.NOM.RYAN,Paul Ryan to be Republican Presidential Nominee in 2012,8,1.4,Feb/09/2011 03:03:22
663722,2012.REP.NOM.RYAN,Paul Ryan to be Republican Presidential Nominee in 2012,1,1.4,Feb/09/2011 03:03:22
663722,2012.REP.NOM.RYAN,Paul Ryan to be Republican Presidential Nominee in 2012,1,1.3,Feb/09/2011 03:03:22
663722,2012.REP.NOM.RYAN,Paul Ryan to be Republican Presidential Nominee in 2012,41,1.2,Feb/09/2011 03:03:22
663722,2012.REP.NOM.RYAN,Paul Ryan to be Republican Presidential Nominee in 2012,5,1.2,Feb/09/2011 03:03:22
663722,2012.REP.NOM.RYAN,Paul Ryan to be Republican Presidential Nominee in 2012,12,1.5,Feb/09/2011 03:14:28
663722,2012.REP.NOM.RYAN,Paul Ryan to be Republican Presidential Nominee in 2012,1,1.0,Feb/09/2011 13:50:55
663722,2012.REP.NOM.RYAN,Paul Ryan to be Republican Presidential Nominee in 2012,5,1.4,Feb/10/2011 07:54:38
663722,2012.REP.NOM.RYAN,Paul Ryan to be Republican Presidential Nominee in 2012,20,1.4,Feb/10/2011 07:54:38
663722,2012.REP.NOM.RYAN,Paul Ryan to be Republican Presidential Nominee in 2012,4,1.0,Feb/10/2011 16:19:16
663722,2012.REP.NOM.RYAN,Paul Ryan to be Republican Presidential Nominee in 2012,4,1.0,Feb/10/2011 16:19:16
663722,2012.REP.NOM.RYAN,Paul Ryan to be Republican Presidential Nominee in 2012,20,1.1,Feb/12/2011 22:29:18
663722,2012.REP.NOM.RYAN,Paul Ryan to be Republican Presidential Nominee in 2012,10,1.1,Feb/12/2011 22:29:18
663722,2012.REP.NOM.RYAN,Paul Ryan to be Republican Presidential Nominee in 2012,10,1.2,Feb/13/2011 15:38:51
663722,2012.REP.NOM.RYAN,Paul Ryan to be Republican Presidential Nominee in 2012,20,1.2,Feb/13/2011 15:38:51
663722,2012.REP.NOM.RYAN,Paul Ryan to be Republican Presidential Nominee in 2012,8,1.2,Feb/13/2011 15:38:51
663722,2012.REP.NOM.RYAN,Paul Ryan to be Republican Presidential Nominee in 2012,96,1.0,Feb/15/2011 00:42:05
663722,2012.REP.NOM.RYAN,Paul Ryan to be Republican Presidential Nominee in 2012,220,1.1,Feb/15/2011 00:42:05
663722,2012.REP.NOM.RYAN,Paul Ryan to be Republican Presidential Nominee in 2012,5,0.9,Feb/15/2011 13:01:40
663722,2012.REP.NOM.RYAN,Paul Ryan to be Republican Presidential Nominee in 2012,12,1.2,Feb/15/2011 20:05:30
663722,2012.REP.NOM.RYAN,Paul Ryan to be Republican Presidential Nominee in 2012,20,1.2,Feb/15/2011 20:05:30
663722,2012.REP.NOM.RYAN,Paul Ryan to be Republican Presidential Nominee in 2012,20,1.2,Feb/15/2011 20:05:30
663722,2012.REP.NOM.RYAN,Paul Ryan to be Republican Presidential Nominee in 2012,19,1.2,Feb/15/2011 20:05:30
663722,2012.REP.NOM.RYAN,Paul Ryan to be Republican Presidential Nominee in 2012,1,1.1,Feb/15/2011 20:05:30
663722,2012.REP.NOM.RYAN,Paul Ryan to be Republican Presidential Nominee in 2012,20,1.0,Feb/16/2011 16:33:17
663722,2012.REP.NOM.RYAN,Paul Ryan to be Republican Presidential Nominee in 2012,1,0.9,Feb/17/2011 06:18:54
663722,2012.REP.NOM.RYAN,Paul Ryan to be Republican Presidential Nominee in 2012,1,0.9,Feb/17/2011 14:52:31
663722,2012.REP.NOM.RYAN,Paul Ryan to be Republican Presidential Nominee in 2012,1,0.9,Feb/17/2011 14:53:47
663722,2012.REP.NOM.RYAN,Paul Ryan to be Republican Presidential Nominee in 2012,3,0.9,Feb/17/2011 14:53:57
663722,2012.REP.NOM.RYAN,Paul Ryan to be Republican Presidential Nominee in 2012,4,0.9,Feb/17/2011 14:54:22
663722,2012.REP.NOM.RYAN,Paul Ryan to be Republican Presidential Nominee in 2012,25,1.0,Feb/19/2011 01:36:23
663722,2012.REP.NOM.RYAN,Paul Ryan to be Republican Presidential Nominee in 2012,20,0.9,Feb/19/2011 22:40:22
663722,2012.REP.NOM.RYAN,Paul Ryan to be Republican Presidential Nominee in 2012,20,0.9,Feb/19/2011 22:40:22
663722,2012.REP.NOM.RYAN,Paul Ryan to be Republican Presidential Nominee in 2012,30,0.8,Feb/20/2011 05:45:59
663722,2012.REP.NOM.RYAN,Paul Ryan to be Republican Presidential Nominee in 2012,11,0.8,Feb/20/2011 06:36:59
663722,2012.REP.NOM.RYAN,Paul Ryan to be Republican Presidential Nominee in 2012,5,0.8,Feb/20/2011 12:49:37
663722,2012.REP.NOM.RYAN,Paul Ryan to be Republican Presidential Nominee in 2012,8,0.8,Feb/20/2011 18:27:54
663722,2012.REP.NOM.RYAN,Paul Ryan to be Republican Presidential Nominee in 2012,20,0.9,Feb/20/2011 18:28:43
663722,2012.REP.NOM.RYAN,Paul Ryan to be Republican Presidential Nominee in 2012,20,0.9,Feb/20/2011 18:28:43
663722,2012.REP.NOM.RYAN,Paul Ryan to be Republican Presidential Nominee in 2012,10,0.9,Feb/20/2011 18:28:43
663722,2012.REP.NOM.RYAN,Paul Ryan to be Republican Presidential Nominee in 2012,16,0.9,Feb/20/2011 18:29:36
663722,2012.REP.NOM.RYAN,Paul Ryan to be Republican Presidential Nominee in 2012,9,0.9,Feb/20/2011 18:29:36
663722,2012.REP.NOM.RYAN,Paul Ryan to be Republican Presidential Nominee in 2012,15,1.0,Feb/20/2011 18:30:48
663722,2012.REP.NOM.RYAN,Paul Ryan to be Republican Presidential Nominee in 2012,20,1.0,Feb/20/2011 18:32:08
663722,2012.REP.NOM.RYAN,Paul Ryan to be Republican Presidential Nominee in 2012,20,1.0,Feb/20/2011 18:32:08
663722,2012.REP.NOM.RYAN,Paul Ryan to be Republican Presidential Nominee in 2012,1,1.0,Feb/20/2011 18:32:08
663722,2012.REP.NOM.RYAN,Paul Ryan to be Republican Presidential Nominee in 2012,9,1.0,Feb/20/2011 18:32:08
663722,2012.REP.NOM.RYAN,Paul Ryan to be Republican Presidential Nominee in 2012,9,1.1,Feb/20/2011 18:32:55
663722,2012.REP.NOM.RYAN,Paul Ryan to be Republican Presidential Nominee in 2012,1,1.0,Feb/22/2011 16:22:44
663722,2012.REP.NOM.RYAN,Paul Ryan to be Republican Presidential Nominee in 2012,1,1.0,Feb/22/2011 16:22:49
663722,2012.REP.NOM.RYAN,Paul Ryan to be Republican Presidential Nominee in 2012,98,1.0,Feb/23/2011 00:20:02
663722,2012.REP.NOM.RYAN,Paul Ryan to be Republican Presidential Nominee in 2012,5,1.1,Feb/23/2011 00:26:26
663722,2012.REP.NOM.RYAN,Paul Ryan to be Republican Presidential Nominee in 2012,1,0.9,Feb/24/2011 16:11:03
663722,2012.REP.NOM.RYAN,Paul Ryan to be Republican Presidential Nominee in 2012,38,0.8,Feb/25/2011 19:21:04
663722,2012.REP.NOM.RYAN,Paul Ryan to be Republican Presidential Nominee in 2012,37,0.7,Feb/25/2011 20:56:56
663722,2012.REP.NOM.RYAN,Paul Ryan to be Republican Presidential Nominee in 2012,43,0.7,Feb/25/2011 23:24:26
663722,2012.REP.NOM.RYAN,Paul Ryan to be Republican Presidential Nominee in 2012,300,0.6,Feb/28/2011 17:14:49
663722,2012.REP.NOM.RYAN,Paul Ryan to be Republican Presidential Nominee in 2012,10,0.7,Feb/28/2011 18:42:31
663722,2012.REP.NOM.RYAN,Paul Ryan to be Republican Presidential Nominee in 2012,40,0.7,Feb/28/2011 20:48:43
663722,2012.REP.NOM.RYAN,Paul Ryan to be Republican Presidential Nominee in 2012,20,0.7,Mar/03/2011 02:26:03
663722,2012.REP.NOM.RYAN,Paul Ryan to be Republican Presidential Nominee in 2012,21,0.7,Mar/05/2011 13:47:59
663722,2012.REP.NOM.RYAN,Paul Ryan to be Republican Presidential Nominee in 2012,20,0.7,Mar/05/2011 13:47:59
663722,2012.REP.NOM.RYAN,Paul Ryan to be Republican Presidential Nominee in 2012,20,0.7,Mar/05/2011 13:47:59
663722,2012.REP.NOM.RYAN,Paul Ryan to be Republican Presidential Nominee in 2012,20,0.7,Mar/05/2011 13:47:59
663722,2012.REP.NOM.RYAN,Paul Ryan to be Republican Presidential Nominee in 2012,20,0.7,Mar/05/2011 13:47:59
663722,2012.REP.NOM.RYAN,Paul Ryan to be Republican Presidential Nominee in 2012,20,0.7,Mar/05/2011 13:47:59
663722,2012.REP.NOM.RYAN,Paul Ryan to be Republican Presidential Nominee in 2012,20,0.7,Mar/05/2011 13:47:59
663722,2012.REP.NOM.RYAN,Paul Ryan to be Republican Presidential Nominee in 2012,33,0.8,Mar/06/2011 00:55:01
663722,2012.REP.NOM.RYAN,Paul Ryan to be Republican Presidential Nominee in 2012,37,0.8,Mar/06/2011 00:55:01
663722,2012.REP.NOM.RYAN,Paul Ryan to be Republican Presidential Nominee in 2012,1,0.7,Mar/08/2011 12:39:56
663722,2012.REP.NOM.RYAN,Paul Ryan to be Republican Presidential Nominee in 2012,1,0.7,Mar/08/2011 12:41:45
663722,2012.REP.NOM.RYAN,Paul Ryan to be Republican Presidential Nominee in 2012,1,0.7,Mar/08/2011 12:41:51
663722,2012.REP.NOM.RYAN,Paul Ryan to be Republican Presidential Nominee in 2012,1,0.7,Mar/08/2011 12:43:32
663722,2012.REP.NOM.RYAN,Paul Ryan to be Republican Presidential Nominee in 2012,50,0.7,Mar/09/2011 06:04:29
663722,2012.REP.NOM.RYAN,Paul Ryan to be Republican Presidential Nominee in 2012,3,0.8,Mar/09/2011 17:01:41
663722,2012.REP.NOM.RYAN,Paul Ryan to be Republican Presidential Nominee in 2012,20,0.8,Mar/09/2011 17:01:41
663722,2012.REP.NOM.RYAN,Paul Ryan to be Republican Presidential Nominee in 2012,20,0.8,Mar/09/2011 17:01:41
663722,2012.REP.NOM.RYAN,Paul Ryan to be Republican Presidential Nominee in 2012,20,0.8,Mar/09/2011 17:01:41
663722,2012.REP.NOM.RYAN,Paul Ryan to be Republican Presidential Nominee in 2012,20,0.8,Mar/09/2011 17:01:41
663722,2012.REP.NOM.RYAN,Paul Ryan to be Republican Presidential Nominee in 2012,20,0.8,Mar/09/2011 17:01:41
663722,2012.REP.NOM.RYAN,Paul Ryan to be Republican Presidential Nominee in 2012,20,0.8,Mar/09/2011 17:01:41
663722,2012.REP.NOM.RYAN,Paul Ryan to be Republican Presidential Nominee in 2012,20,0.8,Mar/09/2011 17:01:41
663722,2012.REP.NOM.RYAN,Paul Ryan to be Republican Presidential Nominee in 2012,100,0.8,Mar/09/2011 18:25:07
663722,2012.REP.NOM.RYAN,Paul Ryan to be Republican Presidential Nominee in 2012,35,0.9,Mar/12/2011 21:06:44
663722,2012.REP.NOM.RYAN,Paul Ryan to be Republican Presidential Nominee in 2012,20,0.9,Mar/12/2011 21:06:44
663722,2012.REP.NOM.RYAN,Paul Ryan to be Republican Presidential Nominee in 2012,20,0.9,Mar/12/2011 21:06:44
663722,2012.REP.NOM.RYAN,Paul Ryan to be Republican Presidential Nominee in 2012,20,0.9,Mar/12/2011 21:06:44
663722,2012.REP.NOM.RYAN,Paul Ryan to be Republican Presidential Nominee in 2012,20,0.9,Mar/12/2011 21:06:44
663722,2012.REP.NOM.RYAN,Paul Ryan to be Republican Presidential Nominee in 2012,20,0.9,Mar/12/2011 21:06:44
663722,2012.REP.NOM.RYAN,Paul Ryan to be Republican Presidential Nominee in 2012,20,0.9,Mar/12/2011 21:06:44
663722,2012.REP.NOM.RYAN,Paul Ryan to be Republican Presidential Nominee in 2012,20,0.9,Mar/12/2011 21:06:44
663722,2012.REP.NOM.RYAN,Paul Ryan to be Republican Presidential Nominee in 2012,20,0.9,Mar/12/2011 21:06:44
663722,2012.REP.NOM.RYAN,Paul Ryan to be Republican Presidential Nominee in 2012,1,1.0,Mar/13/2011 21:51:38
663722,2012.REP.NOM.RYAN,Paul Ryan to be Republican Presidential Nominee in 2012,20,1.0,Mar/13/2011 21:51:38
663722,2012.REP.NOM.RYAN,Paul Ryan to be Republican Presidential Nominee in 2012,3,1.0,Mar/13/2011 21:51:38
663722,2012.REP.NOM.RYAN,Paul Ryan to be Republican Presidential Nominee in 2012,55,0.7,Mar/14/2011 00:44:11
663722,2012.REP.NOM.RYAN,Paul Ryan to be Republican Presidential Nominee in 2012,20,0.7,Mar/14/2011 00:44:11
663722,2012.REP.NOM.RYAN,Paul Ryan to be Republican Presidential Nominee in 2012,7,0.8,Mar/14/2011 00:44:11
663722,2012.REP.NOM.RYAN,Paul Ryan to be Republican Presidential Nominee in 2012,50,0.8,Mar/14/2011 00:44:11
663722,2012.REP.NOM.RYAN,Paul Ryan to be Republican Presidential Nominee in 2012,37,0.8,Mar/14/2011 00:44:11
663722,2012.REP.NOM.RYAN,Paul Ryan to be Republican Presidential Nominee in 2012,4,0.8,Mar/14/2011 00:44:11
663722,2012.REP.NOM.RYAN,Paul Ryan to be Republican Presidential Nominee in 2012,1,0.7,Mar/14/2011 15:19:41
663722,2012.REP.NOM.RYAN,Paul Ryan to be Republican Presidential Nominee in 2012,1,0.7,Mar/14/2011 15:19:46
663722,2012.REP.NOM.RYAN,Paul Ryan to be Republican Presidential Nominee in 2012,2,0.7,Mar/14/2011 15:21:02
663722,2012.REP.NOM.RYAN,Paul Ryan to be Republican Presidential Nominee in 2012,50,0.8,Mar/15/2011 00:32:23
663722,2012.REP.NOM.RYAN,Paul Ryan to be Republican Presidential Nominee in 2012,20,0.8,Mar/15/2011 00:32:23
663722,2012.REP.NOM.RYAN,Paul Ryan to be Republican Presidential Nominee in 2012,6,0.8,Mar/15/2011 00:32:23
663722,2012.REP.NOM.RYAN,Paul Ryan to be Republican Presidential Nominee in 2012,14,0.8,Mar/15/2011 08:08:23
663722,2012.REP.NOM.RYAN,Paul Ryan to be Republican Presidential Nominee in 2012,10,0.8,Mar/19/2011 16:08:38
663722,2012.REP.NOM.RYAN,Paul Ryan to be Republican Presidential Nominee in 2012,100,0.8,Mar/19/2011 20:04:36
663722,2012.REP.NOM.RYAN,Paul Ryan to be Republican Presidential Nominee in 2012,100,0.8,Mar/19/2011 21:29:09
663722,2012.REP.NOM.RYAN,Paul Ryan to be Republican Presidential Nominee in 2012,100,0.8,Mar/19/2011 21:31:55
663722,2012.REP.NOM.RYAN,Paul Ryan to be Republican Presidential Nominee in 2012,100,0.8,Mar/19/2011 21:32:38
663722,2012.REP.NOM.RYAN,Paul Ryan to be Republican Presidential Nominee in 2012,5,0.8,Mar/20/2011 19:59:43
663722,2012.REP.NOM.RYAN,Paul Ryan to be Republican Presidential Nominee in 2012,15,0.8,Mar/20/2011 20:06:56
663722,2012.REP.NOM.RYAN,Paul Ryan to be Republican Presidential Nominee in 2012,80,0.8,Mar/20/2011 23:57:13
663722,2012.REP.NOM.RYAN,Paul Ryan to be Republican Presidential Nominee in 2012,20,0.8,Mar/20/2011 23:57:13
663722,2012.REP.NOM.RYAN,Paul Ryan to be Republican Presidential Nominee in 2012,23,0.8,Mar/21/2011 12:01:40
663722,2012.REP.NOM.RYAN,Paul Ryan to be Republican Presidential Nominee in 2012,11,0.8,Mar/22/2011 08:56:51
663722,2012.REP.NOM.RYAN,Paul Ryan to be Republican Presidential Nominee in 2012,100,0.8,Mar/24/2011 21:39:58
663722,2012.REP.NOM.RYAN,Paul Ryan to be Republican Presidential Nominee in 2012,100,0.8,Mar/25/2011 13:23:37
663722,2012.REP.NOM.RYAN,Paul Ryan to be Republican Presidential Nominee in 2012,51,0.7,Mar/25/2011 15:31:32
663722,2012.REP.NOM.RYAN,Paul Ryan to be Republican Presidential Nominee in 2012,91,0.7,Mar/25/2011 15:31:32
663722,2012.REP.NOM.RYAN,Paul Ryan to be Republican Presidential Nominee in 2012,35,0.8,Mar/26/2011 01:24:37
663722,2012.REP.NOM.RYAN,Paul Ryan to be Republican Presidential Nominee in 2012,117,0.6,Mar/28/2011 23:31:47
663722,2012.REP.NOM.RYAN,Paul Ryan to be Republican Presidential Nominee in 2012,3,0.6,Mar/28/2011 23:31:47
663722,2012.REP.NOM.RYAN,Paul Ryan to be Republican Presidential Nominee in 2012,170,0.6,Mar/30/2011 03:42:01
663722,2012.REP.NOM.RYAN,Paul Ryan to be Republican Presidential Nominee in 2012,23,0.5,Apr/03/2011 17:19:35
663722,2012.REP.NOM.RYAN,Paul Ryan to be Republican Presidential Nominee in 2012,11,0.5,Apr/03/2011 17:19:35
663722,2012.REP.NOM.RYAN,Paul Ryan to be Republican Presidential Nominee in 2012,500,0.5,Apr/03/2011 17:19:35
663722,2012.REP.NOM.RYAN,Paul Ryan to be Republican Presidential Nominee in 2012,371,0.5,Apr/04/2011 07:59:19
663722,2012.REP.NOM.RYAN,Paul Ryan to be Republican Presidential Nominee in 2012,20,0.5,Apr/04/2011 07:59:19
663722,2012.REP.NOM.RYAN,Paul Ryan to be Republican Presidential Nominee in 2012,20,0.5,Apr/05/2011 02:45:33
663722,2012.REP.NOM.RYAN,Paul Ryan to be Republican Presidential Nominee in 2012,100,0.4,Apr/05/2011 07:01:17
663722,2012.REP.NOM.RYAN,Paul Ryan to be Republican Presidential Nominee in 2012,309,0.8,Apr/05/2011 13:45:46
663722,2012.REP.NOM.RYAN,Paul Ryan to be Republican Presidential Nominee in 2012,3,0.7,Apr/05/2011 13:45:46
663722,2012.REP.NOM.RYAN,Paul Ryan to be Republican Presidential Nominee in 2012,10,0.6,Apr/05/2011 13:45:46
663722,2012.REP.NOM.RYAN,Paul Ryan to be Republican Presidential Nominee in 2012,100,0.7,Apr/05/2011 13:45:46
663722,2012.REP.NOM.RYAN,Paul Ryan to be Republican Presidential Nominee in 2012,34,0.6,Apr/05/2011 13:45:46
663722,2012.REP.NOM.RYAN,Paul Ryan to be Republican Presidential Nominee in 2012,1,1.1,Apr/05/2011 13:45:46
663722,2012.REP.NOM.RYAN,Paul Ryan to be Republican Presidential Nominee in 2012,3,1.1,Apr/05/2011 13:45:46
663722,2012.REP.NOM.RYAN,Paul Ryan to be Republican Presidential Nominee in 2012,42,1.0,Apr/05/2011 13:45:46
663722,2012.REP.NOM.RYAN,Paul Ryan to be Republican Presidential Nominee in 2012,5,1.1,Apr/05/2011 13:45:46
663722,2012.REP.NOM.RYAN,Paul Ryan to be Republican Presidential Nominee in 2012,10,0.9,Apr/05/2011 13:45:46
663722,2012.REP.NOM.RYAN,Paul Ryan to be Republican Presidential Nominee in 2012,4,0.9,Apr/05/2011 13:45:46
663722,2012.REP.NOM.RYAN,Paul Ryan to be Republican Presidential Nominee in 2012,50,0.8,Apr/05/2011 13:45:46
663722,2012.REP.NOM.RYAN,Paul Ryan to be Republican Presidential Nominee in 2012,20,1.1,Apr/05/2011 14:26:57
663722,2012.REP.NOM.RYAN,Paul Ryan to be Republican Presidential Nominee in 2012,200,1.1,Apr/05/2011 15:40:46
663722,2012.REP.NOM.RYAN,Paul Ryan to be Republican Presidential Nominee in 2012,20,1.1,Apr/05/2011 16:27:07
663722,2012.REP.NOM.RYAN,Paul Ryan to be Republican Presidential Nominee in 2012,20,1.1,Apr/05/2011 17:24:24
663722,2012.REP.NOM.RYAN,Paul Ryan to be Republican Presidential Nominee in 2012,5,1.2,Apr/05/2011 20:10:49
663722,2012.REP.NOM.RYAN,Paul Ryan to be Republican Presidential Nominee in 2012,20,1.2,Apr/05/2011 21:26:11
663722,2012.REP.NOM.RYAN,Paul Ryan to be Republican Presidential Nominee in 2012,5,1.3,Apr/05/2011 21:40:53
663722,2012.REP.NOM.RYAN,Paul Ryan to be Republican Presidential Nominee in 2012,8,1.3,Apr/05/2011 21:40:53
663722,2012.REP.NOM.RYAN,Paul Ryan to be Republican Presidential Nominee in 2012,100,1.3,Apr/06/2011 19:07:17
663722,2012.REP.NOM.RYAN,Paul Ryan to be Republican Presidential Nominee in 2012,20,1.3,Apr/06/2011 20:10:46
663722,2012.REP.NOM.RYAN,Paul Ryan to be Republican Presidential Nominee in 2012,20,1.3,Apr/06/2011 23:04:58
663722,2012.REP.NOM.RYAN,Paul Ryan to be Republican Presidential Nominee in 2012,1,1.3,Apr/06/2011 23:21:13
663722,2012.REP.NOM.RYAN,Paul Ryan to be Republican Presidential Nominee in 2012,2,1.3,Apr/06/2011 23:21:19
663722,2012.REP.NOM.RYAN,Paul Ryan to be Republican Presidential Nominee in 2012,2,1.3,Apr/06/2011 23:22:22
663722,2012.REP.NOM.RYAN,Paul Ryan to be Republican Presidential Nominee in 2012,40,1.3,Apr/06/2011 23:34:48
