market id,market symbol,market name,trade quantity,trade price,date/time [utc]
713089,2012.REP.NOM.RUBIO,Marco Rubio to be Republican Presidential Nominee in 2012,1,0.1,Feb/19/2010 17:58:35
713089,2012.REP.NOM.RUBIO,Marco Rubio to be Republican Presidential Nominee in 2012,1,0.1,Feb/19/2010 18:00:06
713089,2012.REP.NOM.RUBIO,Marco Rubio to be Republican Presidential Nominee in 2012,1,0.1,Feb/19/2010 18:00:17
713089,2012.REP.NOM.RUBIO,Marco Rubio to be Republican Presidential Nominee in 2012,1,0.1,Feb/19/2010 18:00:25
713089,2012.REP.NOM.RUBIO,Marco Rubio to be Republican Presidential Nominee in 2012,1,0.1,Feb/19/2010 18:00:31
713089,2012.REP.NOM.RUBIO,Marco Rubio to be Republican Presidential Nominee in 2012,1,0.1,Feb/19/2010 18:00:37
713089,2012.REP.NOM.RUBIO,Marco Rubio to be Republican Presidential Nominee in 2012,1,0.1,Feb/19/2010 18:00:45
713089,2012.REP.NOM.RUBIO,Marco Rubio to be Republican Presidential Nominee in 2012,1,0.1,Feb/19/2010 18:01:08
713089,2012.REP.NOM.RUBIO,Marco Rubio to be Republican Presidential Nominee in 2012,3,0.1,Feb/19/2010 18:01:14
713089,2012.REP.NOM.RUBIO,Marco Rubio to be Republican Presidential Nominee in 2012,1,0.1,Feb/19/2010 18:01:21
713089,2012.REP.NOM.RUBIO,Marco Rubio to be Republican Presidential Nominee in 2012,1,0.1,Feb/19/2010 18:01:28
713089,2012.REP.NOM.RUBIO,Marco Rubio to be Republican Presidential Nominee in 2012,1,0.4,Feb/24/2010 11:35:13
713089,2012.REP.NOM.RUBIO,Marco Rubio to be Republican Presidential Nominee in 2012,1,0.3,Feb/24/2010 11:35:21
713089,2012.REP.NOM.RUBIO,Marco Rubio to be Republican Presidential Nominee in 2012,1,0.3,Feb/24/2010 11:35:26
713089,2012.REP.NOM.RUBIO,Marco Rubio to be Republican Presidential Nominee in 2012,1,0.3,Feb/24/2010 11:35:33
713089,2012.REP.NOM.RUBIO,Marco Rubio to be Republican Presidential Nominee in 2012,1,0.3,Feb/24/2010 11:35:38
713089,2012.REP.NOM.RUBIO,Marco Rubio to be Republican Presidential Nominee in 2012,2,0.3,Feb/24/2010 11:35:43
713089,2012.REP.NOM.RUBIO,Marco Rubio to be Republican Presidential Nominee in 2012,1,0.3,Feb/24/2010 11:35:48
713089,2012.REP.NOM.RUBIO,Marco Rubio to be Republican Presidential Nominee in 2012,1,0.3,Feb/24/2010 11:35:53
713089,2012.REP.NOM.RUBIO,Marco Rubio to be Republican Presidential Nominee in 2012,1,0.3,Feb/24/2010 11:35:58
713089,2012.REP.NOM.RUBIO,Marco Rubio to be Republican Presidential Nominee in 2012,1,0.3,Feb/24/2010 11:36:03
713089,2012.REP.NOM.RUBIO,Marco Rubio to be Republican Presidential Nominee in 2012,1,0.2,Feb/24/2010 11:36:09
713089,2012.REP.NOM.RUBIO,Marco Rubio to be Republican Presidential Nominee in 2012,1,0.2,Feb/24/2010 11:36:15
713089,2012.REP.NOM.RUBIO,Marco Rubio to be Republican Presidential Nominee in 2012,6,0.2,Feb/24/2010 11:36:21
713089,2012.REP.NOM.RUBIO,Marco Rubio to be Republican Presidential Nominee in 2012,1,0.2,Feb/24/2010 11:36:26
713089,2012.REP.NOM.RUBIO,Marco Rubio to be Republican Presidential Nominee in 2012,1,0.2,Feb/24/2010 11:36:31
713089,2012.REP.NOM.RUBIO,Marco Rubio to be Republican Presidential Nominee in 2012,3,0.2,Feb/24/2010 11:36:38
713089,2012.REP.NOM.RUBIO,Marco Rubio to be Republican Presidential Nominee in 2012,3,0.2,Feb/24/2010 11:36:52
713089,2012.REP.NOM.RUBIO,Marco Rubio to be Republican Presidential Nominee in 2012,2,0.2,Feb/24/2010 11:37:00
713089,2012.REP.NOM.RUBIO,Marco Rubio to be Republican Presidential Nominee in 2012,1,0.2,Feb/24/2010 11:37:05
713089,2012.REP.NOM.RUBIO,Marco Rubio to be Republican Presidential Nominee in 2012,1,0.2,Feb/24/2010 11:37:10
713089,2012.REP.NOM.RUBIO,Marco Rubio to be Republican Presidential Nominee in 2012,2,0.2,Feb/24/2010 11:37:16
713089,2012.REP.NOM.RUBIO,Marco Rubio to be Republican Presidential Nominee in 2012,3,0.2,Feb/24/2010 11:37:32
713089,2012.REP.NOM.RUBIO,Marco Rubio to be Republican Presidential Nominee in 2012,4,0.2,Feb/24/2010 11:37:38
713089,2012.REP.NOM.RUBIO,Marco Rubio to be Republican Presidential Nominee in 2012,1,0.2,Feb/24/2010 11:37:44
713089,2012.REP.NOM.RUBIO,Marco Rubio to be Republican Presidential Nominee in 2012,1,0.2,Feb/24/2010 11:37:51
713089,2012.REP.NOM.RUBIO,Marco Rubio to be Republican Presidential Nominee in 2012,3,0.2,Feb/24/2010 11:38:07
713089,2012.REP.NOM.RUBIO,Marco Rubio to be Republican Presidential Nominee in 2012,4,0.2,Feb/24/2010 11:38:15
713089,2012.REP.NOM.RUBIO,Marco Rubio to be Republican Presidential Nominee in 2012,50,2.0,Feb/24/2010 13:06:35
713089,2012.REP.NOM.RUBIO,Marco Rubio to be Republican Presidential Nominee in 2012,1,0.3,Feb/24/2010 16:58:16
713089,2012.REP.NOM.RUBIO,Marco Rubio to be Republican Presidential Nominee in 2012,2,0.3,Feb/24/2010 16:58:51
713089,2012.REP.NOM.RUBIO,Marco Rubio to be Republican Presidential Nominee in 2012,2,0.3,Feb/24/2010 16:59:06
713089,2012.REP.NOM.RUBIO,Marco Rubio to be Republican Presidential Nominee in 2012,5,1.7,Feb/25/2010 00:32:52
713089,2012.REP.NOM.RUBIO,Marco Rubio to be Republican Presidential Nominee in 2012,5,1.8,Feb/25/2010 00:33:15
713089,2012.REP.NOM.RUBIO,Marco Rubio to be Republican Presidential Nominee in 2012,3,1.9,Feb/25/2010 00:34:42
713089,2012.REP.NOM.RUBIO,Marco Rubio to be Republican Presidential Nominee in 2012,1,0.3,Mar/01/2010 06:00:50
713089,2012.REP.NOM.RUBIO,Marco Rubio to be Republican Presidential Nominee in 2012,1,0.3,Mar/01/2010 06:00:55
713089,2012.REP.NOM.RUBIO,Marco Rubio to be Republican Presidential Nominee in 2012,1,0.3,Mar/01/2010 06:02:22
713089,2012.REP.NOM.RUBIO,Marco Rubio to be Republican Presidential Nominee in 2012,1,0.3,Mar/01/2010 06:02:28
713089,2012.REP.NOM.RUBIO,Marco Rubio to be Republican Presidential Nominee in 2012,1,0.3,Mar/01/2010 06:02:34
713089,2012.REP.NOM.RUBIO,Marco Rubio to be Republican Presidential Nominee in 2012,1,0.3,Mar/01/2010 06:02:43
713089,2012.REP.NOM.RUBIO,Marco Rubio to be Republican Presidential Nominee in 2012,1,0.3,Mar/01/2010 06:02:49
713089,2012.REP.NOM.RUBIO,Marco Rubio to be Republican Presidential Nominee in 2012,7,1.8,Mar/01/2010 22:27:14
713089,2012.REP.NOM.RUBIO,Marco Rubio to be Republican Presidential Nominee in 2012,5,1.9,Mar/01/2010 22:27:29
713089,2012.REP.NOM.RUBIO,Marco Rubio to be Republican Presidential Nominee in 2012,10,2.0,Mar/03/2010 01:43:00
713089,2012.REP.NOM.RUBIO,Marco Rubio to be Republican Presidential Nominee in 2012,1,0.3,Mar/04/2010 07:34:23
713089,2012.REP.NOM.RUBIO,Marco Rubio to be Republican Presidential Nominee in 2012,1,0.3,Mar/04/2010 07:35:27
713089,2012.REP.NOM.RUBIO,Marco Rubio to be Republican Presidential Nominee in 2012,1,0.3,Mar/04/2010 07:35:34
713089,2012.REP.NOM.RUBIO,Marco Rubio to be Republican Presidential Nominee in 2012,1,0.3,Mar/04/2010 07:35:40
713089,2012.REP.NOM.RUBIO,Marco Rubio to be Republican Presidential Nominee in 2012,1,0.3,Mar/04/2010 07:36:01
713089,2012.REP.NOM.RUBIO,Marco Rubio to be Republican Presidential Nominee in 2012,1,0.3,Mar/04/2010 07:36:06
713089,2012.REP.NOM.RUBIO,Marco Rubio to be Republican Presidential Nominee in 2012,1,0.3,Mar/04/2010 07:36:12
713089,2012.REP.NOM.RUBIO,Marco Rubio to be Republican Presidential Nominee in 2012,1,0.3,Mar/04/2010 07:36:19
713089,2012.REP.NOM.RUBIO,Marco Rubio to be Republican Presidential Nominee in 2012,2,0.3,Mar/04/2010 07:36:26
713089,2012.REP.NOM.RUBIO,Marco Rubio to be Republican Presidential Nominee in 2012,2,0.3,Mar/04/2010 07:36:32
713089,2012.REP.NOM.RUBIO,Marco Rubio to be Republican Presidential Nominee in 2012,1,0.3,Mar/04/2010 07:36:44
713089,2012.REP.NOM.RUBIO,Marco Rubio to be Republican Presidential Nominee in 2012,1,0.3,Mar/04/2010 07:36:49
713089,2012.REP.NOM.RUBIO,Marco Rubio to be Republican Presidential Nominee in 2012,2,0.3,Mar/04/2010 07:36:55
713089,2012.REP.NOM.RUBIO,Marco Rubio to be Republican Presidential Nominee in 2012,1,0.3,Mar/04/2010 07:37:02
713089,2012.REP.NOM.RUBIO,Marco Rubio to be Republican Presidential Nominee in 2012,1,0.3,Mar/04/2010 07:37:10
713089,2012.REP.NOM.RUBIO,Marco Rubio to be Republican Presidential Nominee in 2012,2,0.3,Mar/04/2010 07:37:10
713089,2012.REP.NOM.RUBIO,Marco Rubio to be Republican Presidential Nominee in 2012,2,0.3,Mar/04/2010 07:37:16
713089,2012.REP.NOM.RUBIO,Marco Rubio to be Republican Presidential Nominee in 2012,1,0.3,Mar/04/2010 07:37:22
713089,2012.REP.NOM.RUBIO,Marco Rubio to be Republican Presidential Nominee in 2012,1,0.3,Mar/04/2010 07:37:22
713089,2012.REP.NOM.RUBIO,Marco Rubio to be Republican Presidential Nominee in 2012,1,0.3,Mar/04/2010 07:37:28
713089,2012.REP.NOM.RUBIO,Marco Rubio to be Republican Presidential Nominee in 2012,1,0.3,Mar/04/2010 07:37:35
713089,2012.REP.NOM.RUBIO,Marco Rubio to be Republican Presidential Nominee in 2012,1,0.3,Mar/04/2010 07:37:43
713089,2012.REP.NOM.RUBIO,Marco Rubio to be Republican Presidential Nominee in 2012,1,0.3,Mar/04/2010 07:37:49
713089,2012.REP.NOM.RUBIO,Marco Rubio to be Republican Presidential Nominee in 2012,2,0.3,Mar/04/2010 07:37:54
713089,2012.REP.NOM.RUBIO,Marco Rubio to be Republican Presidential Nominee in 2012,2,0.2,Mar/04/2010 07:38:00
713089,2012.REP.NOM.RUBIO,Marco Rubio to be Republican Presidential Nominee in 2012,3,0.2,Mar/04/2010 07:38:10
713089,2012.REP.NOM.RUBIO,Marco Rubio to be Republican Presidential Nominee in 2012,2,0.2,Mar/04/2010 07:38:20
713089,2012.REP.NOM.RUBIO,Marco Rubio to be Republican Presidential Nominee in 2012,2,0.2,Mar/04/2010 07:38:26
713089,2012.REP.NOM.RUBIO,Marco Rubio to be Republican Presidential Nominee in 2012,2,0.2,Mar/04/2010 07:38:37
713089,2012.REP.NOM.RUBIO,Marco Rubio to be Republican Presidential Nominee in 2012,1,0.2,Mar/04/2010 07:38:44
713089,2012.REP.NOM.RUBIO,Marco Rubio to be Republican Presidential Nominee in 2012,1,0.2,Mar/04/2010 07:38:44
713089,2012.REP.NOM.RUBIO,Marco Rubio to be Republican Presidential Nominee in 2012,2,0.2,Mar/04/2010 07:38:49
713089,2012.REP.NOM.RUBIO,Marco Rubio to be Republican Presidential Nominee in 2012,2,0.2,Mar/04/2010 07:38:56
713089,2012.REP.NOM.RUBIO,Marco Rubio to be Republican Presidential Nominee in 2012,1,0.2,Mar/04/2010 07:39:04
713089,2012.REP.NOM.RUBIO,Marco Rubio to be Republican Presidential Nominee in 2012,1,0.3,Mar/05/2010 14:51:16
713089,2012.REP.NOM.RUBIO,Marco Rubio to be Republican Presidential Nominee in 2012,1,0.3,Mar/05/2010 14:51:23
713089,2012.REP.NOM.RUBIO,Marco Rubio to be Republican Presidential Nominee in 2012,2,0.3,Mar/05/2010 14:51:27
713089,2012.REP.NOM.RUBIO,Marco Rubio to be Republican Presidential Nominee in 2012,3,0.3,Mar/05/2010 14:51:33
713089,2012.REP.NOM.RUBIO,Marco Rubio to be Republican Presidential Nominee in 2012,1,0.3,Mar/05/2010 14:51:39
713089,2012.REP.NOM.RUBIO,Marco Rubio to be Republican Presidential Nominee in 2012,1,0.3,Mar/05/2010 14:51:45
713089,2012.REP.NOM.RUBIO,Marco Rubio to be Republican Presidential Nominee in 2012,1,0.3,Mar/05/2010 14:51:50
713089,2012.REP.NOM.RUBIO,Marco Rubio to be Republican Presidential Nominee in 2012,1,0.3,Mar/05/2010 14:51:57
713089,2012.REP.NOM.RUBIO,Marco Rubio to be Republican Presidential Nominee in 2012,1,0.3,Mar/05/2010 14:52:03
713089,2012.REP.NOM.RUBIO,Marco Rubio to be Republican Presidential Nominee in 2012,1,0.3,Mar/05/2010 14:52:09
713089,2012.REP.NOM.RUBIO,Marco Rubio to be Republican Presidential Nominee in 2012,1,0.3,Mar/05/2010 14:52:14
713089,2012.REP.NOM.RUBIO,Marco Rubio to be Republican Presidential Nominee in 2012,1,0.3,Mar/05/2010 14:52:21
713089,2012.REP.NOM.RUBIO,Marco Rubio to be Republican Presidential Nominee in 2012,2,0.3,Mar/05/2010 14:52:26
713089,2012.REP.NOM.RUBIO,Marco Rubio to be Republican Presidential Nominee in 2012,1,0.3,Mar/05/2010 14:52:31
713089,2012.REP.NOM.RUBIO,Marco Rubio to be Republican Presidential Nominee in 2012,1,0.3,Mar/05/2010 14:52:37
713089,2012.REP.NOM.RUBIO,Marco Rubio to be Republican Presidential Nominee in 2012,2,0.3,Mar/05/2010 14:52:42
713089,2012.REP.NOM.RUBIO,Marco Rubio to be Republican Presidential Nominee in 2012,1,0.3,Mar/08/2010 05:45:28
713089,2012.REP.NOM.RUBIO,Marco Rubio to be Republican Presidential Nominee in 2012,1,0.3,Mar/08/2010 05:45:33
713089,2012.REP.NOM.RUBIO,Marco Rubio to be Republican Presidential Nominee in 2012,1,0.3,Mar/08/2010 05:45:38
713089,2012.REP.NOM.RUBIO,Marco Rubio to be Republican Presidential Nominee in 2012,1,0.3,Mar/08/2010 05:45:45
713089,2012.REP.NOM.RUBIO,Marco Rubio to be Republican Presidential Nominee in 2012,1,0.3,Mar/08/2010 05:45:49
713089,2012.REP.NOM.RUBIO,Marco Rubio to be Republican Presidential Nominee in 2012,1,0.3,Mar/08/2010 05:45:53
713089,2012.REP.NOM.RUBIO,Marco Rubio to be Republican Presidential Nominee in 2012,1,0.3,Mar/08/2010 05:46:13
713089,2012.REP.NOM.RUBIO,Marco Rubio to be Republican Presidential Nominee in 2012,2,0.3,Mar/08/2010 05:46:22
713089,2012.REP.NOM.RUBIO,Marco Rubio to be Republican Presidential Nominee in 2012,1,0.3,Mar/08/2010 05:46:30
713089,2012.REP.NOM.RUBIO,Marco Rubio to be Republican Presidential Nominee in 2012,1,0.3,Mar/08/2010 05:46:49
713089,2012.REP.NOM.RUBIO,Marco Rubio to be Republican Presidential Nominee in 2012,1,0.3,Mar/08/2010 05:46:54
713089,2012.REP.NOM.RUBIO,Marco Rubio to be Republican Presidential Nominee in 2012,1,0.3,Mar/08/2010 05:46:59
713089,2012.REP.NOM.RUBIO,Marco Rubio to be Republican Presidential Nominee in 2012,1,0.3,Mar/08/2010 05:47:03
713089,2012.REP.NOM.RUBIO,Marco Rubio to be Republican Presidential Nominee in 2012,1,0.3,Mar/08/2010 05:47:16
713089,2012.REP.NOM.RUBIO,Marco Rubio to be Republican Presidential Nominee in 2012,1,0.3,Mar/08/2010 05:47:25
713089,2012.REP.NOM.RUBIO,Marco Rubio to be Republican Presidential Nominee in 2012,1,0.3,Mar/08/2010 05:47:30
713089,2012.REP.NOM.RUBIO,Marco Rubio to be Republican Presidential Nominee in 2012,1,0.3,Mar/08/2010 05:47:38
713089,2012.REP.NOM.RUBIO,Marco Rubio to be Republican Presidential Nominee in 2012,1,0.3,Mar/08/2010 05:47:44
713089,2012.REP.NOM.RUBIO,Marco Rubio to be Republican Presidential Nominee in 2012,4,0.2,Mar/08/2010 05:47:50
713089,2012.REP.NOM.RUBIO,Marco Rubio to be Republican Presidential Nominee in 2012,1,0.2,Mar/08/2010 05:48:11
713089,2012.REP.NOM.RUBIO,Marco Rubio to be Republican Presidential Nominee in 2012,1,0.2,Mar/08/2010 05:48:19
713089,2012.REP.NOM.RUBIO,Marco Rubio to be Republican Presidential Nominee in 2012,5,0.2,Mar/08/2010 05:48:26
713089,2012.REP.NOM.RUBIO,Marco Rubio to be Republican Presidential Nominee in 2012,4,0.2,Mar/08/2010 05:48:38
713089,2012.REP.NOM.RUBIO,Marco Rubio to be Republican Presidential Nominee in 2012,1,0.2,Mar/08/2010 05:48:48
713089,2012.REP.NOM.RUBIO,Marco Rubio to be Republican Presidential Nominee in 2012,1,0.2,Mar/08/2010 05:48:56
713089,2012.REP.NOM.RUBIO,Marco Rubio to be Republican Presidential Nominee in 2012,1,0.2,Mar/08/2010 05:49:04
713089,2012.REP.NOM.RUBIO,Marco Rubio to be Republican Presidential Nominee in 2012,1,0.2,Mar/08/2010 05:49:13
713089,2012.REP.NOM.RUBIO,Marco Rubio to be Republican Presidential Nominee in 2012,1,0.2,Mar/08/2010 05:49:22
713089,2012.REP.NOM.RUBIO,Marco Rubio to be Republican Presidential Nominee in 2012,1,0.3,Mar/10/2010 07:41:54
713089,2012.REP.NOM.RUBIO,Marco Rubio to be Republican Presidential Nominee in 2012,1,0.3,Mar/10/2010 07:42:02
713089,2012.REP.NOM.RUBIO,Marco Rubio to be Republican Presidential Nominee in 2012,1,0.3,Mar/10/2010 07:42:09
713089,2012.REP.NOM.RUBIO,Marco Rubio to be Republican Presidential Nominee in 2012,3,0.3,Mar/10/2010 07:42:14
713089,2012.REP.NOM.RUBIO,Marco Rubio to be Republican Presidential Nominee in 2012,1,0.3,Mar/10/2010 07:42:39
713089,2012.REP.NOM.RUBIO,Marco Rubio to be Republican Presidential Nominee in 2012,2,0.3,Mar/10/2010 07:42:48
713089,2012.REP.NOM.RUBIO,Marco Rubio to be Republican Presidential Nominee in 2012,1,0.3,Mar/10/2010 07:42:54
713089,2012.REP.NOM.RUBIO,Marco Rubio to be Republican Presidential Nominee in 2012,1,0.3,Mar/11/2010 17:47:02
713089,2012.REP.NOM.RUBIO,Marco Rubio to be Republican Presidential Nominee in 2012,1,1.7,Mar/11/2010 18:21:53
713089,2012.REP.NOM.RUBIO,Marco Rubio to be Republican Presidential Nominee in 2012,1,0.3,Mar/23/2010 06:56:34
713089,2012.REP.NOM.RUBIO,Marco Rubio to be Republican Presidential Nominee in 2012,1,0.3,Mar/23/2010 06:56:42
713089,2012.REP.NOM.RUBIO,Marco Rubio to be Republican Presidential Nominee in 2012,1,0.3,Mar/23/2010 06:56:50
713089,2012.REP.NOM.RUBIO,Marco Rubio to be Republican Presidential Nominee in 2012,1,0.3,Mar/23/2010 06:57:12
713089,2012.REP.NOM.RUBIO,Marco Rubio to be Republican Presidential Nominee in 2012,1,0.3,Mar/23/2010 06:57:21
713089,2012.REP.NOM.RUBIO,Marco Rubio to be Republican Presidential Nominee in 2012,3,0.3,Mar/23/2010 06:57:31
713089,2012.REP.NOM.RUBIO,Marco Rubio to be Republican Presidential Nominee in 2012,1,0.3,Mar/23/2010 06:57:45
713089,2012.REP.NOM.RUBIO,Marco Rubio to be Republican Presidential Nominee in 2012,1,0.3,Mar/23/2010 06:57:51
713089,2012.REP.NOM.RUBIO,Marco Rubio to be Republican Presidential Nominee in 2012,1,0.3,Mar/23/2010 06:58:04
713089,2012.REP.NOM.RUBIO,Marco Rubio to be Republican Presidential Nominee in 2012,1,0.2,Mar/23/2010 06:58:17
713089,2012.REP.NOM.RUBIO,Marco Rubio to be Republican Presidential Nominee in 2012,1,0.2,Mar/23/2010 06:58:25
713089,2012.REP.NOM.RUBIO,Marco Rubio to be Republican Presidential Nominee in 2012,1,0.2,Mar/23/2010 06:58:32
713089,2012.REP.NOM.RUBIO,Marco Rubio to be Republican Presidential Nominee in 2012,1,0.2,Mar/23/2010 06:58:39
713089,2012.REP.NOM.RUBIO,Marco Rubio to be Republican Presidential Nominee in 2012,1,0.2,Mar/23/2010 06:58:47
713089,2012.REP.NOM.RUBIO,Marco Rubio to be Republican Presidential Nominee in 2012,4,0.2,Mar/23/2010 06:58:55
713089,2012.REP.NOM.RUBIO,Marco Rubio to be Republican Presidential Nominee in 2012,2,0.2,Mar/23/2010 06:59:03
713089,2012.REP.NOM.RUBIO,Marco Rubio to be Republican Presidential Nominee in 2012,1,0.2,Mar/25/2010 22:40:56
713089,2012.REP.NOM.RUBIO,Marco Rubio to be Republican Presidential Nominee in 2012,1,0.2,Mar/25/2010 22:41:01
713089,2012.REP.NOM.RUBIO,Marco Rubio to be Republican Presidential Nominee in 2012,3,0.2,Mar/25/2010 22:41:19
713089,2012.REP.NOM.RUBIO,Marco Rubio to be Republican Presidential Nominee in 2012,2,0.2,Mar/25/2010 22:41:27
713089,2012.REP.NOM.RUBIO,Marco Rubio to be Republican Presidential Nominee in 2012,1,0.2,Mar/25/2010 22:41:34
713089,2012.REP.NOM.RUBIO,Marco Rubio to be Republican Presidential Nominee in 2012,2,0.2,Mar/25/2010 22:41:40
713089,2012.REP.NOM.RUBIO,Marco Rubio to be Republican Presidential Nominee in 2012,1,0.2,Mar/25/2010 22:42:05
713089,2012.REP.NOM.RUBIO,Marco Rubio to be Republican Presidential Nominee in 2012,2,0.2,Mar/25/2010 22:42:12
713089,2012.REP.NOM.RUBIO,Marco Rubio to be Republican Presidential Nominee in 2012,2,0.2,Mar/25/2010 22:42:18
713089,2012.REP.NOM.RUBIO,Marco Rubio to be Republican Presidential Nominee in 2012,1,0.2,Mar/25/2010 22:42:26
713089,2012.REP.NOM.RUBIO,Marco Rubio to be Republican Presidential Nominee in 2012,1,0.2,Mar/25/2010 22:42:33
713089,2012.REP.NOM.RUBIO,Marco Rubio to be Republican Presidential Nominee in 2012,1,0.2,Mar/25/2010 22:42:40
713089,2012.REP.NOM.RUBIO,Marco Rubio to be Republican Presidential Nominee in 2012,1,0.2,Mar/25/2010 22:42:47
713089,2012.REP.NOM.RUBIO,Marco Rubio to be Republican Presidential Nominee in 2012,1,0.2,Mar/25/2010 22:42:55
713089,2012.REP.NOM.RUBIO,Marco Rubio to be Republican Presidential Nominee in 2012,1,0.2,Mar/25/2010 22:43:02
713089,2012.REP.NOM.RUBIO,Marco Rubio to be Republican Presidential Nominee in 2012,1,0.2,Mar/25/2010 22:43:09
713089,2012.REP.NOM.RUBIO,Marco Rubio to be Republican Presidential Nominee in 2012,1,0.2,Mar/25/2010 22:43:16
713089,2012.REP.NOM.RUBIO,Marco Rubio to be Republican Presidential Nominee in 2012,1,0.2,Mar/25/2010 22:43:24
713089,2012.REP.NOM.RUBIO,Marco Rubio to be Republican Presidential Nominee in 2012,1,0.2,Mar/25/2010 22:43:31
713089,2012.REP.NOM.RUBIO,Marco Rubio to be Republican Presidential Nominee in 2012,1,0.2,Mar/25/2010 22:43:39
713089,2012.REP.NOM.RUBIO,Marco Rubio to be Republican Presidential Nominee in 2012,1,0.2,Mar/25/2010 22:43:47
713089,2012.REP.NOM.RUBIO,Marco Rubio to be Republican Presidential Nominee in 2012,20,1.8,Mar/31/2010 01:40:01
713089,2012.REP.NOM.RUBIO,Marco Rubio to be Republican Presidential Nominee in 2012,20,1.6,Mar/31/2010 01:40:01
713089,2012.REP.NOM.RUBIO,Marco Rubio to be Republican Presidential Nominee in 2012,1,1.0,Mar/31/2010 01:40:01
713089,2012.REP.NOM.RUBIO,Marco Rubio to be Republican Presidential Nominee in 2012,1,1.4,Mar/31/2010 01:40:01
713089,2012.REP.NOM.RUBIO,Marco Rubio to be Republican Presidential Nominee in 2012,1,0.9,Mar/31/2010 01:40:01
713089,2012.REP.NOM.RUBIO,Marco Rubio to be Republican Presidential Nominee in 2012,1,1.3,Mar/31/2010 01:40:01
713089,2012.REP.NOM.RUBIO,Marco Rubio to be Republican Presidential Nominee in 2012,7,1.5,Mar/31/2010 01:40:01
713089,2012.REP.NOM.RUBIO,Marco Rubio to be Republican Presidential Nominee in 2012,30,2.0,Mar/31/2010 01:42:58
713089,2012.REP.NOM.RUBIO,Marco Rubio to be Republican Presidential Nominee in 2012,175,2.0,Mar/31/2010 01:47:07
713089,2012.REP.NOM.RUBIO,Marco Rubio to be Republican Presidential Nominee in 2012,10,2.0,Mar/31/2010 01:50:10
713089,2012.REP.NOM.RUBIO,Marco Rubio to be Republican Presidential Nominee in 2012,20,1.9,Apr/12/2010 15:31:21
713089,2012.REP.NOM.RUBIO,Marco Rubio to be Republican Presidential Nominee in 2012,4,0.4,Apr/20/2010 20:26:29
713089,2012.REP.NOM.RUBIO,Marco Rubio to be Republican Presidential Nominee in 2012,20,0.4,Apr/20/2010 20:26:29
713089,2012.REP.NOM.RUBIO,Marco Rubio to be Republican Presidential Nominee in 2012,10,0.3,Apr/20/2010 20:26:46
713089,2012.REP.NOM.RUBIO,Marco Rubio to be Republican Presidential Nominee in 2012,10,0.3,Apr/20/2010 20:26:46
713089,2012.REP.NOM.RUBIO,Marco Rubio to be Republican Presidential Nominee in 2012,6,0.3,Apr/20/2010 20:26:46
713089,2012.REP.NOM.RUBIO,Marco Rubio to be Republican Presidential Nominee in 2012,24,0.3,Apr/24/2010 01:55:31
713089,2012.REP.NOM.RUBIO,Marco Rubio to be Republican Presidential Nominee in 2012,1,0.2,May/17/2010 10:08:12
713089,2012.REP.NOM.RUBIO,Marco Rubio to be Republican Presidential Nominee in 2012,1,0.2,May/17/2010 10:09:33
713089,2012.REP.NOM.RUBIO,Marco Rubio to be Republican Presidential Nominee in 2012,1,0.2,May/17/2010 10:09:40
713089,2012.REP.NOM.RUBIO,Marco Rubio to be Republican Presidential Nominee in 2012,1,0.2,May/17/2010 10:10:09
713089,2012.REP.NOM.RUBIO,Marco Rubio to be Republican Presidential Nominee in 2012,1,0.2,May/17/2010 10:10:24
713089,2012.REP.NOM.RUBIO,Marco Rubio to be Republican Presidential Nominee in 2012,1,0.2,May/17/2010 10:10:36
713089,2012.REP.NOM.RUBIO,Marco Rubio to be Republican Presidential Nominee in 2012,1,0.2,May/17/2010 10:10:45
713089,2012.REP.NOM.RUBIO,Marco Rubio to be Republican Presidential Nominee in 2012,1,0.2,May/17/2010 10:10:57
713089,2012.REP.NOM.RUBIO,Marco Rubio to be Republican Presidential Nominee in 2012,1,0.2,May/17/2010 10:11:07
713089,2012.REP.NOM.RUBIO,Marco Rubio to be Republican Presidential Nominee in 2012,2,0.2,May/17/2010 10:11:15
713089,2012.REP.NOM.RUBIO,Marco Rubio to be Republican Presidential Nominee in 2012,1,0.2,May/17/2010 10:11:24
713089,2012.REP.NOM.RUBIO,Marco Rubio to be Republican Presidential Nominee in 2012,1,0.2,May/17/2010 10:11:33
713089,2012.REP.NOM.RUBIO,Marco Rubio to be Republican Presidential Nominee in 2012,1,0.2,May/17/2010 10:11:42
713089,2012.REP.NOM.RUBIO,Marco Rubio to be Republican Presidential Nominee in 2012,3,0.2,May/17/2010 10:11:51
713089,2012.REP.NOM.RUBIO,Marco Rubio to be Republican Presidential Nominee in 2012,1,0.2,May/17/2010 10:12:45
713089,2012.REP.NOM.RUBIO,Marco Rubio to be Republican Presidential Nominee in 2012,1,0.2,May/17/2010 10:13:03
713089,2012.REP.NOM.RUBIO,Marco Rubio to be Republican Presidential Nominee in 2012,1,0.2,May/17/2010 10:13:16
713089,2012.REP.NOM.RUBIO,Marco Rubio to be Republican Presidential Nominee in 2012,1,0.2,May/17/2010 10:13:26
713089,2012.REP.NOM.RUBIO,Marco Rubio to be Republican Presidential Nominee in 2012,1,0.2,May/17/2010 10:13:31
713089,2012.REP.NOM.RUBIO,Marco Rubio to be Republican Presidential Nominee in 2012,1,0.2,May/17/2010 10:13:36
713089,2012.REP.NOM.RUBIO,Marco Rubio to be Republican Presidential Nominee in 2012,1,0.2,May/17/2010 10:13:41
713089,2012.REP.NOM.RUBIO,Marco Rubio to be Republican Presidential Nominee in 2012,1,0.2,May/17/2010 10:13:53
713089,2012.REP.NOM.RUBIO,Marco Rubio to be Republican Presidential Nominee in 2012,1,0.2,May/17/2010 10:14:04
713089,2012.REP.NOM.RUBIO,Marco Rubio to be Republican Presidential Nominee in 2012,1,0.2,May/17/2010 10:14:13
713089,2012.REP.NOM.RUBIO,Marco Rubio to be Republican Presidential Nominee in 2012,2,0.2,May/17/2010 10:14:23
713089,2012.REP.NOM.RUBIO,Marco Rubio to be Republican Presidential Nominee in 2012,1,0.2,May/17/2010 10:14:30
713089,2012.REP.NOM.RUBIO,Marco Rubio to be Republican Presidential Nominee in 2012,1,0.2,May/17/2010 10:14:41
713089,2012.REP.NOM.RUBIO,Marco Rubio to be Republican Presidential Nominee in 2012,1,0.2,May/17/2010 10:14:50
713089,2012.REP.NOM.RUBIO,Marco Rubio to be Republican Presidential Nominee in 2012,2,0.2,May/17/2010 10:14:59
713089,2012.REP.NOM.RUBIO,Marco Rubio to be Republican Presidential Nominee in 2012,1,0.2,May/17/2010 10:15:09
713089,2012.REP.NOM.RUBIO,Marco Rubio to be Republican Presidential Nominee in 2012,1,0.2,May/17/2010 10:15:17
713089,2012.REP.NOM.RUBIO,Marco Rubio to be Republican Presidential Nominee in 2012,1,0.2,May/17/2010 10:15:27
713089,2012.REP.NOM.RUBIO,Marco Rubio to be Republican Presidential Nominee in 2012,1,0.2,May/17/2010 10:15:38
713089,2012.REP.NOM.RUBIO,Marco Rubio to be Republican Presidential Nominee in 2012,1,0.2,May/17/2010 10:15:48
713089,2012.REP.NOM.RUBIO,Marco Rubio to be Republican Presidential Nominee in 2012,50,0.2,May/27/2010 11:27:07
713089,2012.REP.NOM.RUBIO,Marco Rubio to be Republican Presidential Nominee in 2012,24,0.2,May/28/2010 12:32:47
713089,2012.REP.NOM.RUBIO,Marco Rubio to be Republican Presidential Nominee in 2012,13,0.2,Jun/01/2010 17:35:51
713089,2012.REP.NOM.RUBIO,Marco Rubio to be Republican Presidential Nominee in 2012,7,0.3,Jun/01/2010 17:35:51
713089,2012.REP.NOM.RUBIO,Marco Rubio to be Republican Presidential Nominee in 2012,4,0.2,Jun/01/2010 20:39:59
713089,2012.REP.NOM.RUBIO,Marco Rubio to be Republican Presidential Nominee in 2012,1,0.2,Jun/02/2010 10:26:01
713089,2012.REP.NOM.RUBIO,Marco Rubio to be Republican Presidential Nominee in 2012,5,0.2,Jun/03/2010 12:27:36
713089,2012.REP.NOM.RUBIO,Marco Rubio to be Republican Presidential Nominee in 2012,2,0.2,Jun/03/2010 20:17:06
713089,2012.REP.NOM.RUBIO,Marco Rubio to be Republican Presidential Nominee in 2012,31,0.2,Jun/04/2010 10:36:03
713089,2012.REP.NOM.RUBIO,Marco Rubio to be Republican Presidential Nominee in 2012,20,0.3,Jun/04/2010 21:46:22
713089,2012.REP.NOM.RUBIO,Marco Rubio to be Republican Presidential Nominee in 2012,10,0.3,Jun/04/2010 22:55:46
713089,2012.REP.NOM.RUBIO,Marco Rubio to be Republican Presidential Nominee in 2012,8,0.2,Jun/09/2010 20:22:32
713089,2012.REP.NOM.RUBIO,Marco Rubio to be Republican Presidential Nominee in 2012,1,0.2,Jun/11/2010 09:56:15
713089,2012.REP.NOM.RUBIO,Marco Rubio to be Republican Presidential Nominee in 2012,22,0.2,Jun/29/2010 10:47:22
713089,2012.REP.NOM.RUBIO,Marco Rubio to be Republican Presidential Nominee in 2012,8,0.2,Jun/29/2010 10:47:41
713089,2012.REP.NOM.RUBIO,Marco Rubio to be Republican Presidential Nominee in 2012,50,0.3,Jul/11/2010 13:38:35
713089,2012.REP.NOM.RUBIO,Marco Rubio to be Republican Presidential Nominee in 2012,28,0.2,Jul/12/2010 06:43:04
713089,2012.REP.NOM.RUBIO,Marco Rubio to be Republican Presidential Nominee in 2012,39,0.2,Jul/12/2010 06:43:04
713089,2012.REP.NOM.RUBIO,Marco Rubio to be Republican Presidential Nominee in 2012,18,0.2,Jul/12/2010 21:16:43
713089,2012.REP.NOM.RUBIO,Marco Rubio to be Republican Presidential Nominee in 2012,3,0.2,Jul/12/2010 21:16:54
713089,2012.REP.NOM.RUBIO,Marco Rubio to be Republican Presidential Nominee in 2012,2,0.2,Jul/13/2010 05:45:27
713089,2012.REP.NOM.RUBIO,Marco Rubio to be Republican Presidential Nominee in 2012,1,0.1,Jul/13/2010 19:28:18
713089,2012.REP.NOM.RUBIO,Marco Rubio to be Republican Presidential Nominee in 2012,38,0.2,Jul/13/2010 19:28:18
713089,2012.REP.NOM.RUBIO,Marco Rubio to be Republican Presidential Nominee in 2012,100,0.1,Jul/17/2010 19:13:30
713089,2012.REP.NOM.RUBIO,Marco Rubio to be Republican Presidential Nominee in 2012,10,0.2,Jul/28/2010 15:18:10
713089,2012.REP.NOM.RUBIO,Marco Rubio to be Republican Presidential Nominee in 2012,2,0.2,Jul/28/2010 15:18:10
713089,2012.REP.NOM.RUBIO,Marco Rubio to be Republican Presidential Nominee in 2012,10,0.2,Jul/30/2010 03:21:03
713089,2012.REP.NOM.RUBIO,Marco Rubio to be Republican Presidential Nominee in 2012,1,0.3,Aug/10/2010 13:49:07
713089,2012.REP.NOM.RUBIO,Marco Rubio to be Republican Presidential Nominee in 2012,10,0.3,Aug/10/2010 13:49:07
713089,2012.REP.NOM.RUBIO,Marco Rubio to be Republican Presidential Nominee in 2012,1,0.5,Aug/10/2010 13:49:49
713089,2012.REP.NOM.RUBIO,Marco Rubio to be Republican Presidential Nominee in 2012,1,0.6,Aug/10/2010 13:50:00
713089,2012.REP.NOM.RUBIO,Marco Rubio to be Republican Presidential Nominee in 2012,1,1.2,Sep/21/2010 00:21:16
713089,2012.REP.NOM.RUBIO,Marco Rubio to be Republican Presidential Nominee in 2012,40,1.1,Oct/14/2010 13:31:36
713089,2012.REP.NOM.RUBIO,Marco Rubio to be Republican Presidential Nominee in 2012,40,1.2,Oct/15/2010 17:30:24
713089,2012.REP.NOM.RUBIO,Marco Rubio to be Republican Presidential Nominee in 2012,2,1.3,Oct/15/2010 17:30:35
713089,2012.REP.NOM.RUBIO,Marco Rubio to be Republican Presidential Nominee in 2012,10,1.4,Oct/21/2010 22:39:33
713089,2012.REP.NOM.RUBIO,Marco Rubio to be Republican Presidential Nominee in 2012,13,1.4,Oct/24/2010 22:21:25
713089,2012.REP.NOM.RUBIO,Marco Rubio to be Republican Presidential Nominee in 2012,10,1.4,Oct/26/2010 18:15:48
713089,2012.REP.NOM.RUBIO,Marco Rubio to be Republican Presidential Nominee in 2012,4,1.5,Oct/26/2010 18:16:44
713089,2012.REP.NOM.RUBIO,Marco Rubio to be Republican Presidential Nominee in 2012,16,1.4,Oct/26/2010 18:16:44
713089,2012.REP.NOM.RUBIO,Marco Rubio to be Republican Presidential Nominee in 2012,25,1.5,Oct/28/2010 15:27:42
713089,2012.REP.NOM.RUBIO,Marco Rubio to be Republican Presidential Nominee in 2012,1,1.5,Oct/31/2010 13:22:47
713089,2012.REP.NOM.RUBIO,Marco Rubio to be Republican Presidential Nominee in 2012,20,1.8,Oct/31/2010 19:54:04
713089,2012.REP.NOM.RUBIO,Marco Rubio to be Republican Presidential Nominee in 2012,4,1.9,Oct/31/2010 20:00:37
713089,2012.REP.NOM.RUBIO,Marco Rubio to be Republican Presidential Nominee in 2012,10,1.9,Oct/31/2010 20:00:37
713089,2012.REP.NOM.RUBIO,Marco Rubio to be Republican Presidential Nominee in 2012,25,2.0,Oct/31/2010 20:00:48
713089,2012.REP.NOM.RUBIO,Marco Rubio to be Republican Presidential Nominee in 2012,12,2.0,Nov/01/2010 17:01:35
713089,2012.REP.NOM.RUBIO,Marco Rubio to be Republican Presidential Nominee in 2012,20,3.7,Nov/03/2010 01:33:33
713089,2012.REP.NOM.RUBIO,Marco Rubio to be Republican Presidential Nominee in 2012,11,3.7,Nov/03/2010 08:43:59
713089,2012.REP.NOM.RUBIO,Marco Rubio to be Republican Presidential Nominee in 2012,1,2.0,Nov/03/2010 23:13:40
713089,2012.REP.NOM.RUBIO,Marco Rubio to be Republican Presidential Nominee in 2012,10,3.0,Nov/04/2010 01:24:19
713089,2012.REP.NOM.RUBIO,Marco Rubio to be Republican Presidential Nominee in 2012,1,3.7,Nov/04/2010 04:30:18
713089,2012.REP.NOM.RUBIO,Marco Rubio to be Republican Presidential Nominee in 2012,4,3.7,Nov/04/2010 04:30:18
713089,2012.REP.NOM.RUBIO,Marco Rubio to be Republican Presidential Nominee in 2012,10,3.6,Nov/05/2010 05:25:45
713089,2012.REP.NOM.RUBIO,Marco Rubio to be Republican Presidential Nominee in 2012,1,3.5,Nov/05/2010 12:29:48
713089,2012.REP.NOM.RUBIO,Marco Rubio to be Republican Presidential Nominee in 2012,6,3.7,Nov/05/2010 14:50:13
713089,2012.REP.NOM.RUBIO,Marco Rubio to be Republican Presidential Nominee in 2012,7,3.6,Nov/05/2010 14:50:13
713089,2012.REP.NOM.RUBIO,Marco Rubio to be Republican Presidential Nominee in 2012,1,3.5,Nov/05/2010 15:04:57
713089,2012.REP.NOM.RUBIO,Marco Rubio to be Republican Presidential Nominee in 2012,1,3.5,Nov/05/2010 15:13:11
713089,2012.REP.NOM.RUBIO,Marco Rubio to be Republican Presidential Nominee in 2012,5,3.5,Nov/05/2010 15:38:09
713089,2012.REP.NOM.RUBIO,Marco Rubio to be Republican Presidential Nominee in 2012,2,3.5,Nov/05/2010 16:09:21
713089,2012.REP.NOM.RUBIO,Marco Rubio to be Republican Presidential Nominee in 2012,3,3.5,Nov/05/2010 16:09:21
713089,2012.REP.NOM.RUBIO,Marco Rubio to be Republican Presidential Nominee in 2012,2,3.5,Nov/05/2010 16:24:09
713089,2012.REP.NOM.RUBIO,Marco Rubio to be Republican Presidential Nominee in 2012,36,2.1,Nov/05/2010 17:48:57
713089,2012.REP.NOM.RUBIO,Marco Rubio to be Republican Presidential Nominee in 2012,30,2.2,Nov/05/2010 17:48:57
713089,2012.REP.NOM.RUBIO,Marco Rubio to be Republican Presidential Nominee in 2012,5,2.3,Nov/05/2010 17:48:57
713089,2012.REP.NOM.RUBIO,Marco Rubio to be Republican Presidential Nominee in 2012,10,1.4,Nov/05/2010 17:50:56
713089,2012.REP.NOM.RUBIO,Marco Rubio to be Republican Presidential Nominee in 2012,5,1.4,Nov/05/2010 17:50:56
713089,2012.REP.NOM.RUBIO,Marco Rubio to be Republican Presidential Nominee in 2012,49,2.0,Nov/05/2010 17:50:56
713089,2012.REP.NOM.RUBIO,Marco Rubio to be Republican Presidential Nominee in 2012,14,2.1,Nov/05/2010 17:50:56
713089,2012.REP.NOM.RUBIO,Marco Rubio to be Republican Presidential Nominee in 2012,9,1.4,Nov/05/2010 17:53:39
713089,2012.REP.NOM.RUBIO,Marco Rubio to be Republican Presidential Nominee in 2012,2,1.5,Nov/05/2010 18:00:37
713089,2012.REP.NOM.RUBIO,Marco Rubio to be Republican Presidential Nominee in 2012,5,2.0,Nov/05/2010 22:22:16
713089,2012.REP.NOM.RUBIO,Marco Rubio to be Republican Presidential Nominee in 2012,1,1.6,Nov/05/2010 22:26:27
713089,2012.REP.NOM.RUBIO,Marco Rubio to be Republican Presidential Nominee in 2012,10,1.7,Nov/05/2010 22:26:27
713089,2012.REP.NOM.RUBIO,Marco Rubio to be Republican Presidential Nominee in 2012,10,1.6,Nov/05/2010 22:26:27
713089,2012.REP.NOM.RUBIO,Marco Rubio to be Republican Presidential Nominee in 2012,19,1.5,Nov/05/2010 22:26:27
713089,2012.REP.NOM.RUBIO,Marco Rubio to be Republican Presidential Nominee in 2012,5,2.5,Nov/05/2010 22:38:40
713089,2012.REP.NOM.RUBIO,Marco Rubio to be Republican Presidential Nominee in 2012,50,1.7,Nov/06/2010 21:37:19
713089,2012.REP.NOM.RUBIO,Marco Rubio to be Republican Presidential Nominee in 2012,5,1.8,Nov/07/2010 12:58:32
713089,2012.REP.NOM.RUBIO,Marco Rubio to be Republican Presidential Nominee in 2012,5,1.9,Nov/07/2010 12:58:32
713089,2012.REP.NOM.RUBIO,Marco Rubio to be Republican Presidential Nominee in 2012,5,1.8,Nov/07/2010 18:18:07
713089,2012.REP.NOM.RUBIO,Marco Rubio to be Republican Presidential Nominee in 2012,20,1.7,Nov/07/2010 21:41:40
713089,2012.REP.NOM.RUBIO,Marco Rubio to be Republican Presidential Nominee in 2012,4,2.0,Nov/08/2010 00:17:59
713089,2012.REP.NOM.RUBIO,Marco Rubio to be Republican Presidential Nominee in 2012,3,1.9,Nov/08/2010 00:17:59
713089,2012.REP.NOM.RUBIO,Marco Rubio to be Republican Presidential Nominee in 2012,3,1.9,Nov/08/2010 00:58:11
713089,2012.REP.NOM.RUBIO,Marco Rubio to be Republican Presidential Nominee in 2012,4,1.9,Nov/08/2010 01:16:23
713089,2012.REP.NOM.RUBIO,Marco Rubio to be Republican Presidential Nominee in 2012,1,1.9,Nov/08/2010 04:17:45
713089,2012.REP.NOM.RUBIO,Marco Rubio to be Republican Presidential Nominee in 2012,4,1.9,Nov/08/2010 04:17:45
713089,2012.REP.NOM.RUBIO,Marco Rubio to be Republican Presidential Nominee in 2012,20,1.8,Nov/08/2010 06:10:33
713089,2012.REP.NOM.RUBIO,Marco Rubio to be Republican Presidential Nominee in 2012,5,1.8,Nov/08/2010 11:41:38
713089,2012.REP.NOM.RUBIO,Marco Rubio to be Republican Presidential Nominee in 2012,1,2.0,Nov/08/2010 19:51:32
713089,2012.REP.NOM.RUBIO,Marco Rubio to be Republican Presidential Nominee in 2012,1,1.9,Nov/08/2010 19:51:32
713089,2012.REP.NOM.RUBIO,Marco Rubio to be Republican Presidential Nominee in 2012,5,2.0,Nov/08/2010 19:51:32
713089,2012.REP.NOM.RUBIO,Marco Rubio to be Republican Presidential Nominee in 2012,3,1.9,Nov/08/2010 19:51:32
713089,2012.REP.NOM.RUBIO,Marco Rubio to be Republican Presidential Nominee in 2012,10,2.1,Nov/09/2010 10:45:48
713089,2012.REP.NOM.RUBIO,Marco Rubio to be Republican Presidential Nominee in 2012,3,2.1,Nov/09/2010 10:45:48
713089,2012.REP.NOM.RUBIO,Marco Rubio to be Republican Presidential Nominee in 2012,5,2.1,Nov/09/2010 10:45:48
713089,2012.REP.NOM.RUBIO,Marco Rubio to be Republican Presidential Nominee in 2012,5,2.2,Nov/09/2010 10:46:21
713089,2012.REP.NOM.RUBIO,Marco Rubio to be Republican Presidential Nominee in 2012,10,2.3,Nov/09/2010 11:55:07
713089,2012.REP.NOM.RUBIO,Marco Rubio to be Republican Presidential Nominee in 2012,9,2.4,Nov/09/2010 11:55:42
713089,2012.REP.NOM.RUBIO,Marco Rubio to be Republican Presidential Nominee in 2012,8,2.5,Nov/09/2010 11:56:08
713089,2012.REP.NOM.RUBIO,Marco Rubio to be Republican Presidential Nominee in 2012,29,1.9,Nov/09/2010 21:22:01
713089,2012.REP.NOM.RUBIO,Marco Rubio to be Republican Presidential Nominee in 2012,11,2.0,Nov/09/2010 21:22:01
713089,2012.REP.NOM.RUBIO,Marco Rubio to be Republican Presidential Nominee in 2012,18,1.8,Nov/10/2010 06:54:40
713089,2012.REP.NOM.RUBIO,Marco Rubio to be Republican Presidential Nominee in 2012,11,1.9,Nov/10/2010 06:54:40
713089,2012.REP.NOM.RUBIO,Marco Rubio to be Republican Presidential Nominee in 2012,6,1.8,Nov/10/2010 17:23:28
713089,2012.REP.NOM.RUBIO,Marco Rubio to be Republican Presidential Nominee in 2012,2,1.7,Nov/11/2010 07:51:56
713089,2012.REP.NOM.RUBIO,Marco Rubio to be Republican Presidential Nominee in 2012,6,1.8,Nov/11/2010 07:51:56
713089,2012.REP.NOM.RUBIO,Marco Rubio to be Republican Presidential Nominee in 2012,5,2.4,Nov/12/2010 15:17:11
713089,2012.REP.NOM.RUBIO,Marco Rubio to be Republican Presidential Nominee in 2012,5,2.6,Nov/13/2010 15:05:33
713089,2012.REP.NOM.RUBIO,Marco Rubio to be Republican Presidential Nominee in 2012,5,2.5,Nov/13/2010 15:05:33
713089,2012.REP.NOM.RUBIO,Marco Rubio to be Republican Presidential Nominee in 2012,2,2.6,Nov/13/2010 15:05:51
713089,2012.REP.NOM.RUBIO,Marco Rubio to be Republican Presidential Nominee in 2012,5,2.6,Nov/13/2010 15:05:51
713089,2012.REP.NOM.RUBIO,Marco Rubio to be Republican Presidential Nominee in 2012,5,2.7,Nov/13/2010 16:25:09
713089,2012.REP.NOM.RUBIO,Marco Rubio to be Republican Presidential Nominee in 2012,5,2.7,Nov/13/2010 16:25:09
713089,2012.REP.NOM.RUBIO,Marco Rubio to be Republican Presidential Nominee in 2012,5,2.7,Nov/14/2010 16:35:58
713089,2012.REP.NOM.RUBIO,Marco Rubio to be Republican Presidential Nominee in 2012,10,1.8,Nov/15/2010 08:03:10
713089,2012.REP.NOM.RUBIO,Marco Rubio to be Republican Presidential Nominee in 2012,10,1.9,Nov/15/2010 08:03:10
713089,2012.REP.NOM.RUBIO,Marco Rubio to be Republican Presidential Nominee in 2012,1,2.6,Nov/15/2010 08:03:10
713089,2012.REP.NOM.RUBIO,Marco Rubio to be Republican Presidential Nominee in 2012,1,2.5,Nov/15/2010 08:03:10
713089,2012.REP.NOM.RUBIO,Marco Rubio to be Republican Presidential Nominee in 2012,10,2.0,Nov/15/2010 08:03:10
713089,2012.REP.NOM.RUBIO,Marco Rubio to be Republican Presidential Nominee in 2012,10,1.8,Nov/15/2010 08:03:10
713089,2012.REP.NOM.RUBIO,Marco Rubio to be Republican Presidential Nominee in 2012,10,1.8,Nov/15/2010 08:03:10
713089,2012.REP.NOM.RUBIO,Marco Rubio to be Republican Presidential Nominee in 2012,1,1.8,Nov/15/2010 08:03:10
713089,2012.REP.NOM.RUBIO,Marco Rubio to be Republican Presidential Nominee in 2012,2,2.1,Nov/15/2010 17:51:54
713089,2012.REP.NOM.RUBIO,Marco Rubio to be Republican Presidential Nominee in 2012,5,2.0,Nov/15/2010 23:58:17
713089,2012.REP.NOM.RUBIO,Marco Rubio to be Republican Presidential Nominee in 2012,2,2.2,Nov/16/2010 06:53:26
713089,2012.REP.NOM.RUBIO,Marco Rubio to be Republican Presidential Nominee in 2012,8,2.1,Nov/16/2010 06:53:26
713089,2012.REP.NOM.RUBIO,Marco Rubio to be Republican Presidential Nominee in 2012,17,2.0,Nov/16/2010 07:19:42
713089,2012.REP.NOM.RUBIO,Marco Rubio to be Republican Presidential Nominee in 2012,1,2.0,Nov/16/2010 09:41:41
713089,2012.REP.NOM.RUBIO,Marco Rubio to be Republican Presidential Nominee in 2012,1,2.0,Nov/16/2010 09:41:45
713089,2012.REP.NOM.RUBIO,Marco Rubio to be Republican Presidential Nominee in 2012,1,2.0,Nov/16/2010 09:41:49
713089,2012.REP.NOM.RUBIO,Marco Rubio to be Republican Presidential Nominee in 2012,1,2.0,Nov/16/2010 09:42:14
713089,2012.REP.NOM.RUBIO,Marco Rubio to be Republican Presidential Nominee in 2012,1,2.0,Nov/16/2010 09:42:18
713089,2012.REP.NOM.RUBIO,Marco Rubio to be Republican Presidential Nominee in 2012,1,2.0,Nov/16/2010 09:42:21
713089,2012.REP.NOM.RUBIO,Marco Rubio to be Republican Presidential Nominee in 2012,1,2.0,Nov/16/2010 09:42:24
713089,2012.REP.NOM.RUBIO,Marco Rubio to be Republican Presidential Nominee in 2012,1,2.0,Nov/16/2010 09:42:30
713089,2012.REP.NOM.RUBIO,Marco Rubio to be Republican Presidential Nominee in 2012,1,2.0,Nov/16/2010 09:42:36
713089,2012.REP.NOM.RUBIO,Marco Rubio to be Republican Presidential Nominee in 2012,1,2.0,Nov/16/2010 09:42:39
713089,2012.REP.NOM.RUBIO,Marco Rubio to be Republican Presidential Nominee in 2012,1,2.0,Nov/16/2010 09:42:43
713089,2012.REP.NOM.RUBIO,Marco Rubio to be Republican Presidential Nominee in 2012,1,2.0,Nov/16/2010 09:42:50
713089,2012.REP.NOM.RUBIO,Marco Rubio to be Republican Presidential Nominee in 2012,1,2.0,Nov/16/2010 09:42:54
713089,2012.REP.NOM.RUBIO,Marco Rubio to be Republican Presidential Nominee in 2012,9,1.8,Nov/17/2010 07:36:28
713089,2012.REP.NOM.RUBIO,Marco Rubio to be Republican Presidential Nominee in 2012,15,2.0,Nov/17/2010 07:36:28
713089,2012.REP.NOM.RUBIO,Marco Rubio to be Republican Presidential Nominee in 2012,1,1.9,Nov/17/2010 07:36:28
713089,2012.REP.NOM.RUBIO,Marco Rubio to be Republican Presidential Nominee in 2012,10,1.8,Nov/17/2010 07:36:28
713089,2012.REP.NOM.RUBIO,Marco Rubio to be Republican Presidential Nominee in 2012,9,1.8,Nov/17/2010 07:36:28
713089,2012.REP.NOM.RUBIO,Marco Rubio to be Republican Presidential Nominee in 2012,5,2.1,Nov/17/2010 11:58:32
713089,2012.REP.NOM.RUBIO,Marco Rubio to be Republican Presidential Nominee in 2012,4,2.1,Nov/18/2010 16:03:55
713089,2012.REP.NOM.RUBIO,Marco Rubio to be Republican Presidential Nominee in 2012,10,2.0,Nov/19/2010 08:32:39
713089,2012.REP.NOM.RUBIO,Marco Rubio to be Republican Presidential Nominee in 2012,10,2.0,Nov/19/2010 08:32:44
713089,2012.REP.NOM.RUBIO,Marco Rubio to be Republican Presidential Nominee in 2012,1,2.0,Nov/19/2010 19:17:48
713089,2012.REP.NOM.RUBIO,Marco Rubio to be Republican Presidential Nominee in 2012,1,1.8,Nov/19/2010 19:18:11
713089,2012.REP.NOM.RUBIO,Marco Rubio to be Republican Presidential Nominee in 2012,10,1.8,Nov/19/2010 19:18:11
713089,2012.REP.NOM.RUBIO,Marco Rubio to be Republican Presidential Nominee in 2012,1,2.0,Nov/19/2010 19:18:11
713089,2012.REP.NOM.RUBIO,Marco Rubio to be Republican Presidential Nominee in 2012,10,1.7,Nov/20/2010 18:38:38
713089,2012.REP.NOM.RUBIO,Marco Rubio to be Republican Presidential Nominee in 2012,10,1.8,Nov/21/2010 08:46:22
713089,2012.REP.NOM.RUBIO,Marco Rubio to be Republican Presidential Nominee in 2012,1,1.8,Nov/21/2010 23:02:38
713089,2012.REP.NOM.RUBIO,Marco Rubio to be Republican Presidential Nominee in 2012,5,1.8,Nov/21/2010 23:02:38
713089,2012.REP.NOM.RUBIO,Marco Rubio to be Republican Presidential Nominee in 2012,5,1.9,Nov/21/2010 23:02:38
713089,2012.REP.NOM.RUBIO,Marco Rubio to be Republican Presidential Nominee in 2012,5,2.0,Nov/22/2010 22:07:11
713089,2012.REP.NOM.RUBIO,Marco Rubio to be Republican Presidential Nominee in 2012,5,2.0,Nov/23/2010 10:13:23
713089,2012.REP.NOM.RUBIO,Marco Rubio to be Republican Presidential Nominee in 2012,5,1.8,Nov/23/2010 16:39:47
713089,2012.REP.NOM.RUBIO,Marco Rubio to be Republican Presidential Nominee in 2012,10,1.9,Nov/23/2010 16:39:47
713089,2012.REP.NOM.RUBIO,Marco Rubio to be Republican Presidential Nominee in 2012,1,2.0,Nov/23/2010 23:16:58
713089,2012.REP.NOM.RUBIO,Marco Rubio to be Republican Presidential Nominee in 2012,1,2.0,Nov/23/2010 23:16:58
713089,2012.REP.NOM.RUBIO,Marco Rubio to be Republican Presidential Nominee in 2012,4,2.0,Nov/24/2010 04:28:48
713089,2012.REP.NOM.RUBIO,Marco Rubio to be Republican Presidential Nominee in 2012,11,2.0,Nov/24/2010 04:28:48
713089,2012.REP.NOM.RUBIO,Marco Rubio to be Republican Presidential Nominee in 2012,10,1.9,Nov/24/2010 10:16:52
713089,2012.REP.NOM.RUBIO,Marco Rubio to be Republican Presidential Nominee in 2012,7,2.0,Nov/24/2010 10:16:52
713089,2012.REP.NOM.RUBIO,Marco Rubio to be Republican Presidential Nominee in 2012,23,1.9,Nov/24/2010 10:16:52
713089,2012.REP.NOM.RUBIO,Marco Rubio to be Republican Presidential Nominee in 2012,1,2.0,Dec/29/2010 14:06:40
713089,2012.REP.NOM.RUBIO,Marco Rubio to be Republican Presidential Nominee in 2012,9,2.0,Dec/29/2010 14:06:40
713089,2012.REP.NOM.RUBIO,Marco Rubio to be Republican Presidential Nominee in 2012,12,2.0,Dec/29/2010 22:45:56
713089,2012.REP.NOM.RUBIO,Marco Rubio to be Republican Presidential Nominee in 2012,5,2.1,Dec/30/2010 13:50:01
713089,2012.REP.NOM.RUBIO,Marco Rubio to be Republican Presidential Nominee in 2012,5,2.1,Dec/30/2010 13:50:01
713089,2012.REP.NOM.RUBIO,Marco Rubio to be Republican Presidential Nominee in 2012,5,2.1,Dec/30/2010 13:50:01
713089,2012.REP.NOM.RUBIO,Marco Rubio to be Republican Presidential Nominee in 2012,5,2.1,Dec/30/2010 13:50:01
713089,2012.REP.NOM.RUBIO,Marco Rubio to be Republican Presidential Nominee in 2012,5,2.1,Dec/30/2010 13:50:01
713089,2012.REP.NOM.RUBIO,Marco Rubio to be Republican Presidential Nominee in 2012,5,2.1,Dec/30/2010 13:50:01
713089,2012.REP.NOM.RUBIO,Marco Rubio to be Republican Presidential Nominee in 2012,5,2.1,Dec/30/2010 13:50:01
713089,2012.REP.NOM.RUBIO,Marco Rubio to be Republican Presidential Nominee in 2012,1,2.1,Dec/30/2010 13:50:01
713089,2012.REP.NOM.RUBIO,Marco Rubio to be Republican Presidential Nominee in 2012,2,2.3,Dec/30/2010 13:50:09
713089,2012.REP.NOM.RUBIO,Marco Rubio to be Republican Presidential Nominee in 2012,5,2.3,Dec/30/2010 13:50:09
713089,2012.REP.NOM.RUBIO,Marco Rubio to be Republican Presidential Nominee in 2012,5,2.3,Dec/30/2010 13:50:09
713089,2012.REP.NOM.RUBIO,Marco Rubio to be Republican Presidential Nominee in 2012,5,2.2,Dec/30/2010 13:50:09
713089,2012.REP.NOM.RUBIO,Marco Rubio to be Republican Presidential Nominee in 2012,5,2.2,Dec/30/2010 13:50:09
713089,2012.REP.NOM.RUBIO,Marco Rubio to be Republican Presidential Nominee in 2012,5,2.5,Dec/30/2010 13:50:25
713089,2012.REP.NOM.RUBIO,Marco Rubio to be Republican Presidential Nominee in 2012,5,2.4,Dec/30/2010 13:50:25
713089,2012.REP.NOM.RUBIO,Marco Rubio to be Republican Presidential Nominee in 2012,5,2.5,Dec/30/2010 13:50:25
713089,2012.REP.NOM.RUBIO,Marco Rubio to be Republican Presidential Nominee in 2012,5,2.4,Dec/30/2010 13:50:25
713089,2012.REP.NOM.RUBIO,Marco Rubio to be Republican Presidential Nominee in 2012,5,2.5,Dec/30/2010 13:50:25
713089,2012.REP.NOM.RUBIO,Marco Rubio to be Republican Presidential Nominee in 2012,5,2.7,Dec/30/2010 13:52:20
713089,2012.REP.NOM.RUBIO,Marco Rubio to be Republican Presidential Nominee in 2012,6,2.6,Dec/30/2010 13:52:20
713089,2012.REP.NOM.RUBIO,Marco Rubio to be Republican Presidential Nominee in 2012,5,2.8,Dec/30/2010 13:52:20
713089,2012.REP.NOM.RUBIO,Marco Rubio to be Republican Presidential Nominee in 2012,5,2.9,Dec/30/2010 13:52:48
713089,2012.REP.NOM.RUBIO,Marco Rubio to be Republican Presidential Nominee in 2012,5,2.9,Dec/30/2010 13:52:48
713089,2012.REP.NOM.RUBIO,Marco Rubio to be Republican Presidential Nominee in 2012,10,2.9,Dec/30/2010 13:52:48
713089,2012.REP.NOM.RUBIO,Marco Rubio to be Republican Presidential Nominee in 2012,1,2.0,Jan/01/2011 19:27:36
713089,2012.REP.NOM.RUBIO,Marco Rubio to be Republican Presidential Nominee in 2012,20,2.0,Jan/01/2011 21:20:02
713089,2012.REP.NOM.RUBIO,Marco Rubio to be Republican Presidential Nominee in 2012,1,2.0,Jan/02/2011 20:08:10
713089,2012.REP.NOM.RUBIO,Marco Rubio to be Republican Presidential Nominee in 2012,10,2.1,Jan/03/2011 03:09:03
713089,2012.REP.NOM.RUBIO,Marco Rubio to be Republican Presidential Nominee in 2012,1,2.2,Jan/03/2011 03:09:37
713089,2012.REP.NOM.RUBIO,Marco Rubio to be Republican Presidential Nominee in 2012,10,2.3,Jan/03/2011 03:09:50
713089,2012.REP.NOM.RUBIO,Marco Rubio to be Republican Presidential Nominee in 2012,10,2.4,Jan/03/2011 03:10:22
713089,2012.REP.NOM.RUBIO,Marco Rubio to be Republican Presidential Nominee in 2012,10,2.5,Jan/03/2011 03:10:46
713089,2012.REP.NOM.RUBIO,Marco Rubio to be Republican Presidential Nominee in 2012,10,2.6,Jan/03/2011 03:11:11
713089,2012.REP.NOM.RUBIO,Marco Rubio to be Republican Presidential Nominee in 2012,1,2.5,Jan/03/2011 03:54:25
713089,2012.REP.NOM.RUBIO,Marco Rubio to be Republican Presidential Nominee in 2012,5,2.4,Jan/03/2011 12:30:53
713089,2012.REP.NOM.RUBIO,Marco Rubio to be Republican Presidential Nominee in 2012,5,2.4,Jan/03/2011 12:30:58
713089,2012.REP.NOM.RUBIO,Marco Rubio to be Republican Presidential Nominee in 2012,1,2.1,Jan/03/2011 15:04:34
713089,2012.REP.NOM.RUBIO,Marco Rubio to be Republican Presidential Nominee in 2012,2,2.0,Jan/03/2011 16:34:35
713089,2012.REP.NOM.RUBIO,Marco Rubio to be Republican Presidential Nominee in 2012,1,2.0,Jan/03/2011 18:16:15
713089,2012.REP.NOM.RUBIO,Marco Rubio to be Republican Presidential Nominee in 2012,50,1.9,Jan/04/2011 21:03:51
713089,2012.REP.NOM.RUBIO,Marco Rubio to be Republican Presidential Nominee in 2012,36,2.0,Jan/04/2011 21:03:51
713089,2012.REP.NOM.RUBIO,Marco Rubio to be Republican Presidential Nominee in 2012,39,1.9,Jan/04/2011 21:03:51
713089,2012.REP.NOM.RUBIO,Marco Rubio to be Republican Presidential Nominee in 2012,10,1.9,Jan/04/2011 22:41:04
713089,2012.REP.NOM.RUBIO,Marco Rubio to be Republican Presidential Nominee in 2012,10,1.9,Jan/04/2011 22:41:51
713089,2012.REP.NOM.RUBIO,Marco Rubio to be Republican Presidential Nominee in 2012,10,1.9,Jan/05/2011 05:02:25
713089,2012.REP.NOM.RUBIO,Marco Rubio to be Republican Presidential Nominee in 2012,19,1.9,Jan/05/2011 05:57:03
713089,2012.REP.NOM.RUBIO,Marco Rubio to be Republican Presidential Nominee in 2012,5,1.9,Jan/05/2011 14:50:44
713089,2012.REP.NOM.RUBIO,Marco Rubio to be Republican Presidential Nominee in 2012,10,1.9,Jan/06/2011 19:30:05
713089,2012.REP.NOM.RUBIO,Marco Rubio to be Republican Presidential Nominee in 2012,7,1.8,Jan/06/2011 21:07:24
713089,2012.REP.NOM.RUBIO,Marco Rubio to be Republican Presidential Nominee in 2012,18,1.8,Jan/06/2011 21:08:52
713089,2012.REP.NOM.RUBIO,Marco Rubio to be Republican Presidential Nominee in 2012,10,1.7,Jan/08/2011 01:45:59
713089,2012.REP.NOM.RUBIO,Marco Rubio to be Republican Presidential Nominee in 2012,1,1.7,Jan/08/2011 17:40:18
713089,2012.REP.NOM.RUBIO,Marco Rubio to be Republican Presidential Nominee in 2012,6,1.7,Jan/08/2011 17:40:25
713089,2012.REP.NOM.RUBIO,Marco Rubio to be Republican Presidential Nominee in 2012,1,1.7,Jan/08/2011 17:47:44
713089,2012.REP.NOM.RUBIO,Marco Rubio to be Republican Presidential Nominee in 2012,2,1.7,Jan/08/2011 17:47:50
713089,2012.REP.NOM.RUBIO,Marco Rubio to be Republican Presidential Nominee in 2012,9,1.7,Jan/08/2011 17:47:56
713089,2012.REP.NOM.RUBIO,Marco Rubio to be Republican Presidential Nominee in 2012,1,1.7,Jan/08/2011 17:47:56
713089,2012.REP.NOM.RUBIO,Marco Rubio to be Republican Presidential Nominee in 2012,2,1.7,Jan/08/2011 17:48:02
713089,2012.REP.NOM.RUBIO,Marco Rubio to be Republican Presidential Nominee in 2012,4,1.7,Jan/08/2011 17:48:08
713089,2012.REP.NOM.RUBIO,Marco Rubio to be Republican Presidential Nominee in 2012,3,1.7,Jan/08/2011 17:48:14
713089,2012.REP.NOM.RUBIO,Marco Rubio to be Republican Presidential Nominee in 2012,1,1.7,Jan/08/2011 17:48:20
713089,2012.REP.NOM.RUBIO,Marco Rubio to be Republican Presidential Nominee in 2012,2,1.7,Jan/08/2011 17:48:26
713089,2012.REP.NOM.RUBIO,Marco Rubio to be Republican Presidential Nominee in 2012,1,1.7,Jan/08/2011 17:48:32
713089,2012.REP.NOM.RUBIO,Marco Rubio to be Republican Presidential Nominee in 2012,2,1.7,Jan/08/2011 17:48:38
713089,2012.REP.NOM.RUBIO,Marco Rubio to be Republican Presidential Nominee in 2012,4,1.7,Jan/08/2011 17:48:44
713089,2012.REP.NOM.RUBIO,Marco Rubio to be Republican Presidential Nominee in 2012,2,1.7,Jan/08/2011 17:48:50
713089,2012.REP.NOM.RUBIO,Marco Rubio to be Republican Presidential Nominee in 2012,1,1.7,Jan/08/2011 17:48:56
713089,2012.REP.NOM.RUBIO,Marco Rubio to be Republican Presidential Nominee in 2012,2,1.7,Jan/08/2011 17:49:02
713089,2012.REP.NOM.RUBIO,Marco Rubio to be Republican Presidential Nominee in 2012,8,1.7,Jan/08/2011 17:49:02
713089,2012.REP.NOM.RUBIO,Marco Rubio to be Republican Presidential Nominee in 2012,10,1.7,Jan/08/2011 18:14:15
713089,2012.REP.NOM.RUBIO,Marco Rubio to be Republican Presidential Nominee in 2012,32,1.7,Jan/08/2011 19:45:51
713089,2012.REP.NOM.RUBIO,Marco Rubio to be Republican Presidential Nominee in 2012,18,1.6,Jan/08/2011 19:46:46
713089,2012.REP.NOM.RUBIO,Marco Rubio to be Republican Presidential Nominee in 2012,1,1.5,Jan/08/2011 20:10:22
713089,2012.REP.NOM.RUBIO,Marco Rubio to be Republican Presidential Nominee in 2012,10,1.5,Jan/09/2011 14:57:13
713089,2012.REP.NOM.RUBIO,Marco Rubio to be Republican Presidential Nominee in 2012,1,1.6,Jan/11/2011 15:05:24
713089,2012.REP.NOM.RUBIO,Marco Rubio to be Republican Presidential Nominee in 2012,10,1.6,Jan/11/2011 15:05:24
713089,2012.REP.NOM.RUBIO,Marco Rubio to be Republican Presidential Nominee in 2012,10,1.6,Jan/11/2011 15:05:24
713089,2012.REP.NOM.RUBIO,Marco Rubio to be Republican Presidential Nominee in 2012,10,1.6,Jan/11/2011 15:05:24
713089,2012.REP.NOM.RUBIO,Marco Rubio to be Republican Presidential Nominee in 2012,4,1.4,Jan/12/2011 03:12:09
713089,2012.REP.NOM.RUBIO,Marco Rubio to be Republican Presidential Nominee in 2012,3,1.1,Jan/12/2011 18:33:51
713089,2012.REP.NOM.RUBIO,Marco Rubio to be Republican Presidential Nominee in 2012,2,1.2,Jan/12/2011 18:33:51
713089,2012.REP.NOM.RUBIO,Marco Rubio to be Republican Presidential Nominee in 2012,7,1.1,Jan/12/2011 18:43:04
713089,2012.REP.NOM.RUBIO,Marco Rubio to be Republican Presidential Nominee in 2012,10,1.0,Jan/12/2011 19:10:08
713089,2012.REP.NOM.RUBIO,Marco Rubio to be Republican Presidential Nominee in 2012,5,1.0,Jan/12/2011 19:12:05
713089,2012.REP.NOM.RUBIO,Marco Rubio to be Republican Presidential Nominee in 2012,5,0.8,Jan/13/2011 03:26:04
713089,2012.REP.NOM.RUBIO,Marco Rubio to be Republican Presidential Nominee in 2012,70,0.8,Jan/13/2011 22:36:12
713089,2012.REP.NOM.RUBIO,Marco Rubio to be Republican Presidential Nominee in 2012,1,0.5,Jan/14/2011 15:22:33
713089,2012.REP.NOM.RUBIO,Marco Rubio to be Republican Presidential Nominee in 2012,2,0.6,Jan/14/2011 15:22:33
713089,2012.REP.NOM.RUBIO,Marco Rubio to be Republican Presidential Nominee in 2012,10,0.4,Jan/17/2011 21:01:28
713089,2012.REP.NOM.RUBIO,Marco Rubio to be Republican Presidential Nominee in 2012,1,0.5,Jan/18/2011 06:30:42
713089,2012.REP.NOM.RUBIO,Marco Rubio to be Republican Presidential Nominee in 2012,1,0.5,Jan/19/2011 13:52:57
713089,2012.REP.NOM.RUBIO,Marco Rubio to be Republican Presidential Nominee in 2012,1,0.5,Jan/19/2011 13:53:03
713089,2012.REP.NOM.RUBIO,Marco Rubio to be Republican Presidential Nominee in 2012,2,0.5,Jan/19/2011 13:53:34
713089,2012.REP.NOM.RUBIO,Marco Rubio to be Republican Presidential Nominee in 2012,3,0.5,Jan/20/2011 04:03:51
713089,2012.REP.NOM.RUBIO,Marco Rubio to be Republican Presidential Nominee in 2012,5,0.4,Jan/20/2011 15:03:55
713089,2012.REP.NOM.RUBIO,Marco Rubio to be Republican Presidential Nominee in 2012,4,0.4,Jan/20/2011 15:04:27
713089,2012.REP.NOM.RUBIO,Marco Rubio to be Republican Presidential Nominee in 2012,1,0.4,Jan/20/2011 15:07:50
713089,2012.REP.NOM.RUBIO,Marco Rubio to be Republican Presidential Nominee in 2012,1,0.4,Jan/20/2011 15:07:56
713089,2012.REP.NOM.RUBIO,Marco Rubio to be Republican Presidential Nominee in 2012,1,0.4,Jan/20/2011 15:08:26
713089,2012.REP.NOM.RUBIO,Marco Rubio to be Republican Presidential Nominee in 2012,1,0.4,Jan/20/2011 15:08:32
713089,2012.REP.NOM.RUBIO,Marco Rubio to be Republican Presidential Nominee in 2012,3,0.4,Jan/20/2011 15:09:07
713089,2012.REP.NOM.RUBIO,Marco Rubio to be Republican Presidential Nominee in 2012,2,0.4,Jan/20/2011 15:10:17
713089,2012.REP.NOM.RUBIO,Marco Rubio to be Republican Presidential Nominee in 2012,3,0.4,Jan/20/2011 15:10:23
713089,2012.REP.NOM.RUBIO,Marco Rubio to be Republican Presidential Nominee in 2012,3,0.4,Jan/20/2011 15:10:53
713089,2012.REP.NOM.RUBIO,Marco Rubio to be Republican Presidential Nominee in 2012,1,0.4,Jan/21/2011 01:39:03
713089,2012.REP.NOM.RUBIO,Marco Rubio to be Republican Presidential Nominee in 2012,1,0.4,Jan/21/2011 19:22:27
713089,2012.REP.NOM.RUBIO,Marco Rubio to be Republican Presidential Nominee in 2012,4,0.4,Jan/21/2011 19:23:37
713089,2012.REP.NOM.RUBIO,Marco Rubio to be Republican Presidential Nominee in 2012,4,0.4,Jan/21/2011 19:24:08
713089,2012.REP.NOM.RUBIO,Marco Rubio to be Republican Presidential Nominee in 2012,1,0.4,Jan/21/2011 19:24:43
713089,2012.REP.NOM.RUBIO,Marco Rubio to be Republican Presidential Nominee in 2012,1,0.4,Jan/21/2011 19:26:13
713089,2012.REP.NOM.RUBIO,Marco Rubio to be Republican Presidential Nominee in 2012,2,0.4,Jan/21/2011 19:26:19
713089,2012.REP.NOM.RUBIO,Marco Rubio to be Republican Presidential Nominee in 2012,2,0.4,Jan/21/2011 19:26:21
713089,2012.REP.NOM.RUBIO,Marco Rubio to be Republican Presidential Nominee in 2012,10,0.4,Jan/21/2011 19:29:12
713089,2012.REP.NOM.RUBIO,Marco Rubio to be Republican Presidential Nominee in 2012,2,0.3,Jan/21/2011 21:52:06
713089,2012.REP.NOM.RUBIO,Marco Rubio to be Republican Presidential Nominee in 2012,2,0.4,Jan/22/2011 00:01:33
713089,2012.REP.NOM.RUBIO,Marco Rubio to be Republican Presidential Nominee in 2012,8,0.4,Jan/22/2011 00:08:05
713089,2012.REP.NOM.RUBIO,Marco Rubio to be Republican Presidential Nominee in 2012,3,0.4,Jan/22/2011 00:08:11
713089,2012.REP.NOM.RUBIO,Marco Rubio to be Republican Presidential Nominee in 2012,7,0.4,Jan/22/2011 03:58:50
713089,2012.REP.NOM.RUBIO,Marco Rubio to be Republican Presidential Nominee in 2012,3,0.4,Jan/22/2011 03:58:50
713089,2012.REP.NOM.RUBIO,Marco Rubio to be Republican Presidential Nominee in 2012,10,0.4,Jan/22/2011 04:04:31
713089,2012.REP.NOM.RUBIO,Marco Rubio to be Republican Presidential Nominee in 2012,1,0.4,Jan/23/2011 16:18:29
713089,2012.REP.NOM.RUBIO,Marco Rubio to be Republican Presidential Nominee in 2012,1,0.4,Jan/23/2011 16:19:00
713089,2012.REP.NOM.RUBIO,Marco Rubio to be Republican Presidential Nominee in 2012,1,0.4,Jan/23/2011 16:19:25
713089,2012.REP.NOM.RUBIO,Marco Rubio to be Republican Presidential Nominee in 2012,1,0.4,Jan/23/2011 16:19:32
713089,2012.REP.NOM.RUBIO,Marco Rubio to be Republican Presidential Nominee in 2012,1,0.4,Jan/23/2011 16:19:38
713089,2012.REP.NOM.RUBIO,Marco Rubio to be Republican Presidential Nominee in 2012,1,0.4,Jan/23/2011 16:19:59
713089,2012.REP.NOM.RUBIO,Marco Rubio to be Republican Presidential Nominee in 2012,1,0.4,Jan/23/2011 16:20:55
713089,2012.REP.NOM.RUBIO,Marco Rubio to be Republican Presidential Nominee in 2012,1,0.4,Jan/23/2011 16:21:00
713089,2012.REP.NOM.RUBIO,Marco Rubio to be Republican Presidential Nominee in 2012,1,0.4,Jan/23/2011 16:21:06
713089,2012.REP.NOM.RUBIO,Marco Rubio to be Republican Presidential Nominee in 2012,1,0.4,Jan/23/2011 16:21:43
713089,2012.REP.NOM.RUBIO,Marco Rubio to be Republican Presidential Nominee in 2012,10,0.4,Jan/24/2011 04:19:34
713089,2012.REP.NOM.RUBIO,Marco Rubio to be Republican Presidential Nominee in 2012,1,0.3,Jan/25/2011 11:31:16
713089,2012.REP.NOM.RUBIO,Marco Rubio to be Republican Presidential Nominee in 2012,2,0.3,Jan/25/2011 11:31:22
713089,2012.REP.NOM.RUBIO,Marco Rubio to be Republican Presidential Nominee in 2012,2,0.3,Jan/25/2011 11:31:28
713089,2012.REP.NOM.RUBIO,Marco Rubio to be Republican Presidential Nominee in 2012,2,0.3,Jan/25/2011 11:31:34
713089,2012.REP.NOM.RUBIO,Marco Rubio to be Republican Presidential Nominee in 2012,3,0.3,Jan/26/2011 22:02:03
713089,2012.REP.NOM.RUBIO,Marco Rubio to be Republican Presidential Nominee in 2012,2,0.3,Jan/26/2011 22:02:03
713089,2012.REP.NOM.RUBIO,Marco Rubio to be Republican Presidential Nominee in 2012,7,0.5,Jan/28/2011 00:14:40
713089,2012.REP.NOM.RUBIO,Marco Rubio to be Republican Presidential Nominee in 2012,8,0.6,Jan/28/2011 00:14:40
713089,2012.REP.NOM.RUBIO,Marco Rubio to be Republican Presidential Nominee in 2012,100,0.5,Jan/31/2011 15:29:12
713089,2012.REP.NOM.RUBIO,Marco Rubio to be Republican Presidential Nominee in 2012,300,0.5,Jan/31/2011 15:29:41
713089,2012.REP.NOM.RUBIO,Marco Rubio to be Republican Presidential Nominee in 2012,10,0.4,Feb/01/2011 01:54:18
713089,2012.REP.NOM.RUBIO,Marco Rubio to be Republican Presidential Nominee in 2012,10,0.4,Feb/01/2011 01:54:18
713089,2012.REP.NOM.RUBIO,Marco Rubio to be Republican Presidential Nominee in 2012,20,0.4,Feb/01/2011 01:57:13
713089,2012.REP.NOM.RUBIO,Marco Rubio to be Republican Presidential Nominee in 2012,30,0.4,Feb/01/2011 02:43:24
713089,2012.REP.NOM.RUBIO,Marco Rubio to be Republican Presidential Nominee in 2012,10,0.4,Feb/01/2011 03:25:19
713089,2012.REP.NOM.RUBIO,Marco Rubio to be Republican Presidential Nominee in 2012,10,0.4,Feb/01/2011 03:29:46
713089,2012.REP.NOM.RUBIO,Marco Rubio to be Republican Presidential Nominee in 2012,400,0.5,Feb/01/2011 12:19:34
713089,2012.REP.NOM.RUBIO,Marco Rubio to be Republican Presidential Nominee in 2012,300,0.5,Feb/01/2011 13:59:20
713089,2012.REP.NOM.RUBIO,Marco Rubio to be Republican Presidential Nominee in 2012,100,0.5,Feb/03/2011 07:56:06
713089,2012.REP.NOM.RUBIO,Marco Rubio to be Republican Presidential Nominee in 2012,100,0.5,Feb/03/2011 07:56:06
713089,2012.REP.NOM.RUBIO,Marco Rubio to be Republican Presidential Nominee in 2012,100,0.5,Feb/03/2011 07:56:06
713089,2012.REP.NOM.RUBIO,Marco Rubio to be Republican Presidential Nominee in 2012,1,0.4,Feb/03/2011 22:20:30
713089,2012.REP.NOM.RUBIO,Marco Rubio to be Republican Presidential Nominee in 2012,1,0.4,Feb/04/2011 22:04:10
713089,2012.REP.NOM.RUBIO,Marco Rubio to be Republican Presidential Nominee in 2012,2,0.4,Feb/07/2011 21:45:40
713089,2012.REP.NOM.RUBIO,Marco Rubio to be Republican Presidential Nominee in 2012,1,0.4,Feb/07/2011 21:45:46
713089,2012.REP.NOM.RUBIO,Marco Rubio to be Republican Presidential Nominee in 2012,1,0.4,Feb/07/2011 21:45:52
713089,2012.REP.NOM.RUBIO,Marco Rubio to be Republican Presidential Nominee in 2012,1,0.4,Feb/07/2011 21:50:56
713089,2012.REP.NOM.RUBIO,Marco Rubio to be Republican Presidential Nominee in 2012,1,0.4,Feb/07/2011 21:51:02
713089,2012.REP.NOM.RUBIO,Marco Rubio to be Republican Presidential Nominee in 2012,20,0.4,Feb/08/2011 03:22:23
713089,2012.REP.NOM.RUBIO,Marco Rubio to be Republican Presidential Nominee in 2012,72,0.4,Feb/08/2011 22:57:22
713089,2012.REP.NOM.RUBIO,Marco Rubio to be Republican Presidential Nominee in 2012,233,0.4,Feb/09/2011 07:27:47
713089,2012.REP.NOM.RUBIO,Marco Rubio to be Republican Presidential Nominee in 2012,20,0.4,Feb/09/2011 07:27:47
713089,2012.REP.NOM.RUBIO,Marco Rubio to be Republican Presidential Nominee in 2012,1,0.3,Feb/09/2011 13:50:55
713089,2012.REP.NOM.RUBIO,Marco Rubio to be Republican Presidential Nominee in 2012,75,0.4,Feb/11/2011 23:02:49
713089,2012.REP.NOM.RUBIO,Marco Rubio to be Republican Presidential Nominee in 2012,25,0.4,Feb/15/2011 02:42:26
713089,2012.REP.NOM.RUBIO,Marco Rubio to be Republican Presidential Nominee in 2012,2,0.3,Feb/15/2011 13:01:40
713089,2012.REP.NOM.RUBIO,Marco Rubio to be Republican Presidential Nominee in 2012,3,0.3,Feb/15/2011 13:01:40
713089,2012.REP.NOM.RUBIO,Marco Rubio to be Republican Presidential Nominee in 2012,20,0.3,Feb/16/2011 15:25:40
713089,2012.REP.NOM.RUBIO,Marco Rubio to be Republican Presidential Nominee in 2012,353,0.4,Feb/16/2011 16:13:14
713089,2012.REP.NOM.RUBIO,Marco Rubio to be Republican Presidential Nominee in 2012,10,0.4,Feb/16/2011 16:13:14
713089,2012.REP.NOM.RUBIO,Marco Rubio to be Republican Presidential Nominee in 2012,10,0.4,Feb/16/2011 16:13:14
713089,2012.REP.NOM.RUBIO,Marco Rubio to be Republican Presidential Nominee in 2012,20,0.4,Feb/16/2011 16:13:14
713089,2012.REP.NOM.RUBIO,Marco Rubio to be Republican Presidential Nominee in 2012,20,0.4,Feb/16/2011 16:13:14
713089,2012.REP.NOM.RUBIO,Marco Rubio to be Republican Presidential Nominee in 2012,20,0.5,Feb/16/2011 18:28:47
713089,2012.REP.NOM.RUBIO,Marco Rubio to be Republican Presidential Nominee in 2012,20,0.5,Feb/16/2011 18:38:14
713089,2012.REP.NOM.RUBIO,Marco Rubio to be Republican Presidential Nominee in 2012,20,0.5,Feb/16/2011 19:37:00
713089,2012.REP.NOM.RUBIO,Marco Rubio to be Republican Presidential Nominee in 2012,20,0.5,Feb/17/2011 00:03:56
713089,2012.REP.NOM.RUBIO,Marco Rubio to be Republican Presidential Nominee in 2012,1,0.5,Feb/17/2011 06:18:54
713089,2012.REP.NOM.RUBIO,Marco Rubio to be Republican Presidential Nominee in 2012,1,0.5,Feb/17/2011 14:52:31
713089,2012.REP.NOM.RUBIO,Marco Rubio to be Republican Presidential Nominee in 2012,1,0.5,Feb/17/2011 14:53:47
713089,2012.REP.NOM.RUBIO,Marco Rubio to be Republican Presidential Nominee in 2012,3,0.5,Feb/17/2011 14:53:57
713089,2012.REP.NOM.RUBIO,Marco Rubio to be Republican Presidential Nominee in 2012,4,0.5,Feb/17/2011 14:54:22
713089,2012.REP.NOM.RUBIO,Marco Rubio to be Republican Presidential Nominee in 2012,20,0.5,Feb/17/2011 18:11:27
713089,2012.REP.NOM.RUBIO,Marco Rubio to be Republican Presidential Nominee in 2012,20,0.4,Feb/19/2011 23:31:49
713089,2012.REP.NOM.RUBIO,Marco Rubio to be Republican Presidential Nominee in 2012,5,0.4,Feb/20/2011 06:37:41
713089,2012.REP.NOM.RUBIO,Marco Rubio to be Republican Presidential Nominee in 2012,15,0.4,Feb/20/2011 12:44:50
713089,2012.REP.NOM.RUBIO,Marco Rubio to be Republican Presidential Nominee in 2012,5,0.4,Feb/20/2011 12:44:50
713089,2012.REP.NOM.RUBIO,Marco Rubio to be Republican Presidential Nominee in 2012,12,0.5,Feb/20/2011 19:30:29
713089,2012.REP.NOM.RUBIO,Marco Rubio to be Republican Presidential Nominee in 2012,8,0.5,Feb/20/2011 19:33:32
713089,2012.REP.NOM.RUBIO,Marco Rubio to be Republican Presidential Nominee in 2012,20,0.3,Feb/20/2011 20:00:21
713089,2012.REP.NOM.RUBIO,Marco Rubio to be Republican Presidential Nominee in 2012,135,0.4,Feb/21/2011 23:21:14
713089,2012.REP.NOM.RUBIO,Marco Rubio to be Republican Presidential Nominee in 2012,100,0.4,Feb/22/2011 00:56:18
713089,2012.REP.NOM.RUBIO,Marco Rubio to be Republican Presidential Nominee in 2012,5,0.5,Feb/22/2011 04:38:42
713089,2012.REP.NOM.RUBIO,Marco Rubio to be Republican Presidential Nominee in 2012,1,0.4,Feb/22/2011 16:22:44
713089,2012.REP.NOM.RUBIO,Marco Rubio to be Republican Presidential Nominee in 2012,1,0.4,Feb/22/2011 16:22:49
713089,2012.REP.NOM.RUBIO,Marco Rubio to be Republican Presidential Nominee in 2012,63,0.4,Feb/22/2011 23:30:42
713089,2012.REP.NOM.RUBIO,Marco Rubio to be Republican Presidential Nominee in 2012,37,0.4,Feb/27/2011 05:42:18
713089,2012.REP.NOM.RUBIO,Marco Rubio to be Republican Presidential Nominee in 2012,20,0.4,Feb/27/2011 05:42:18
713089,2012.REP.NOM.RUBIO,Marco Rubio to be Republican Presidential Nominee in 2012,20,0.4,Feb/27/2011 05:42:18
713089,2012.REP.NOM.RUBIO,Marco Rubio to be Republican Presidential Nominee in 2012,20,0.4,Feb/27/2011 05:42:18
713089,2012.REP.NOM.RUBIO,Marco Rubio to be Republican Presidential Nominee in 2012,20,0.4,Feb/27/2011 05:42:18
713089,2012.REP.NOM.RUBIO,Marco Rubio to be Republican Presidential Nominee in 2012,83,0.4,Feb/28/2011 17:20:29
713089,2012.REP.NOM.RUBIO,Marco Rubio to be Republican Presidential Nominee in 2012,217,0.4,Mar/02/2011 13:40:35
713089,2012.REP.NOM.RUBIO,Marco Rubio to be Republican Presidential Nominee in 2012,20,0.4,Mar/02/2011 13:40:35
713089,2012.REP.NOM.RUBIO,Marco Rubio to be Republican Presidential Nominee in 2012,20,0.4,Mar/02/2011 13:40:35
713089,2012.REP.NOM.RUBIO,Marco Rubio to be Republican Presidential Nominee in 2012,3,0.5,Mar/03/2011 02:26:38
713089,2012.REP.NOM.RUBIO,Marco Rubio to be Republican Presidential Nominee in 2012,3,0.4,Mar/03/2011 03:11:33
713089,2012.REP.NOM.RUBIO,Marco Rubio to be Republican Presidential Nominee in 2012,12,0.5,Mar/03/2011 05:17:50
713089,2012.REP.NOM.RUBIO,Marco Rubio to be Republican Presidential Nominee in 2012,20,0.5,Mar/03/2011 05:17:50
713089,2012.REP.NOM.RUBIO,Marco Rubio to be Republican Presidential Nominee in 2012,17,0.4,Mar/03/2011 05:17:50
713089,2012.REP.NOM.RUBIO,Marco Rubio to be Republican Presidential Nominee in 2012,100,0.6,Mar/03/2011 16:48:20
713089,2012.REP.NOM.RUBIO,Marco Rubio to be Republican Presidential Nominee in 2012,20,0.6,Mar/04/2011 22:45:27
713089,2012.REP.NOM.RUBIO,Marco Rubio to be Republican Presidential Nominee in 2012,530,0.6,Mar/05/2011 09:23:49
713089,2012.REP.NOM.RUBIO,Marco Rubio to be Republican Presidential Nominee in 2012,30,0.6,Mar/05/2011 15:33:05
713089,2012.REP.NOM.RUBIO,Marco Rubio to be Republican Presidential Nominee in 2012,20,0.6,Mar/05/2011 15:45:39
713089,2012.REP.NOM.RUBIO,Marco Rubio to be Republican Presidential Nominee in 2012,20,0.6,Mar/05/2011 15:49:53
713089,2012.REP.NOM.RUBIO,Marco Rubio to be Republican Presidential Nominee in 2012,1,0.4,Mar/08/2011 12:39:56
713089,2012.REP.NOM.RUBIO,Marco Rubio to be Republican Presidential Nominee in 2012,1,0.4,Mar/08/2011 12:41:45
713089,2012.REP.NOM.RUBIO,Marco Rubio to be Republican Presidential Nominee in 2012,1,0.4,Mar/08/2011 12:41:51
713089,2012.REP.NOM.RUBIO,Marco Rubio to be Republican Presidential Nominee in 2012,1,0.4,Mar/08/2011 12:43:32
713089,2012.REP.NOM.RUBIO,Marco Rubio to be Republican Presidential Nominee in 2012,3,0.7,Mar/10/2011 08:56:52
713089,2012.REP.NOM.RUBIO,Marco Rubio to be Republican Presidential Nominee in 2012,20,0.7,Mar/10/2011 08:56:52
713089,2012.REP.NOM.RUBIO,Marco Rubio to be Republican Presidential Nominee in 2012,20,0.7,Mar/10/2011 08:56:52
713089,2012.REP.NOM.RUBIO,Marco Rubio to be Republican Presidential Nominee in 2012,20,0.7,Mar/10/2011 08:56:52
713089,2012.REP.NOM.RUBIO,Marco Rubio to be Republican Presidential Nominee in 2012,20,0.7,Mar/10/2011 08:56:52
713089,2012.REP.NOM.RUBIO,Marco Rubio to be Republican Presidential Nominee in 2012,10,0.9,Mar/10/2011 08:57:18
713089,2012.REP.NOM.RUBIO,Marco Rubio to be Republican Presidential Nominee in 2012,5,0.9,Mar/10/2011 08:57:18
713089,2012.REP.NOM.RUBIO,Marco Rubio to be Republican Presidential Nominee in 2012,20,0.9,Mar/10/2011 08:57:18
713089,2012.REP.NOM.RUBIO,Marco Rubio to be Republican Presidential Nominee in 2012,1,0.6,Mar/14/2011 15:19:41
713089,2012.REP.NOM.RUBIO,Marco Rubio to be Republican Presidential Nominee in 2012,1,0.6,Mar/14/2011 15:19:46
713089,2012.REP.NOM.RUBIO,Marco Rubio to be Republican Presidential Nominee in 2012,2,0.6,Mar/14/2011 15:21:02
713089,2012.REP.NOM.RUBIO,Marco Rubio to be Republican Presidential Nominee in 2012,20,0.7,Mar/15/2011 12:53:43
713089,2012.REP.NOM.RUBIO,Marco Rubio to be Republican Presidential Nominee in 2012,20,0.7,Mar/15/2011 12:53:43
713089,2012.REP.NOM.RUBIO,Marco Rubio to be Republican Presidential Nominee in 2012,20,0.7,Mar/15/2011 12:53:43
713089,2012.REP.NOM.RUBIO,Marco Rubio to be Republican Presidential Nominee in 2012,20,0.7,Mar/15/2011 12:53:43
713089,2012.REP.NOM.RUBIO,Marco Rubio to be Republican Presidential Nominee in 2012,20,0.7,Mar/15/2011 12:53:43
713089,2012.REP.NOM.RUBIO,Marco Rubio to be Republican Presidential Nominee in 2012,20,0.7,Mar/15/2011 12:53:43
713089,2012.REP.NOM.RUBIO,Marco Rubio to be Republican Presidential Nominee in 2012,20,0.7,Mar/15/2011 12:53:43
713089,2012.REP.NOM.RUBIO,Marco Rubio to be Republican Presidential Nominee in 2012,20,0.7,Mar/15/2011 12:53:43
713089,2012.REP.NOM.RUBIO,Marco Rubio to be Republican Presidential Nominee in 2012,50,0.8,Mar/15/2011 16:22:08
713089,2012.REP.NOM.RUBIO,Marco Rubio to be Republican Presidential Nominee in 2012,20,0.9,Mar/15/2011 16:22:30
713089,2012.REP.NOM.RUBIO,Marco Rubio to be Republican Presidential Nominee in 2012,40,0.9,Mar/16/2011 15:31:50
713089,2012.REP.NOM.RUBIO,Marco Rubio to be Republican Presidential Nominee in 2012,20,0.9,Mar/16/2011 15:31:50
713089,2012.REP.NOM.RUBIO,Marco Rubio to be Republican Presidential Nominee in 2012,1,0.7,Mar/17/2011 05:21:57
713089,2012.REP.NOM.RUBIO,Marco Rubio to be Republican Presidential Nominee in 2012,200,0.9,Mar/17/2011 15:02:32
713089,2012.REP.NOM.RUBIO,Marco Rubio to be Republican Presidential Nominee in 2012,40,0.8,Mar/17/2011 15:02:32
713089,2012.REP.NOM.RUBIO,Marco Rubio to be Republican Presidential Nominee in 2012,19,0.7,Mar/17/2011 15:02:32
713089,2012.REP.NOM.RUBIO,Marco Rubio to be Republican Presidential Nominee in 2012,20,0.7,Mar/17/2011 15:02:32
713089,2012.REP.NOM.RUBIO,Marco Rubio to be Republican Presidential Nominee in 2012,20,0.8,Mar/19/2011 06:22:58
713089,2012.REP.NOM.RUBIO,Marco Rubio to be Republican Presidential Nominee in 2012,20,0.8,Mar/19/2011 22:29:41
713089,2012.REP.NOM.RUBIO,Marco Rubio to be Republican Presidential Nominee in 2012,20,0.8,Mar/20/2011 20:05:50
713089,2012.REP.NOM.RUBIO,Marco Rubio to be Republican Presidential Nominee in 2012,20,0.9,Mar/22/2011 14:26:51
713089,2012.REP.NOM.RUBIO,Marco Rubio to be Republican Presidential Nominee in 2012,104,0.9,Mar/22/2011 14:26:51
713089,2012.REP.NOM.RUBIO,Marco Rubio to be Republican Presidential Nominee in 2012,20,0.8,Mar/22/2011 14:26:51
713089,2012.REP.NOM.RUBIO,Marco Rubio to be Republican Presidential Nominee in 2012,13,0.8,Mar/22/2011 14:26:51
713089,2012.REP.NOM.RUBIO,Marco Rubio to be Republican Presidential Nominee in 2012,20,0.8,Mar/22/2011 14:26:51
713089,2012.REP.NOM.RUBIO,Marco Rubio to be Republican Presidential Nominee in 2012,20,0.8,Mar/22/2011 14:26:51
713089,2012.REP.NOM.RUBIO,Marco Rubio to be Republican Presidential Nominee in 2012,20,0.8,Mar/22/2011 14:26:51
713089,2012.REP.NOM.RUBIO,Marco Rubio to be Republican Presidential Nominee in 2012,100,0.7,Mar/23/2011 04:57:16
713089,2012.REP.NOM.RUBIO,Marco Rubio to be Republican Presidential Nominee in 2012,43,0.7,Mar/23/2011 14:22:07
713089,2012.REP.NOM.RUBIO,Marco Rubio to be Republican Presidential Nominee in 2012,100,0.7,Mar/24/2011 21:41:42
713089,2012.REP.NOM.RUBIO,Marco Rubio to be Republican Presidential Nominee in 2012,100,0.7,Mar/27/2011 20:40:58
713089,2012.REP.NOM.RUBIO,Marco Rubio to be Republican Presidential Nominee in 2012,5,0.6,Mar/29/2011 14:02:47
713089,2012.REP.NOM.RUBIO,Marco Rubio to be Republican Presidential Nominee in 2012,300,0.5,Mar/29/2011 17:56:30
713089,2012.REP.NOM.RUBIO,Marco Rubio to be Republican Presidential Nominee in 2012,368,0.6,Mar/29/2011 18:49:06
713089,2012.REP.NOM.RUBIO,Marco Rubio to be Republican Presidential Nominee in 2012,100,0.6,Mar/30/2011 04:01:37
713089,2012.REP.NOM.RUBIO,Marco Rubio to be Republican Presidential Nominee in 2012,200,0.5,Mar/30/2011 18:23:53
713089,2012.REP.NOM.RUBIO,Marco Rubio to be Republican Presidential Nominee in 2012,100,0.5,Mar/30/2011 18:23:53
713089,2012.REP.NOM.RUBIO,Marco Rubio to be Republican Presidential Nominee in 2012,100,0.5,Mar/30/2011 18:23:53
713089,2012.REP.NOM.RUBIO,Marco Rubio to be Republican Presidential Nominee in 2012,100,0.5,Mar/31/2011 00:52:01
713089,2012.REP.NOM.RUBIO,Marco Rubio to be Republican Presidential Nominee in 2012,100,0.5,Mar/31/2011 00:53:49
713089,2012.REP.NOM.RUBIO,Marco Rubio to be Republican Presidential Nominee in 2012,100,0.5,Mar/31/2011 00:56:19
713089,2012.REP.NOM.RUBIO,Marco Rubio to be Republican Presidential Nominee in 2012,14,0.5,Mar/31/2011 05:16:24
713089,2012.REP.NOM.RUBIO,Marco Rubio to be Republican Presidential Nominee in 2012,80,0.6,Mar/31/2011 19:49:27
713089,2012.REP.NOM.RUBIO,Marco Rubio to be Republican Presidential Nominee in 2012,20,0.6,Mar/31/2011 21:10:52
713089,2012.REP.NOM.RUBIO,Marco Rubio to be Republican Presidential Nominee in 2012,20,0.6,Mar/31/2011 21:10:52
713089,2012.REP.NOM.RUBIO,Marco Rubio to be Republican Presidential Nominee in 2012,1,0.6,Mar/31/2011 21:10:52
713089,2012.REP.NOM.RUBIO,Marco Rubio to be Republican Presidential Nominee in 2012,100,0.6,Mar/31/2011 21:10:52
713089,2012.REP.NOM.RUBIO,Marco Rubio to be Republican Presidential Nominee in 2012,14,0.6,Mar/31/2011 21:10:52
713089,2012.REP.NOM.RUBIO,Marco Rubio to be Republican Presidential Nominee in 2012,20,0.6,Mar/31/2011 21:10:52
713089,2012.REP.NOM.RUBIO,Marco Rubio to be Republican Presidential Nominee in 2012,100,0.6,Mar/31/2011 21:10:52
713089,2012.REP.NOM.RUBIO,Marco Rubio to be Republican Presidential Nominee in 2012,1,0.7,Mar/31/2011 21:11:30
713089,2012.REP.NOM.RUBIO,Marco Rubio to be Republican Presidential Nominee in 2012,100,0.7,Mar/31/2011 21:11:30
713089,2012.REP.NOM.RUBIO,Marco Rubio to be Republican Presidential Nominee in 2012,1,0.7,Mar/31/2011 21:11:30
713089,2012.REP.NOM.RUBIO,Marco Rubio to be Republican Presidential Nominee in 2012,100,1.0,Mar/31/2011 21:12:22
713089,2012.REP.NOM.RUBIO,Marco Rubio to be Republican Presidential Nominee in 2012,23,1.0,Mar/31/2011 21:12:22
713089,2012.REP.NOM.RUBIO,Marco Rubio to be Republican Presidential Nominee in 2012,1,0.6,Mar/31/2011 22:13:24
713089,2012.REP.NOM.RUBIO,Marco Rubio to be Republican Presidential Nominee in 2012,119,0.6,Apr/04/2011 03:33:44
713089,2012.REP.NOM.RUBIO,Marco Rubio to be Republican Presidential Nominee in 2012,20,0.6,Apr/04/2011 03:33:44
713089,2012.REP.NOM.RUBIO,Marco Rubio to be Republican Presidential Nominee in 2012,20,0.6,Apr/04/2011 03:33:44
713089,2012.REP.NOM.RUBIO,Marco Rubio to be Republican Presidential Nominee in 2012,20,0.6,Apr/04/2011 03:33:44
713089,2012.REP.NOM.RUBIO,Marco Rubio to be Republican Presidential Nominee in 2012,100,0.5,Apr/05/2011 07:01:30
713089,2012.REP.NOM.RUBIO,Marco Rubio to be Republican Presidential Nominee in 2012,1,0.5,Apr/06/2011 23:21:13
713089,2012.REP.NOM.RUBIO,Marco Rubio to be Republican Presidential Nominee in 2012,2,0.5,Apr/06/2011 23:21:19
713089,2012.REP.NOM.RUBIO,Marco Rubio to be Republican Presidential Nominee in 2012,2,0.5,Apr/06/2011 23:22:22
713089,2012.REP.NOM.RUBIO,Marco Rubio to be Republican Presidential Nominee in 2012,100,0.5,Apr/10/2011 01:59:50
713089,2012.REP.NOM.RUBIO,Marco Rubio to be Republican Presidential Nominee in 2012,100,0.4,Apr/10/2011 02:21:48
713089,2012.REP.NOM.RUBIO,Marco Rubio to be Republican Presidential Nominee in 2012,522,0.4,Apr/13/2011 08:08:03
713089,2012.REP.NOM.RUBIO,Marco Rubio to be Republican Presidential Nominee in 2012,20,0.4,Apr/13/2011 08:08:03
713089,2012.REP.NOM.RUBIO,Marco Rubio to be Republican Presidential Nominee in 2012,20,0.4,Apr/13/2011 08:08:03
713089,2012.REP.NOM.RUBIO,Marco Rubio to be Republican Presidential Nominee in 2012,20,0.4,Apr/13/2011 08:08:03
713089,2012.REP.NOM.RUBIO,Marco Rubio to be Republican Presidential Nominee in 2012,20,0.5,Apr/13/2011 14:13:57
713089,2012.REP.NOM.RUBIO,Marco Rubio to be Republican Presidential Nominee in 2012,20,0.4,Apr/13/2011 20:19:31
713089,2012.REP.NOM.RUBIO,Marco Rubio to be Republican Presidential Nominee in 2012,50,0.3,Apr/13/2011 21:58:53
713089,2012.REP.NOM.RUBIO,Marco Rubio to be Republican Presidential Nominee in 2012,100,0.3,Apr/14/2011 00:06:26
713089,2012.REP.NOM.RUBIO,Marco Rubio to be Republican Presidential Nominee in 2012,20,0.4,Apr/14/2011 11:13:08
713089,2012.REP.NOM.RUBIO,Marco Rubio to be Republican Presidential Nominee in 2012,25,0.4,Apr/14/2011 15:47:06
713089,2012.REP.NOM.RUBIO,Marco Rubio to be Republican Presidential Nominee in 2012,10,0.4,Apr/15/2011 07:31:14
713089,2012.REP.NOM.RUBIO,Marco Rubio to be Republican Presidential Nominee in 2012,85,0.4,Apr/19/2011 15:49:45
713089,2012.REP.NOM.RUBIO,Marco Rubio to be Republican Presidential Nominee in 2012,20,0.4,Apr/19/2011 15:49:45
713089,2012.REP.NOM.RUBIO,Marco Rubio to be Republican Presidential Nominee in 2012,20,0.4,Apr/19/2011 15:49:45
713089,2012.REP.NOM.RUBIO,Marco Rubio to be Republican Presidential Nominee in 2012,20,0.4,Apr/19/2011 15:49:45
713089,2012.REP.NOM.RUBIO,Marco Rubio to be Republican Presidential Nominee in 2012,20,0.4,Apr/19/2011 15:49:45
713089,2012.REP.NOM.RUBIO,Marco Rubio to be Republican Presidential Nominee in 2012,20,0.4,Apr/19/2011 15:49:45
713089,2012.REP.NOM.RUBIO,Marco Rubio to be Republican Presidential Nominee in 2012,20,0.4,Apr/19/2011 15:49:45
713089,2012.REP.NOM.RUBIO,Marco Rubio to be Republican Presidential Nominee in 2012,40,0.4,Apr/19/2011 15:49:45
713089,2012.REP.NOM.RUBIO,Marco Rubio to be Republican Presidential Nominee in 2012,5,0.4,Apr/19/2011 15:49:45
713089,2012.REP.NOM.RUBIO,Marco Rubio to be Republican Presidential Nominee in 2012,100,0.3,Apr/22/2011 05:45:28
713089,2012.REP.NOM.RUBIO,Marco Rubio to be Republican Presidential Nominee in 2012,15,0.4,Apr/22/2011 21:21:26
713089,2012.REP.NOM.RUBIO,Marco Rubio to be Republican Presidential Nominee in 2012,5,0.4,Apr/22/2011 21:21:26
713089,2012.REP.NOM.RUBIO,Marco Rubio to be Republican Presidential Nominee in 2012,250,0.3,Apr/24/2011 00:07:56
713089,2012.REP.NOM.RUBIO,Marco Rubio to be Republican Presidential Nominee in 2012,50,0.3,Apr/24/2011 00:07:56
713089,2012.REP.NOM.RUBIO,Marco Rubio to be Republican Presidential Nominee in 2012,5,0.3,Apr/24/2011 00:07:56
713089,2012.REP.NOM.RUBIO,Marco Rubio to be Republican Presidential Nominee in 2012,20,0.3,Apr/24/2011 00:07:56
713089,2012.REP.NOM.RUBIO,Marco Rubio to be Republican Presidential Nominee in 2012,81,0.3,Apr/24/2011 00:07:56
713089,2012.REP.NOM.RUBIO,Marco Rubio to be Republican Presidential Nominee in 2012,20,0.3,May/01/2011 21:49:35
713089,2012.REP.NOM.RUBIO,Marco Rubio to be Republican Presidential Nominee in 2012,47,0.3,May/02/2011 00:17:41
713089,2012.REP.NOM.RUBIO,Marco Rubio to be Republican Presidential Nominee in 2012,5,0.3,May/03/2011 14:03:59
713089,2012.REP.NOM.RUBIO,Marco Rubio to be Republican Presidential Nominee in 2012,10,0.3,May/03/2011 16:59:11
713089,2012.REP.NOM.RUBIO,Marco Rubio to be Republican Presidential Nominee in 2012,20,0.3,May/03/2011 20:55:23
713089,2012.REP.NOM.RUBIO,Marco Rubio to be Republican Presidential Nominee in 2012,200,0.3,May/04/2011 02:25:55
713089,2012.REP.NOM.RUBIO,Marco Rubio to be Republican Presidential Nominee in 2012,20,0.3,May/04/2011 17:20:17
713089,2012.REP.NOM.RUBIO,Marco Rubio to be Republican Presidential Nominee in 2012,20,0.3,May/04/2011 17:23:55
713089,2012.REP.NOM.RUBIO,Marco Rubio to be Republican Presidential Nominee in 2012,1,0.3,May/04/2011 17:31:37
713089,2012.REP.NOM.RUBIO,Marco Rubio to be Republican Presidential Nominee in 2012,1,0.3,May/04/2011 17:31:57
713089,2012.REP.NOM.RUBIO,Marco Rubio to be Republican Presidential Nominee in 2012,1,0.3,May/04/2011 17:33:42
713089,2012.REP.NOM.RUBIO,Marco Rubio to be Republican Presidential Nominee in 2012,1,0.3,May/04/2011 17:33:57
713089,2012.REP.NOM.RUBIO,Marco Rubio to be Republican Presidential Nominee in 2012,1,0.3,May/04/2011 17:34:12
713089,2012.REP.NOM.RUBIO,Marco Rubio to be Republican Presidential Nominee in 2012,20,0.3,May/04/2011 17:41:32
713089,2012.REP.NOM.RUBIO,Marco Rubio to be Republican Presidential Nominee in 2012,600,0.3,May/04/2011 19:33:36
713089,2012.REP.NOM.RUBIO,Marco Rubio to be Republican Presidential Nominee in 2012,33,0.3,May/04/2011 20:07:17
713089,2012.REP.NOM.RUBIO,Marco Rubio to be Republican Presidential Nominee in 2012,10,0.3,May/05/2011 02:58:53
713089,2012.REP.NOM.RUBIO,Marco Rubio to be Republican Presidential Nominee in 2012,2,0.2,May/05/2011 14:13:28
713089,2012.REP.NOM.RUBIO,Marco Rubio to be Republican Presidential Nominee in 2012,3,0.2,May/05/2011 14:13:28
713089,2012.REP.NOM.RUBIO,Marco Rubio to be Republican Presidential Nominee in 2012,203,0.3,May/07/2011 21:21:15
713089,2012.REP.NOM.RUBIO,Marco Rubio to be Republican Presidential Nominee in 2012,2,0.3,May/07/2011 21:21:15
713089,2012.REP.NOM.RUBIO,Marco Rubio to be Republican Presidential Nominee in 2012,10,0.3,May/07/2011 21:21:15
713089,2012.REP.NOM.RUBIO,Marco Rubio to be Republican Presidential Nominee in 2012,10,0.3,May/07/2011 21:21:15
713089,2012.REP.NOM.RUBIO,Marco Rubio to be Republican Presidential Nominee in 2012,10,0.3,May/08/2011 20:50:49
713089,2012.REP.NOM.RUBIO,Marco Rubio to be Republican Presidential Nominee in 2012,10,0.3,May/08/2011 20:50:49
713089,2012.REP.NOM.RUBIO,Marco Rubio to be Republican Presidential Nominee in 2012,1,0.2,May/09/2011 22:04:37
713089,2012.REP.NOM.RUBIO,Marco Rubio to be Republican Presidential Nominee in 2012,1,0.2,May/09/2011 22:05:32
713089,2012.REP.NOM.RUBIO,Marco Rubio to be Republican Presidential Nominee in 2012,1,0.2,May/10/2011 04:00:37
713089,2012.REP.NOM.RUBIO,Marco Rubio to be Republican Presidential Nominee in 2012,1,0.2,May/10/2011 04:00:42
713089,2012.REP.NOM.RUBIO,Marco Rubio to be Republican Presidential Nominee in 2012,1,0.2,May/10/2011 04:00:47
713089,2012.REP.NOM.RUBIO,Marco Rubio to be Republican Presidential Nominee in 2012,1,0.2,May/10/2011 04:00:53
713089,2012.REP.NOM.RUBIO,Marco Rubio to be Republican Presidential Nominee in 2012,1,0.2,May/10/2011 13:08:02
713089,2012.REP.NOM.RUBIO,Marco Rubio to be Republican Presidential Nominee in 2012,1,0.2,May/10/2011 13:08:08
713089,2012.REP.NOM.RUBIO,Marco Rubio to be Republican Presidential Nominee in 2012,1,0.2,May/10/2011 13:08:14
713089,2012.REP.NOM.RUBIO,Marco Rubio to be Republican Presidential Nominee in 2012,1,0.2,May/10/2011 13:08:25
713089,2012.REP.NOM.RUBIO,Marco Rubio to be Republican Presidential Nominee in 2012,1,0.2,May/10/2011 14:02:20
713089,2012.REP.NOM.RUBIO,Marco Rubio to be Republican Presidential Nominee in 2012,1,0.2,May/10/2011 14:03:51
713089,2012.REP.NOM.RUBIO,Marco Rubio to be Republican Presidential Nominee in 2012,2,0.2,May/10/2011 14:04:01
713089,2012.REP.NOM.RUBIO,Marco Rubio to be Republican Presidential Nominee in 2012,1,0.2,May/10/2011 14:04:16
713089,2012.REP.NOM.RUBIO,Marco Rubio to be Republican Presidential Nominee in 2012,1,0.2,May/10/2011 14:04:21
713089,2012.REP.NOM.RUBIO,Marco Rubio to be Republican Presidential Nominee in 2012,4,0.2,May/10/2011 14:04:26
713089,2012.REP.NOM.RUBIO,Marco Rubio to be Republican Presidential Nominee in 2012,5,0.2,May/10/2011 14:11:45
713089,2012.REP.NOM.RUBIO,Marco Rubio to be Republican Presidential Nominee in 2012,10,0.2,May/13/2011 16:22:47
713089,2012.REP.NOM.RUBIO,Marco Rubio to be Republican Presidential Nominee in 2012,10,0.2,May/13/2011 19:13:23
713089,2012.REP.NOM.RUBIO,Marco Rubio to be Republican Presidential Nominee in 2012,10,0.2,May/13/2011 19:13:23
713089,2012.REP.NOM.RUBIO,Marco Rubio to be Republican Presidential Nominee in 2012,10,0.2,May/13/2011 19:13:23
713089,2012.REP.NOM.RUBIO,Marco Rubio to be Republican Presidential Nominee in 2012,10,0.2,May/13/2011 19:13:23
713089,2012.REP.NOM.RUBIO,Marco Rubio to be Republican Presidential Nominee in 2012,10,0.2,May/13/2011 20:54:19
713089,2012.REP.NOM.RUBIO,Marco Rubio to be Republican Presidential Nominee in 2012,1,0.2,May/14/2011 07:49:05
713089,2012.REP.NOM.RUBIO,Marco Rubio to be Republican Presidential Nominee in 2012,1,0.2,May/15/2011 19:39:36
713089,2012.REP.NOM.RUBIO,Marco Rubio to be Republican Presidential Nominee in 2012,10,0.1,May/16/2011 04:14:02
713089,2012.REP.NOM.RUBIO,Marco Rubio to be Republican Presidential Nominee in 2012,3,0.1,May/16/2011 14:17:20
713089,2012.REP.NOM.RUBIO,Marco Rubio to be Republican Presidential Nominee in 2012,7,0.1,May/16/2011 14:17:20
713089,2012.REP.NOM.RUBIO,Marco Rubio to be Republican Presidential Nominee in 2012,10,0.1,May/16/2011 15:16:55
713089,2012.REP.NOM.RUBIO,Marco Rubio to be Republican Presidential Nominee in 2012,10,0.1,May/16/2011 17:08:40
713089,2012.REP.NOM.RUBIO,Marco Rubio to be Republican Presidential Nominee in 2012,10,0.1,May/17/2011 02:09:10
713089,2012.REP.NOM.RUBIO,Marco Rubio to be Republican Presidential Nominee in 2012,8,0.2,May/17/2011 20:35:14
713089,2012.REP.NOM.RUBIO,Marco Rubio to be Republican Presidential Nominee in 2012,2,0.2,May/17/2011 20:35:14
713089,2012.REP.NOM.RUBIO,Marco Rubio to be Republican Presidential Nominee in 2012,8,0.2,May/17/2011 21:00:34
713089,2012.REP.NOM.RUBIO,Marco Rubio to be Republican Presidential Nominee in 2012,10,0.2,May/17/2011 21:00:34
713089,2012.REP.NOM.RUBIO,Marco Rubio to be Republican Presidential Nominee in 2012,10,0.2,May/17/2011 21:00:34
713089,2012.REP.NOM.RUBIO,Marco Rubio to be Republican Presidential Nominee in 2012,10,0.2,May/17/2011 21:00:34
713089,2012.REP.NOM.RUBIO,Marco Rubio to be Republican Presidential Nominee in 2012,10,0.2,May/17/2011 21:00:34
713089,2012.REP.NOM.RUBIO,Marco Rubio to be Republican Presidential Nominee in 2012,10,0.2,May/17/2011 21:00:34
713089,2012.REP.NOM.RUBIO,Marco Rubio to be Republican Presidential Nominee in 2012,10,0.2,May/17/2011 21:00:34
713089,2012.REP.NOM.RUBIO,Marco Rubio to be Republican Presidential Nominee in 2012,10,0.2,May/17/2011 21:00:34
713089,2012.REP.NOM.RUBIO,Marco Rubio to be Republican Presidential Nominee in 2012,10,0.2,May/17/2011 21:00:34
713089,2012.REP.NOM.RUBIO,Marco Rubio to be Republican Presidential Nominee in 2012,10,0.2,May/17/2011 21:00:34
713089,2012.REP.NOM.RUBIO,Marco Rubio to be Republican Presidential Nominee in 2012,10,0.2,May/17/2011 21:00:34
713089,2012.REP.NOM.RUBIO,Marco Rubio to be Republican Presidential Nominee in 2012,20,0.2,May/17/2011 21:00:34
713089,2012.REP.NOM.RUBIO,Marco Rubio to be Republican Presidential Nominee in 2012,10,0.2,May/17/2011 21:00:34
713089,2012.REP.NOM.RUBIO,Marco Rubio to be Republican Presidential Nominee in 2012,10,0.2,May/17/2011 21:00:34
713089,2012.REP.NOM.RUBIO,Marco Rubio to be Republican Presidential Nominee in 2012,10,0.2,May/17/2011 21:00:34
713089,2012.REP.NOM.RUBIO,Marco Rubio to be Republican Presidential Nominee in 2012,10,0.2,May/17/2011 21:00:34
713089,2012.REP.NOM.RUBIO,Marco Rubio to be Republican Presidential Nominee in 2012,10,0.2,May/17/2011 21:00:34
713089,2012.REP.NOM.RUBIO,Marco Rubio to be Republican Presidential Nominee in 2012,10,0.2,May/17/2011 21:00:34
713089,2012.REP.NOM.RUBIO,Marco Rubio to be Republican Presidential Nominee in 2012,9,0.2,May/17/2011 21:00:34
713089,2012.REP.NOM.RUBIO,Marco Rubio to be Republican Presidential Nominee in 2012,9,0.2,May/17/2011 21:00:34
713089,2012.REP.NOM.RUBIO,Marco Rubio to be Republican Presidential Nominee in 2012,19,0.2,May/17/2011 21:00:34
713089,2012.REP.NOM.RUBIO,Marco Rubio to be Republican Presidential Nominee in 2012,8,0.2,May/17/2011 21:00:34
713089,2012.REP.NOM.RUBIO,Marco Rubio to be Republican Presidential Nominee in 2012,80,0.2,May/17/2011 21:00:34
713089,2012.REP.NOM.RUBIO,Marco Rubio to be Republican Presidential Nominee in 2012,10,0.3,May/17/2011 21:02:04
713089,2012.REP.NOM.RUBIO,Marco Rubio to be Republican Presidential Nominee in 2012,10,0.3,May/17/2011 21:02:04
713089,2012.REP.NOM.RUBIO,Marco Rubio to be Republican Presidential Nominee in 2012,10,0.3,May/17/2011 21:02:04
713089,2012.REP.NOM.RUBIO,Marco Rubio to be Republican Presidential Nominee in 2012,3,0.3,May/17/2011 21:02:04
713089,2012.REP.NOM.RUBIO,Marco Rubio to be Republican Presidential Nominee in 2012,10,0.2,May/18/2011 03:17:57
713089,2012.REP.NOM.RUBIO,Marco Rubio to be Republican Presidential Nominee in 2012,10,0.2,May/18/2011 03:17:57
713089,2012.REP.NOM.RUBIO,Marco Rubio to be Republican Presidential Nominee in 2012,10,0.2,May/18/2011 03:17:57
713089,2012.REP.NOM.RUBIO,Marco Rubio to be Republican Presidential Nominee in 2012,40,0.2,May/18/2011 03:17:57
713089,2012.REP.NOM.RUBIO,Marco Rubio to be Republican Presidential Nominee in 2012,1,0.2,May/18/2011 13:53:36
713089,2012.REP.NOM.RUBIO,Marco Rubio to be Republican Presidential Nominee in 2012,5,0.2,May/18/2011 13:53:41
713089,2012.REP.NOM.RUBIO,Marco Rubio to be Republican Presidential Nominee in 2012,1,0.2,May/18/2011 13:55:27
713089,2012.REP.NOM.RUBIO,Marco Rubio to be Republican Presidential Nominee in 2012,10,0.2,May/18/2011 14:12:06
713089,2012.REP.NOM.RUBIO,Marco Rubio to be Republican Presidential Nominee in 2012,3,0.2,May/18/2011 14:16:45
713089,2012.REP.NOM.RUBIO,Marco Rubio to be Republican Presidential Nominee in 2012,2,0.2,May/18/2011 14:18:17
713089,2012.REP.NOM.RUBIO,Marco Rubio to be Republican Presidential Nominee in 2012,5,0.2,May/19/2011 06:36:33
713089,2012.REP.NOM.RUBIO,Marco Rubio to be Republican Presidential Nominee in 2012,10,0.2,May/19/2011 06:36:33
713089,2012.REP.NOM.RUBIO,Marco Rubio to be Republican Presidential Nominee in 2012,10,0.2,May/19/2011 06:36:33
713089,2012.REP.NOM.RUBIO,Marco Rubio to be Republican Presidential Nominee in 2012,10,0.2,May/19/2011 06:36:33
713089,2012.REP.NOM.RUBIO,Marco Rubio to be Republican Presidential Nominee in 2012,10,0.2,May/19/2011 06:36:33
713089,2012.REP.NOM.RUBIO,Marco Rubio to be Republican Presidential Nominee in 2012,30,0.2,May/19/2011 06:36:33
713089,2012.REP.NOM.RUBIO,Marco Rubio to be Republican Presidential Nominee in 2012,1,0.1,May/22/2011 03:40:29
713089,2012.REP.NOM.RUBIO,Marco Rubio to be Republican Presidential Nominee in 2012,1,0.1,May/22/2011 04:10:54
713089,2012.REP.NOM.RUBIO,Marco Rubio to be Republican Presidential Nominee in 2012,10,0.2,May/22/2011 06:33:23
713089,2012.REP.NOM.RUBIO,Marco Rubio to be Republican Presidential Nominee in 2012,10,0.3,May/22/2011 07:29:48
713089,2012.REP.NOM.RUBIO,Marco Rubio to be Republican Presidential Nominee in 2012,10,0.3,May/22/2011 07:29:48
713089,2012.REP.NOM.RUBIO,Marco Rubio to be Republican Presidential Nominee in 2012,10,0.3,May/22/2011 07:29:48
713089,2012.REP.NOM.RUBIO,Marco Rubio to be Republican Presidential Nominee in 2012,10,0.3,May/22/2011 07:29:48
713089,2012.REP.NOM.RUBIO,Marco Rubio to be Republican Presidential Nominee in 2012,10,0.3,May/22/2011 07:29:48
713089,2012.REP.NOM.RUBIO,Marco Rubio to be Republican Presidential Nominee in 2012,10,0.3,May/22/2011 07:29:48
713089,2012.REP.NOM.RUBIO,Marco Rubio to be Republican Presidential Nominee in 2012,10,0.3,May/22/2011 07:29:48
713089,2012.REP.NOM.RUBIO,Marco Rubio to be Republican Presidential Nominee in 2012,10,0.3,May/22/2011 07:29:48
713089,2012.REP.NOM.RUBIO,Marco Rubio to be Republican Presidential Nominee in 2012,10,0.3,May/22/2011 07:29:48
713089,2012.REP.NOM.RUBIO,Marco Rubio to be Republican Presidential Nominee in 2012,10,0.3,May/22/2011 07:29:48
713089,2012.REP.NOM.RUBIO,Marco Rubio to be Republican Presidential Nominee in 2012,10,0.3,May/22/2011 07:29:48
713089,2012.REP.NOM.RUBIO,Marco Rubio to be Republican Presidential Nominee in 2012,10,0.3,May/22/2011 07:29:48
713089,2012.REP.NOM.RUBIO,Marco Rubio to be Republican Presidential Nominee in 2012,10,0.3,May/22/2011 07:29:48
713089,2012.REP.NOM.RUBIO,Marco Rubio to be Republican Presidential Nominee in 2012,36,0.2,May/22/2011 07:29:48
713089,2012.REP.NOM.RUBIO,Marco Rubio to be Republican Presidential Nominee in 2012,20,0.2,May/22/2011 07:29:48
713089,2012.REP.NOM.RUBIO,Marco Rubio to be Republican Presidential Nominee in 2012,24,0.3,May/22/2011 07:29:48
713089,2012.REP.NOM.RUBIO,Marco Rubio to be Republican Presidential Nominee in 2012,90,0.2,May/22/2011 07:29:48
713089,2012.REP.NOM.RUBIO,Marco Rubio to be Republican Presidential Nominee in 2012,16,0.3,May/22/2011 11:54:39
713089,2012.REP.NOM.RUBIO,Marco Rubio to be Republican Presidential Nominee in 2012,19,0.4,May/22/2011 14:01:12
713089,2012.REP.NOM.RUBIO,Marco Rubio to be Republican Presidential Nominee in 2012,1,0.4,May/22/2011 14:01:12
713089,2012.REP.NOM.RUBIO,Marco Rubio to be Republican Presidential Nominee in 2012,3,2.3,May/22/2011 15:19:08
713089,2012.REP.NOM.RUBIO,Marco Rubio to be Republican Presidential Nominee in 2012,5,9.7,May/22/2011 15:19:08
713089,2012.REP.NOM.RUBIO,Marco Rubio to be Republican Presidential Nominee in 2012,5,18.7,May/22/2011 15:19:08
713089,2012.REP.NOM.RUBIO,Marco Rubio to be Republican Presidential Nominee in 2012,18,1.3,May/22/2011 15:19:08
713089,2012.REP.NOM.RUBIO,Marco Rubio to be Republican Presidential Nominee in 2012,20,1.1,May/22/2011 15:19:08
713089,2012.REP.NOM.RUBIO,Marco Rubio to be Republican Presidential Nominee in 2012,9,0.4,May/22/2011 15:19:08
713089,2012.REP.NOM.RUBIO,Marco Rubio to be Republican Presidential Nominee in 2012,10,0.4,May/22/2011 15:19:08
713089,2012.REP.NOM.RUBIO,Marco Rubio to be Republican Presidential Nominee in 2012,5,8.7,May/22/2011 15:19:08
713089,2012.REP.NOM.RUBIO,Marco Rubio to be Republican Presidential Nominee in 2012,10,0.4,May/22/2011 15:19:08
713089,2012.REP.NOM.RUBIO,Marco Rubio to be Republican Presidential Nominee in 2012,10,0.4,May/22/2011 15:19:08
713089,2012.REP.NOM.RUBIO,Marco Rubio to be Republican Presidential Nominee in 2012,10,5.5,May/22/2011 15:19:08
713089,2012.REP.NOM.RUBIO,Marco Rubio to be Republican Presidential Nominee in 2012,3,6.2,May/22/2011 15:19:08
713089,2012.REP.NOM.RUBIO,Marco Rubio to be Republican Presidential Nominee in 2012,1,20.0,May/22/2011 15:19:24
713089,2012.REP.NOM.RUBIO,Marco Rubio to be Republican Presidential Nominee in 2012,1,20.0,May/22/2011 15:19:27
713089,2012.REP.NOM.RUBIO,Marco Rubio to be Republican Presidential Nominee in 2012,4,0.3,May/22/2011 17:22:56
713089,2012.REP.NOM.RUBIO,Marco Rubio to be Republican Presidential Nominee in 2012,16,0.3,May/22/2011 20:34:01
713089,2012.REP.NOM.RUBIO,Marco Rubio to be Republican Presidential Nominee in 2012,30,0.3,May/22/2011 21:14:43
713089,2012.REP.NOM.RUBIO,Marco Rubio to be Republican Presidential Nominee in 2012,60,0.2,May/22/2011 21:16:19
713089,2012.REP.NOM.RUBIO,Marco Rubio to be Republican Presidential Nominee in 2012,100,0.2,May/22/2011 21:16:19
713089,2012.REP.NOM.RUBIO,Marco Rubio to be Republican Presidential Nominee in 2012,110,0.3,May/22/2011 23:48:00
713089,2012.REP.NOM.RUBIO,Marco Rubio to be Republican Presidential Nominee in 2012,10,0.2,May/23/2011 00:00:11
713089,2012.REP.NOM.RUBIO,Marco Rubio to be Republican Presidential Nominee in 2012,1,0.2,May/23/2011 09:40:03
713089,2012.REP.NOM.RUBIO,Marco Rubio to be Republican Presidential Nominee in 2012,1,0.2,May/23/2011 13:01:49
713089,2012.REP.NOM.RUBIO,Marco Rubio to be Republican Presidential Nominee in 2012,1,0.2,May/23/2011 13:13:20
713089,2012.REP.NOM.RUBIO,Marco Rubio to be Republican Presidential Nominee in 2012,3,0.2,May/23/2011 13:13:49
713089,2012.REP.NOM.RUBIO,Marco Rubio to be Republican Presidential Nominee in 2012,20,0.2,May/23/2011 18:20:05
713089,2012.REP.NOM.RUBIO,Marco Rubio to be Republican Presidential Nominee in 2012,2,0.2,May/23/2011 21:49:04
713089,2012.REP.NOM.RUBIO,Marco Rubio to be Republican Presidential Nominee in 2012,8,0.2,May/23/2011 23:16:08
713089,2012.REP.NOM.RUBIO,Marco Rubio to be Republican Presidential Nominee in 2012,40,0.2,May/23/2011 23:16:08
713089,2012.REP.NOM.RUBIO,Marco Rubio to be Republican Presidential Nominee in 2012,10,0.2,May/24/2011 19:04:35
713089,2012.REP.NOM.RUBIO,Marco Rubio to be Republican Presidential Nominee in 2012,20,0.2,May/24/2011 19:04:35
713089,2012.REP.NOM.RUBIO,Marco Rubio to be Republican Presidential Nominee in 2012,20,0.2,May/24/2011 19:04:35
713089,2012.REP.NOM.RUBIO,Marco Rubio to be Republican Presidential Nominee in 2012,1,0.1,May/24/2011 21:05:51
