market id,market symbol,market name,trade quantity,trade price,date/time [utc]
656775,2012.REP.NOM.CRIST,Charlie Crist to be Republican Presidential Nominee in 2012,10,15.0,Nov/11/2008 21:04:02
656775,2012.REP.NOM.CRIST,Charlie Crist to be Republican Presidential Nominee in 2012,10,14.0,Nov/16/2008 04:27:09
656775,2012.REP.NOM.CRIST,Charlie Crist to be Republican Presidential Nominee in 2012,5,8.0,Dec/03/2008 06:10:54
656775,2012.REP.NOM.CRIST,Charlie Crist to be Republican Presidential Nominee in 2012,5,7.0,Dec/09/2008 02:31:57
656775,2012.REP.NOM.CRIST,Charlie Crist to be Republican Presidential Nominee in 2012,10,8.9,Jan/07/2009 06:48:04
656775,2012.REP.NOM.CRIST,Charlie Crist to be Republican Presidential Nominee in 2012,2,9.0,Jan/07/2009 22:31:09
656775,2012.REP.NOM.CRIST,Charlie Crist to be Republican Presidential Nominee in 2012,8,10.0,Jan/08/2009 05:16:16
656775,2012.REP.NOM.CRIST,Charlie Crist to be Republican Presidential Nominee in 2012,10,9.9,Feb/18/2009 11:44:49
656775,2012.REP.NOM.CRIST,Charlie Crist to be Republican Presidential Nominee in 2012,2,8.0,Feb/28/2009 05:50:44
656775,2012.REP.NOM.CRIST,Charlie Crist to be Republican Presidential Nominee in 2012,1,8.0,Mar/01/2009 19:21:46
656775,2012.REP.NOM.CRIST,Charlie Crist to be Republican Presidential Nominee in 2012,1,8.0,Mar/02/2009 00:21:26
656775,2012.REP.NOM.CRIST,Charlie Crist to be Republican Presidential Nominee in 2012,1,8.0,Mar/04/2009 02:23:13
656775,2012.REP.NOM.CRIST,Charlie Crist to be Republican Presidential Nominee in 2012,2,7.6,Jul/11/2009 15:12:17
656775,2012.REP.NOM.CRIST,Charlie Crist to be Republican Presidential Nominee in 2012,1,7.7,Jul/11/2009 15:12:17
656775,2012.REP.NOM.CRIST,Charlie Crist to be Republican Presidential Nominee in 2012,3,2.9,Sep/01/2009 21:29:26
656775,2012.REP.NOM.CRIST,Charlie Crist to be Republican Presidential Nominee in 2012,1,2.1,Oct/12/2009 23:31:04
656775,2012.REP.NOM.CRIST,Charlie Crist to be Republican Presidential Nominee in 2012,3,2.7,Dec/08/2009 19:24:10
656775,2012.REP.NOM.CRIST,Charlie Crist to be Republican Presidential Nominee in 2012,5,1.3,Jan/21/2010 11:10:21
656775,2012.REP.NOM.CRIST,Charlie Crist to be Republican Presidential Nominee in 2012,10,0.1,Jan/21/2010 11:10:21
656775,2012.REP.NOM.CRIST,Charlie Crist to be Republican Presidential Nominee in 2012,6,0.2,Jan/21/2010 11:10:21
656775,2012.REP.NOM.CRIST,Charlie Crist to be Republican Presidential Nominee in 2012,1,1.4,Jan/21/2010 11:10:21
656775,2012.REP.NOM.CRIST,Charlie Crist to be Republican Presidential Nominee in 2012,3,0.1,Jan/21/2010 14:01:10
656775,2012.REP.NOM.CRIST,Charlie Crist to be Republican Presidential Nominee in 2012,5,0.1,Jan/21/2010 15:53:47
656775,2012.REP.NOM.CRIST,Charlie Crist to be Republican Presidential Nominee in 2012,10,0.1,Jan/21/2010 17:11:43
656775,2012.REP.NOM.CRIST,Charlie Crist to be Republican Presidential Nominee in 2012,10,0.1,Jan/21/2010 17:11:43
656775,2012.REP.NOM.CRIST,Charlie Crist to be Republican Presidential Nominee in 2012,5,0.1,Jan/21/2010 17:46:38
656775,2012.REP.NOM.CRIST,Charlie Crist to be Republican Presidential Nominee in 2012,5,0.1,Jan/21/2010 17:46:46
656775,2012.REP.NOM.CRIST,Charlie Crist to be Republican Presidential Nominee in 2012,1,0.1,Jan/21/2010 17:47:36
656775,2012.REP.NOM.CRIST,Charlie Crist to be Republican Presidential Nominee in 2012,14,0.2,Jan/22/2010 06:22:11
656775,2012.REP.NOM.CRIST,Charlie Crist to be Republican Presidential Nominee in 2012,8,0.1,Jan/22/2010 06:22:14
656775,2012.REP.NOM.CRIST,Charlie Crist to be Republican Presidential Nominee in 2012,6,0.2,Jan/22/2010 06:22:14
656775,2012.REP.NOM.CRIST,Charlie Crist to be Republican Presidential Nominee in 2012,1,0.1,Jan/22/2010 06:22:25
656775,2012.REP.NOM.CRIST,Charlie Crist to be Republican Presidential Nominee in 2012,3,0.1,Jan/22/2010 14:42:28
656775,2012.REP.NOM.CRIST,Charlie Crist to be Republican Presidential Nominee in 2012,7,0.1,Jan/22/2010 15:55:56
656775,2012.REP.NOM.CRIST,Charlie Crist to be Republican Presidential Nominee in 2012,14,0.1,Jan/25/2010 11:13:28
656775,2012.REP.NOM.CRIST,Charlie Crist to be Republican Presidential Nominee in 2012,14,0.1,Jan/25/2010 18:33:58
656775,2012.REP.NOM.CRIST,Charlie Crist to be Republican Presidential Nominee in 2012,4,0.2,Jan/26/2010 11:04:14
656775,2012.REP.NOM.CRIST,Charlie Crist to be Republican Presidential Nominee in 2012,15,0.1,Feb/01/2010 17:13:14
656775,2012.REP.NOM.CRIST,Charlie Crist to be Republican Presidential Nominee in 2012,10,0.4,Feb/02/2010 21:15:21
656775,2012.REP.NOM.CRIST,Charlie Crist to be Republican Presidential Nominee in 2012,4,0.2,Feb/02/2010 21:15:21
656775,2012.REP.NOM.CRIST,Charlie Crist to be Republican Presidential Nominee in 2012,6,0.5,Feb/02/2010 21:15:21
656775,2012.REP.NOM.CRIST,Charlie Crist to be Republican Presidential Nominee in 2012,10,0.5,Feb/03/2010 09:39:21
656775,2012.REP.NOM.CRIST,Charlie Crist to be Republican Presidential Nominee in 2012,10,0.2,Feb/03/2010 12:15:32
656775,2012.REP.NOM.CRIST,Charlie Crist to be Republican Presidential Nominee in 2012,2,0.2,Feb/05/2010 09:58:22
656775,2012.REP.NOM.CRIST,Charlie Crist to be Republican Presidential Nominee in 2012,1,0.3,Feb/08/2010 10:20:14
656775,2012.REP.NOM.CRIST,Charlie Crist to be Republican Presidential Nominee in 2012,1,0.3,Feb/08/2010 10:21:09
656775,2012.REP.NOM.CRIST,Charlie Crist to be Republican Presidential Nominee in 2012,1,0.3,Feb/08/2010 10:21:17
656775,2012.REP.NOM.CRIST,Charlie Crist to be Republican Presidential Nominee in 2012,1,0.3,Feb/08/2010 10:21:24
656775,2012.REP.NOM.CRIST,Charlie Crist to be Republican Presidential Nominee in 2012,1,0.3,Feb/08/2010 10:21:43
656775,2012.REP.NOM.CRIST,Charlie Crist to be Republican Presidential Nominee in 2012,1,0.3,Feb/08/2010 10:21:54
656775,2012.REP.NOM.CRIST,Charlie Crist to be Republican Presidential Nominee in 2012,1,0.3,Feb/08/2010 10:22:02
656775,2012.REP.NOM.CRIST,Charlie Crist to be Republican Presidential Nominee in 2012,1,0.3,Feb/08/2010 10:22:10
656775,2012.REP.NOM.CRIST,Charlie Crist to be Republican Presidential Nominee in 2012,1,0.3,Feb/08/2010 10:22:17
656775,2012.REP.NOM.CRIST,Charlie Crist to be Republican Presidential Nominee in 2012,1,0.3,Feb/08/2010 10:22:25
656775,2012.REP.NOM.CRIST,Charlie Crist to be Republican Presidential Nominee in 2012,1,0.3,Feb/08/2010 10:22:33
656775,2012.REP.NOM.CRIST,Charlie Crist to be Republican Presidential Nominee in 2012,2,0.3,Feb/08/2010 10:22:41
656775,2012.REP.NOM.CRIST,Charlie Crist to be Republican Presidential Nominee in 2012,2,0.3,Feb/08/2010 10:22:48
656775,2012.REP.NOM.CRIST,Charlie Crist to be Republican Presidential Nominee in 2012,1,0.3,Feb/08/2010 10:23:02
656775,2012.REP.NOM.CRIST,Charlie Crist to be Republican Presidential Nominee in 2012,3,0.3,Feb/10/2010 09:56:57
656775,2012.REP.NOM.CRIST,Charlie Crist to be Republican Presidential Nominee in 2012,1,0.3,Feb/10/2010 09:57:10
656775,2012.REP.NOM.CRIST,Charlie Crist to be Republican Presidential Nominee in 2012,1,0.3,Feb/10/2010 09:57:30
656775,2012.REP.NOM.CRIST,Charlie Crist to be Republican Presidential Nominee in 2012,2,0.3,Feb/10/2010 09:57:37
656775,2012.REP.NOM.CRIST,Charlie Crist to be Republican Presidential Nominee in 2012,1,0.3,Feb/10/2010 09:57:44
656775,2012.REP.NOM.CRIST,Charlie Crist to be Republican Presidential Nominee in 2012,1,0.3,Feb/10/2010 09:57:49
656775,2012.REP.NOM.CRIST,Charlie Crist to be Republican Presidential Nominee in 2012,1,0.3,Feb/10/2010 09:58:04
656775,2012.REP.NOM.CRIST,Charlie Crist to be Republican Presidential Nominee in 2012,1,0.3,Feb/10/2010 09:58:10
656775,2012.REP.NOM.CRIST,Charlie Crist to be Republican Presidential Nominee in 2012,1,0.3,Feb/10/2010 09:58:16
656775,2012.REP.NOM.CRIST,Charlie Crist to be Republican Presidential Nominee in 2012,1,0.3,Feb/10/2010 09:58:21
656775,2012.REP.NOM.CRIST,Charlie Crist to be Republican Presidential Nominee in 2012,1,0.3,Feb/10/2010 09:58:27
656775,2012.REP.NOM.CRIST,Charlie Crist to be Republican Presidential Nominee in 2012,1,0.3,Feb/10/2010 09:58:31
656775,2012.REP.NOM.CRIST,Charlie Crist to be Republican Presidential Nominee in 2012,1,0.3,Feb/10/2010 09:58:36
656775,2012.REP.NOM.CRIST,Charlie Crist to be Republican Presidential Nominee in 2012,1,0.3,Feb/10/2010 09:58:41
656775,2012.REP.NOM.CRIST,Charlie Crist to be Republican Presidential Nominee in 2012,1,0.3,Feb/10/2010 09:58:50
656775,2012.REP.NOM.CRIST,Charlie Crist to be Republican Presidential Nominee in 2012,1,0.3,Feb/10/2010 09:58:57
656775,2012.REP.NOM.CRIST,Charlie Crist to be Republican Presidential Nominee in 2012,1,0.3,Feb/10/2010 09:59:03
656775,2012.REP.NOM.CRIST,Charlie Crist to be Republican Presidential Nominee in 2012,1,0.3,Feb/10/2010 09:59:13
656775,2012.REP.NOM.CRIST,Charlie Crist to be Republican Presidential Nominee in 2012,2,0.3,Feb/10/2010 09:59:18
656775,2012.REP.NOM.CRIST,Charlie Crist to be Republican Presidential Nominee in 2012,1,0.3,Feb/10/2010 09:59:32
656775,2012.REP.NOM.CRIST,Charlie Crist to be Republican Presidential Nominee in 2012,2,0.3,Feb/10/2010 09:59:38
656775,2012.REP.NOM.CRIST,Charlie Crist to be Republican Presidential Nominee in 2012,1,0.3,Feb/10/2010 09:59:44
656775,2012.REP.NOM.CRIST,Charlie Crist to be Republican Presidential Nominee in 2012,1,0.3,Feb/14/2010 16:45:13
656775,2012.REP.NOM.CRIST,Charlie Crist to be Republican Presidential Nominee in 2012,1,0.3,Feb/14/2010 16:45:19
656775,2012.REP.NOM.CRIST,Charlie Crist to be Republican Presidential Nominee in 2012,1,0.3,Feb/14/2010 16:45:37
656775,2012.REP.NOM.CRIST,Charlie Crist to be Republican Presidential Nominee in 2012,1,0.3,Feb/14/2010 16:45:45
656775,2012.REP.NOM.CRIST,Charlie Crist to be Republican Presidential Nominee in 2012,3,0.4,Feb/15/2010 04:58:04
656775,2012.REP.NOM.CRIST,Charlie Crist to be Republican Presidential Nominee in 2012,3,0.4,Feb/15/2010 09:59:08
656775,2012.REP.NOM.CRIST,Charlie Crist to be Republican Presidential Nominee in 2012,2,0.4,Feb/15/2010 09:59:14
656775,2012.REP.NOM.CRIST,Charlie Crist to be Republican Presidential Nominee in 2012,3,0.4,Feb/15/2010 09:59:23
656775,2012.REP.NOM.CRIST,Charlie Crist to be Republican Presidential Nominee in 2012,5,0.4,Feb/15/2010 09:59:28
656775,2012.REP.NOM.CRIST,Charlie Crist to be Republican Presidential Nominee in 2012,2,0.3,Feb/15/2010 09:59:37
656775,2012.REP.NOM.CRIST,Charlie Crist to be Republican Presidential Nominee in 2012,7,0.3,Feb/15/2010 11:58:22
656775,2012.REP.NOM.CRIST,Charlie Crist to be Republican Presidential Nominee in 2012,1,0.3,Feb/15/2010 11:58:22
656775,2012.REP.NOM.CRIST,Charlie Crist to be Republican Presidential Nominee in 2012,8,0.3,Feb/15/2010 11:58:29
656775,2012.REP.NOM.CRIST,Charlie Crist to be Republican Presidential Nominee in 2012,11,0.3,Feb/15/2010 11:58:37
656775,2012.REP.NOM.CRIST,Charlie Crist to be Republican Presidential Nominee in 2012,11,0.3,Feb/15/2010 11:58:42
656775,2012.REP.NOM.CRIST,Charlie Crist to be Republican Presidential Nominee in 2012,1,0.3,Feb/15/2010 11:58:48
656775,2012.REP.NOM.CRIST,Charlie Crist to be Republican Presidential Nominee in 2012,3,0.3,Feb/15/2010 11:58:48
656775,2012.REP.NOM.CRIST,Charlie Crist to be Republican Presidential Nominee in 2012,3,0.2,Feb/15/2010 11:58:54
656775,2012.REP.NOM.CRIST,Charlie Crist to be Republican Presidential Nominee in 2012,2,0.2,Feb/15/2010 11:58:59
656775,2012.REP.NOM.CRIST,Charlie Crist to be Republican Presidential Nominee in 2012,1,0.2,Feb/15/2010 11:59:04
656775,2012.REP.NOM.CRIST,Charlie Crist to be Republican Presidential Nominee in 2012,1,0.2,Feb/15/2010 11:59:09
656775,2012.REP.NOM.CRIST,Charlie Crist to be Republican Presidential Nominee in 2012,1,0.2,Feb/15/2010 11:59:14
656775,2012.REP.NOM.CRIST,Charlie Crist to be Republican Presidential Nominee in 2012,1,0.2,Feb/15/2010 11:59:20
656775,2012.REP.NOM.CRIST,Charlie Crist to be Republican Presidential Nominee in 2012,2,0.2,Feb/15/2010 11:59:27
656775,2012.REP.NOM.CRIST,Charlie Crist to be Republican Presidential Nominee in 2012,5,0.2,Feb/15/2010 11:59:32
656775,2012.REP.NOM.CRIST,Charlie Crist to be Republican Presidential Nominee in 2012,1,0.2,Feb/15/2010 11:59:38
656775,2012.REP.NOM.CRIST,Charlie Crist to be Republican Presidential Nominee in 2012,1,0.2,Feb/15/2010 11:59:42
656775,2012.REP.NOM.CRIST,Charlie Crist to be Republican Presidential Nominee in 2012,1,0.2,Feb/15/2010 11:59:47
656775,2012.REP.NOM.CRIST,Charlie Crist to be Republican Presidential Nominee in 2012,1,0.2,Feb/15/2010 11:59:54
656775,2012.REP.NOM.CRIST,Charlie Crist to be Republican Presidential Nominee in 2012,1,0.2,Feb/15/2010 12:00:00
656775,2012.REP.NOM.CRIST,Charlie Crist to be Republican Presidential Nominee in 2012,2,0.2,Feb/15/2010 12:00:04
656775,2012.REP.NOM.CRIST,Charlie Crist to be Republican Presidential Nominee in 2012,1,0.2,Feb/15/2010 12:00:11
656775,2012.REP.NOM.CRIST,Charlie Crist to be Republican Presidential Nominee in 2012,1,0.3,Feb/17/2010 14:25:01
656775,2012.REP.NOM.CRIST,Charlie Crist to be Republican Presidential Nominee in 2012,1,0.3,Feb/17/2010 14:25:07
656775,2012.REP.NOM.CRIST,Charlie Crist to be Republican Presidential Nominee in 2012,1,0.3,Feb/17/2010 14:25:12
656775,2012.REP.NOM.CRIST,Charlie Crist to be Republican Presidential Nominee in 2012,2,0.3,Feb/17/2010 14:25:18
656775,2012.REP.NOM.CRIST,Charlie Crist to be Republican Presidential Nominee in 2012,1,0.3,Feb/19/2010 17:58:35
656775,2012.REP.NOM.CRIST,Charlie Crist to be Republican Presidential Nominee in 2012,1,0.3,Feb/19/2010 18:00:06
656775,2012.REP.NOM.CRIST,Charlie Crist to be Republican Presidential Nominee in 2012,1,0.3,Feb/19/2010 18:00:17
656775,2012.REP.NOM.CRIST,Charlie Crist to be Republican Presidential Nominee in 2012,1,0.3,Feb/19/2010 18:00:25
656775,2012.REP.NOM.CRIST,Charlie Crist to be Republican Presidential Nominee in 2012,1,0.3,Feb/19/2010 18:00:31
656775,2012.REP.NOM.CRIST,Charlie Crist to be Republican Presidential Nominee in 2012,1,0.2,Feb/19/2010 18:00:37
656775,2012.REP.NOM.CRIST,Charlie Crist to be Republican Presidential Nominee in 2012,1,0.2,Feb/19/2010 18:00:45
656775,2012.REP.NOM.CRIST,Charlie Crist to be Republican Presidential Nominee in 2012,1,0.2,Feb/19/2010 18:01:08
656775,2012.REP.NOM.CRIST,Charlie Crist to be Republican Presidential Nominee in 2012,1,0.2,Feb/19/2010 18:01:14
656775,2012.REP.NOM.CRIST,Charlie Crist to be Republican Presidential Nominee in 2012,2,0.2,Feb/19/2010 18:01:14
656775,2012.REP.NOM.CRIST,Charlie Crist to be Republican Presidential Nominee in 2012,1,0.2,Feb/19/2010 18:01:21
656775,2012.REP.NOM.CRIST,Charlie Crist to be Republican Presidential Nominee in 2012,1,0.2,Feb/19/2010 18:01:28
656775,2012.REP.NOM.CRIST,Charlie Crist to be Republican Presidential Nominee in 2012,2,0.2,Feb/19/2010 18:01:36
656775,2012.REP.NOM.CRIST,Charlie Crist to be Republican Presidential Nominee in 2012,1,0.2,Feb/24/2010 11:35:13
656775,2012.REP.NOM.CRIST,Charlie Crist to be Republican Presidential Nominee in 2012,1,0.2,Feb/24/2010 11:35:21
656775,2012.REP.NOM.CRIST,Charlie Crist to be Republican Presidential Nominee in 2012,1,0.2,Feb/24/2010 11:35:26
656775,2012.REP.NOM.CRIST,Charlie Crist to be Republican Presidential Nominee in 2012,1,0.2,Feb/24/2010 11:35:33
656775,2012.REP.NOM.CRIST,Charlie Crist to be Republican Presidential Nominee in 2012,1,0.2,Feb/24/2010 11:35:38
656775,2012.REP.NOM.CRIST,Charlie Crist to be Republican Presidential Nominee in 2012,2,0.2,Feb/24/2010 11:35:43
656775,2012.REP.NOM.CRIST,Charlie Crist to be Republican Presidential Nominee in 2012,1,0.2,Feb/24/2010 11:35:48
656775,2012.REP.NOM.CRIST,Charlie Crist to be Republican Presidential Nominee in 2012,1,0.2,Feb/24/2010 11:35:53
656775,2012.REP.NOM.CRIST,Charlie Crist to be Republican Presidential Nominee in 2012,1,0.2,Feb/24/2010 11:35:58
656775,2012.REP.NOM.CRIST,Charlie Crist to be Republican Presidential Nominee in 2012,1,0.2,Feb/24/2010 11:36:03
656775,2012.REP.NOM.CRIST,Charlie Crist to be Republican Presidential Nominee in 2012,1,0.2,Feb/24/2010 11:36:09
656775,2012.REP.NOM.CRIST,Charlie Crist to be Republican Presidential Nominee in 2012,1,0.2,Feb/24/2010 11:36:15
656775,2012.REP.NOM.CRIST,Charlie Crist to be Republican Presidential Nominee in 2012,6,0.2,Feb/24/2010 11:36:21
656775,2012.REP.NOM.CRIST,Charlie Crist to be Republican Presidential Nominee in 2012,1,0.2,Feb/24/2010 11:36:26
656775,2012.REP.NOM.CRIST,Charlie Crist to be Republican Presidential Nominee in 2012,1,0.2,Feb/24/2010 11:36:31
656775,2012.REP.NOM.CRIST,Charlie Crist to be Republican Presidential Nominee in 2012,3,0.2,Feb/24/2010 11:36:38
656775,2012.REP.NOM.CRIST,Charlie Crist to be Republican Presidential Nominee in 2012,3,0.2,Feb/24/2010 11:36:52
656775,2012.REP.NOM.CRIST,Charlie Crist to be Republican Presidential Nominee in 2012,2,0.2,Feb/24/2010 11:37:00
656775,2012.REP.NOM.CRIST,Charlie Crist to be Republican Presidential Nominee in 2012,1,0.2,Feb/24/2010 11:37:05
656775,2012.REP.NOM.CRIST,Charlie Crist to be Republican Presidential Nominee in 2012,1,0.2,Feb/24/2010 11:37:10
656775,2012.REP.NOM.CRIST,Charlie Crist to be Republican Presidential Nominee in 2012,2,0.2,Feb/24/2010 11:37:16
656775,2012.REP.NOM.CRIST,Charlie Crist to be Republican Presidential Nominee in 2012,3,0.2,Feb/24/2010 11:37:32
656775,2012.REP.NOM.CRIST,Charlie Crist to be Republican Presidential Nominee in 2012,4,0.2,Feb/24/2010 11:37:38
656775,2012.REP.NOM.CRIST,Charlie Crist to be Republican Presidential Nominee in 2012,1,0.2,Feb/24/2010 11:37:44
656775,2012.REP.NOM.CRIST,Charlie Crist to be Republican Presidential Nominee in 2012,1,0.2,Feb/24/2010 11:37:51
656775,2012.REP.NOM.CRIST,Charlie Crist to be Republican Presidential Nominee in 2012,2,0.2,Feb/24/2010 11:38:07
656775,2012.REP.NOM.CRIST,Charlie Crist to be Republican Presidential Nominee in 2012,1,0.2,Feb/24/2010 11:38:07
656775,2012.REP.NOM.CRIST,Charlie Crist to be Republican Presidential Nominee in 2012,4,0.2,Feb/24/2010 11:38:15
656775,2012.REP.NOM.CRIST,Charlie Crist to be Republican Presidential Nominee in 2012,10,0.8,Feb/24/2010 12:52:05
656775,2012.REP.NOM.CRIST,Charlie Crist to be Republican Presidential Nominee in 2012,3,0.9,Feb/24/2010 12:59:10
656775,2012.REP.NOM.CRIST,Charlie Crist to be Republican Presidential Nominee in 2012,20,0.9,Feb/24/2010 12:59:10
656775,2012.REP.NOM.CRIST,Charlie Crist to be Republican Presidential Nominee in 2012,1,0.3,Feb/24/2010 16:58:16
656775,2012.REP.NOM.CRIST,Charlie Crist to be Republican Presidential Nominee in 2012,2,0.3,Feb/24/2010 16:58:51
656775,2012.REP.NOM.CRIST,Charlie Crist to be Republican Presidential Nominee in 2012,2,0.3,Feb/24/2010 16:59:06
656775,2012.REP.NOM.CRIST,Charlie Crist to be Republican Presidential Nominee in 2012,1,0.3,Mar/01/2010 06:00:50
656775,2012.REP.NOM.CRIST,Charlie Crist to be Republican Presidential Nominee in 2012,1,0.3,Mar/01/2010 06:00:55
656775,2012.REP.NOM.CRIST,Charlie Crist to be Republican Presidential Nominee in 2012,1,0.3,Mar/01/2010 06:02:22
656775,2012.REP.NOM.CRIST,Charlie Crist to be Republican Presidential Nominee in 2012,1,0.3,Mar/01/2010 06:02:28
656775,2012.REP.NOM.CRIST,Charlie Crist to be Republican Presidential Nominee in 2012,1,0.3,Mar/01/2010 06:02:34
656775,2012.REP.NOM.CRIST,Charlie Crist to be Republican Presidential Nominee in 2012,1,0.3,Mar/01/2010 06:02:43
656775,2012.REP.NOM.CRIST,Charlie Crist to be Republican Presidential Nominee in 2012,1,0.3,Mar/01/2010 06:02:49
656775,2012.REP.NOM.CRIST,Charlie Crist to be Republican Presidential Nominee in 2012,1,0.3,Mar/04/2010 07:34:23
656775,2012.REP.NOM.CRIST,Charlie Crist to be Republican Presidential Nominee in 2012,1,0.3,Mar/04/2010 07:35:27
656775,2012.REP.NOM.CRIST,Charlie Crist to be Republican Presidential Nominee in 2012,1,0.3,Mar/04/2010 07:35:34
656775,2012.REP.NOM.CRIST,Charlie Crist to be Republican Presidential Nominee in 2012,1,0.3,Mar/04/2010 07:35:40
656775,2012.REP.NOM.CRIST,Charlie Crist to be Republican Presidential Nominee in 2012,1,0.3,Mar/04/2010 07:36:01
656775,2012.REP.NOM.CRIST,Charlie Crist to be Republican Presidential Nominee in 2012,1,0.3,Mar/04/2010 07:36:06
656775,2012.REP.NOM.CRIST,Charlie Crist to be Republican Presidential Nominee in 2012,1,0.3,Mar/04/2010 07:36:12
656775,2012.REP.NOM.CRIST,Charlie Crist to be Republican Presidential Nominee in 2012,1,0.3,Mar/04/2010 07:36:19
656775,2012.REP.NOM.CRIST,Charlie Crist to be Republican Presidential Nominee in 2012,2,0.2,Mar/04/2010 07:36:26
656775,2012.REP.NOM.CRIST,Charlie Crist to be Republican Presidential Nominee in 2012,2,0.2,Mar/04/2010 07:36:32
656775,2012.REP.NOM.CRIST,Charlie Crist to be Republican Presidential Nominee in 2012,1,0.2,Mar/04/2010 07:36:44
656775,2012.REP.NOM.CRIST,Charlie Crist to be Republican Presidential Nominee in 2012,1,0.2,Mar/04/2010 07:36:49
656775,2012.REP.NOM.CRIST,Charlie Crist to be Republican Presidential Nominee in 2012,2,0.2,Mar/04/2010 07:36:55
656775,2012.REP.NOM.CRIST,Charlie Crist to be Republican Presidential Nominee in 2012,1,0.2,Mar/04/2010 07:37:02
656775,2012.REP.NOM.CRIST,Charlie Crist to be Republican Presidential Nominee in 2012,3,0.2,Mar/04/2010 07:37:10
656775,2012.REP.NOM.CRIST,Charlie Crist to be Republican Presidential Nominee in 2012,2,0.2,Mar/04/2010 07:37:16
656775,2012.REP.NOM.CRIST,Charlie Crist to be Republican Presidential Nominee in 2012,2,0.2,Mar/04/2010 07:37:22
656775,2012.REP.NOM.CRIST,Charlie Crist to be Republican Presidential Nominee in 2012,1,0.2,Mar/04/2010 07:37:28
656775,2012.REP.NOM.CRIST,Charlie Crist to be Republican Presidential Nominee in 2012,1,0.2,Mar/04/2010 07:37:35
656775,2012.REP.NOM.CRIST,Charlie Crist to be Republican Presidential Nominee in 2012,1,0.2,Mar/04/2010 07:37:43
656775,2012.REP.NOM.CRIST,Charlie Crist to be Republican Presidential Nominee in 2012,1,0.2,Mar/04/2010 07:37:49
656775,2012.REP.NOM.CRIST,Charlie Crist to be Republican Presidential Nominee in 2012,2,0.2,Mar/04/2010 07:37:54
656775,2012.REP.NOM.CRIST,Charlie Crist to be Republican Presidential Nominee in 2012,2,0.2,Mar/04/2010 07:38:00
656775,2012.REP.NOM.CRIST,Charlie Crist to be Republican Presidential Nominee in 2012,3,0.2,Mar/04/2010 07:38:10
656775,2012.REP.NOM.CRIST,Charlie Crist to be Republican Presidential Nominee in 2012,2,0.2,Mar/04/2010 07:38:20
656775,2012.REP.NOM.CRIST,Charlie Crist to be Republican Presidential Nominee in 2012,2,0.2,Mar/04/2010 07:38:26
656775,2012.REP.NOM.CRIST,Charlie Crist to be Republican Presidential Nominee in 2012,2,0.2,Mar/04/2010 07:38:37
656775,2012.REP.NOM.CRIST,Charlie Crist to be Republican Presidential Nominee in 2012,2,0.2,Mar/04/2010 07:38:44
656775,2012.REP.NOM.CRIST,Charlie Crist to be Republican Presidential Nominee in 2012,2,0.2,Mar/04/2010 07:38:49
656775,2012.REP.NOM.CRIST,Charlie Crist to be Republican Presidential Nominee in 2012,2,0.2,Mar/04/2010 07:38:56
656775,2012.REP.NOM.CRIST,Charlie Crist to be Republican Presidential Nominee in 2012,1,0.2,Mar/04/2010 07:39:04
656775,2012.REP.NOM.CRIST,Charlie Crist to be Republican Presidential Nominee in 2012,1,0.2,Mar/05/2010 14:51:16
656775,2012.REP.NOM.CRIST,Charlie Crist to be Republican Presidential Nominee in 2012,1,0.2,Mar/05/2010 14:51:23
656775,2012.REP.NOM.CRIST,Charlie Crist to be Republican Presidential Nominee in 2012,2,0.2,Mar/05/2010 14:51:27
656775,2012.REP.NOM.CRIST,Charlie Crist to be Republican Presidential Nominee in 2012,3,0.2,Mar/05/2010 14:51:33
656775,2012.REP.NOM.CRIST,Charlie Crist to be Republican Presidential Nominee in 2012,1,0.2,Mar/05/2010 14:51:39
656775,2012.REP.NOM.CRIST,Charlie Crist to be Republican Presidential Nominee in 2012,1,0.2,Mar/05/2010 14:51:45
656775,2012.REP.NOM.CRIST,Charlie Crist to be Republican Presidential Nominee in 2012,1,0.2,Mar/05/2010 14:51:50
656775,2012.REP.NOM.CRIST,Charlie Crist to be Republican Presidential Nominee in 2012,1,0.2,Mar/05/2010 14:51:57
656775,2012.REP.NOM.CRIST,Charlie Crist to be Republican Presidential Nominee in 2012,1,0.2,Mar/05/2010 14:52:03
656775,2012.REP.NOM.CRIST,Charlie Crist to be Republican Presidential Nominee in 2012,1,0.2,Mar/05/2010 14:52:09
656775,2012.REP.NOM.CRIST,Charlie Crist to be Republican Presidential Nominee in 2012,1,0.2,Mar/05/2010 14:52:14
656775,2012.REP.NOM.CRIST,Charlie Crist to be Republican Presidential Nominee in 2012,1,0.2,Mar/05/2010 14:52:21
656775,2012.REP.NOM.CRIST,Charlie Crist to be Republican Presidential Nominee in 2012,2,0.2,Mar/05/2010 14:52:26
656775,2012.REP.NOM.CRIST,Charlie Crist to be Republican Presidential Nominee in 2012,1,0.2,Mar/05/2010 14:52:31
656775,2012.REP.NOM.CRIST,Charlie Crist to be Republican Presidential Nominee in 2012,1,0.2,Mar/05/2010 14:52:37
656775,2012.REP.NOM.CRIST,Charlie Crist to be Republican Presidential Nominee in 2012,2,0.2,Mar/05/2010 14:52:42
656775,2012.REP.NOM.CRIST,Charlie Crist to be Republican Presidential Nominee in 2012,1,0.2,Mar/08/2010 05:45:28
656775,2012.REP.NOM.CRIST,Charlie Crist to be Republican Presidential Nominee in 2012,1,0.2,Mar/08/2010 05:45:33
656775,2012.REP.NOM.CRIST,Charlie Crist to be Republican Presidential Nominee in 2012,1,0.2,Mar/08/2010 05:45:38
656775,2012.REP.NOM.CRIST,Charlie Crist to be Republican Presidential Nominee in 2012,1,0.2,Mar/08/2010 05:45:45
656775,2012.REP.NOM.CRIST,Charlie Crist to be Republican Presidential Nominee in 2012,1,0.2,Mar/08/2010 05:45:49
656775,2012.REP.NOM.CRIST,Charlie Crist to be Republican Presidential Nominee in 2012,1,0.2,Mar/08/2010 05:45:53
656775,2012.REP.NOM.CRIST,Charlie Crist to be Republican Presidential Nominee in 2012,1,0.2,Mar/08/2010 05:46:13
656775,2012.REP.NOM.CRIST,Charlie Crist to be Republican Presidential Nominee in 2012,2,0.2,Mar/08/2010 05:46:22
656775,2012.REP.NOM.CRIST,Charlie Crist to be Republican Presidential Nominee in 2012,1,0.2,Mar/08/2010 05:46:30
656775,2012.REP.NOM.CRIST,Charlie Crist to be Republican Presidential Nominee in 2012,1,0.2,Mar/08/2010 05:46:49
656775,2012.REP.NOM.CRIST,Charlie Crist to be Republican Presidential Nominee in 2012,1,0.2,Mar/08/2010 05:46:54
656775,2012.REP.NOM.CRIST,Charlie Crist to be Republican Presidential Nominee in 2012,1,0.2,Mar/08/2010 05:46:59
656775,2012.REP.NOM.CRIST,Charlie Crist to be Republican Presidential Nominee in 2012,1,0.2,Mar/08/2010 05:47:03
656775,2012.REP.NOM.CRIST,Charlie Crist to be Republican Presidential Nominee in 2012,1,0.2,Mar/08/2010 05:47:16
656775,2012.REP.NOM.CRIST,Charlie Crist to be Republican Presidential Nominee in 2012,1,0.2,Mar/08/2010 05:47:25
656775,2012.REP.NOM.CRIST,Charlie Crist to be Republican Presidential Nominee in 2012,1,0.2,Mar/08/2010 05:47:30
656775,2012.REP.NOM.CRIST,Charlie Crist to be Republican Presidential Nominee in 2012,1,0.2,Mar/08/2010 05:47:38
656775,2012.REP.NOM.CRIST,Charlie Crist to be Republican Presidential Nominee in 2012,1,0.2,Mar/08/2010 05:47:44
656775,2012.REP.NOM.CRIST,Charlie Crist to be Republican Presidential Nominee in 2012,4,0.2,Mar/08/2010 05:47:50
656775,2012.REP.NOM.CRIST,Charlie Crist to be Republican Presidential Nominee in 2012,1,0.2,Mar/08/2010 05:48:11
656775,2012.REP.NOM.CRIST,Charlie Crist to be Republican Presidential Nominee in 2012,1,0.2,Mar/08/2010 05:48:19
656775,2012.REP.NOM.CRIST,Charlie Crist to be Republican Presidential Nominee in 2012,5,0.2,Mar/08/2010 05:48:26
656775,2012.REP.NOM.CRIST,Charlie Crist to be Republican Presidential Nominee in 2012,4,0.2,Mar/08/2010 05:48:38
656775,2012.REP.NOM.CRIST,Charlie Crist to be Republican Presidential Nominee in 2012,1,0.2,Mar/08/2010 05:48:48
656775,2012.REP.NOM.CRIST,Charlie Crist to be Republican Presidential Nominee in 2012,1,0.2,Mar/08/2010 05:48:56
656775,2012.REP.NOM.CRIST,Charlie Crist to be Republican Presidential Nominee in 2012,1,0.2,Mar/08/2010 05:49:04
656775,2012.REP.NOM.CRIST,Charlie Crist to be Republican Presidential Nominee in 2012,1,0.2,Mar/08/2010 05:49:13
656775,2012.REP.NOM.CRIST,Charlie Crist to be Republican Presidential Nominee in 2012,1,0.2,Mar/08/2010 05:49:22
656775,2012.REP.NOM.CRIST,Charlie Crist to be Republican Presidential Nominee in 2012,1,0.2,Mar/10/2010 07:41:54
656775,2012.REP.NOM.CRIST,Charlie Crist to be Republican Presidential Nominee in 2012,1,0.2,Mar/10/2010 07:42:02
656775,2012.REP.NOM.CRIST,Charlie Crist to be Republican Presidential Nominee in 2012,1,0.2,Mar/10/2010 07:42:09
656775,2012.REP.NOM.CRIST,Charlie Crist to be Republican Presidential Nominee in 2012,3,0.2,Mar/10/2010 07:42:14
656775,2012.REP.NOM.CRIST,Charlie Crist to be Republican Presidential Nominee in 2012,1,0.2,Mar/10/2010 07:42:39
656775,2012.REP.NOM.CRIST,Charlie Crist to be Republican Presidential Nominee in 2012,2,0.2,Mar/10/2010 07:42:48
656775,2012.REP.NOM.CRIST,Charlie Crist to be Republican Presidential Nominee in 2012,1,0.2,Mar/10/2010 07:42:54
656775,2012.REP.NOM.CRIST,Charlie Crist to be Republican Presidential Nominee in 2012,1,0.2,Mar/23/2010 06:56:34
656775,2012.REP.NOM.CRIST,Charlie Crist to be Republican Presidential Nominee in 2012,1,0.2,Mar/23/2010 06:56:42
656775,2012.REP.NOM.CRIST,Charlie Crist to be Republican Presidential Nominee in 2012,1,0.2,Mar/23/2010 06:56:50
656775,2012.REP.NOM.CRIST,Charlie Crist to be Republican Presidential Nominee in 2012,1,0.2,Mar/23/2010 06:57:12
656775,2012.REP.NOM.CRIST,Charlie Crist to be Republican Presidential Nominee in 2012,1,0.2,Mar/23/2010 06:57:21
656775,2012.REP.NOM.CRIST,Charlie Crist to be Republican Presidential Nominee in 2012,3,0.2,Mar/23/2010 06:57:31
656775,2012.REP.NOM.CRIST,Charlie Crist to be Republican Presidential Nominee in 2012,1,0.2,Mar/23/2010 06:57:45
656775,2012.REP.NOM.CRIST,Charlie Crist to be Republican Presidential Nominee in 2012,1,0.2,Mar/23/2010 06:57:51
656775,2012.REP.NOM.CRIST,Charlie Crist to be Republican Presidential Nominee in 2012,1,0.2,Mar/23/2010 06:58:04
656775,2012.REP.NOM.CRIST,Charlie Crist to be Republican Presidential Nominee in 2012,1,0.2,Mar/23/2010 06:58:17
656775,2012.REP.NOM.CRIST,Charlie Crist to be Republican Presidential Nominee in 2012,1,0.2,Mar/23/2010 06:58:25
656775,2012.REP.NOM.CRIST,Charlie Crist to be Republican Presidential Nominee in 2012,1,0.2,Mar/23/2010 06:58:32
656775,2012.REP.NOM.CRIST,Charlie Crist to be Republican Presidential Nominee in 2012,1,0.2,Mar/23/2010 06:58:39
656775,2012.REP.NOM.CRIST,Charlie Crist to be Republican Presidential Nominee in 2012,1,0.2,Mar/23/2010 06:58:47
656775,2012.REP.NOM.CRIST,Charlie Crist to be Republican Presidential Nominee in 2012,4,0.2,Mar/23/2010 06:58:55
656775,2012.REP.NOM.CRIST,Charlie Crist to be Republican Presidential Nominee in 2012,2,0.2,Mar/23/2010 06:59:03
656775,2012.REP.NOM.CRIST,Charlie Crist to be Republican Presidential Nominee in 2012,1,0.2,Mar/23/2010 06:59:10
656775,2012.REP.NOM.CRIST,Charlie Crist to be Republican Presidential Nominee in 2012,1,0.2,Mar/25/2010 22:40:56
656775,2012.REP.NOM.CRIST,Charlie Crist to be Republican Presidential Nominee in 2012,1,0.2,Mar/25/2010 22:41:01
656775,2012.REP.NOM.CRIST,Charlie Crist to be Republican Presidential Nominee in 2012,3,0.2,Mar/25/2010 22:41:19
656775,2012.REP.NOM.CRIST,Charlie Crist to be Republican Presidential Nominee in 2012,2,0.2,Mar/25/2010 22:41:27
656775,2012.REP.NOM.CRIST,Charlie Crist to be Republican Presidential Nominee in 2012,1,0.2,Mar/25/2010 22:41:34
656775,2012.REP.NOM.CRIST,Charlie Crist to be Republican Presidential Nominee in 2012,2,0.2,Mar/25/2010 22:41:40
656775,2012.REP.NOM.CRIST,Charlie Crist to be Republican Presidential Nominee in 2012,1,0.2,Mar/25/2010 22:42:05
656775,2012.REP.NOM.CRIST,Charlie Crist to be Republican Presidential Nominee in 2012,2,0.2,Mar/25/2010 22:42:12
656775,2012.REP.NOM.CRIST,Charlie Crist to be Republican Presidential Nominee in 2012,2,0.2,Mar/25/2010 22:42:18
656775,2012.REP.NOM.CRIST,Charlie Crist to be Republican Presidential Nominee in 2012,1,0.2,Mar/25/2010 22:42:26
656775,2012.REP.NOM.CRIST,Charlie Crist to be Republican Presidential Nominee in 2012,1,0.2,Mar/25/2010 22:42:33
656775,2012.REP.NOM.CRIST,Charlie Crist to be Republican Presidential Nominee in 2012,1,0.2,Mar/25/2010 22:42:40
656775,2012.REP.NOM.CRIST,Charlie Crist to be Republican Presidential Nominee in 2012,1,0.2,Mar/25/2010 22:42:47
656775,2012.REP.NOM.CRIST,Charlie Crist to be Republican Presidential Nominee in 2012,1,0.2,Mar/25/2010 22:42:55
656775,2012.REP.NOM.CRIST,Charlie Crist to be Republican Presidential Nominee in 2012,1,0.2,Mar/25/2010 22:43:02
656775,2012.REP.NOM.CRIST,Charlie Crist to be Republican Presidential Nominee in 2012,1,0.2,Mar/25/2010 22:43:09
656775,2012.REP.NOM.CRIST,Charlie Crist to be Republican Presidential Nominee in 2012,1,0.2,Mar/25/2010 22:43:16
656775,2012.REP.NOM.CRIST,Charlie Crist to be Republican Presidential Nominee in 2012,1,0.2,Mar/25/2010 22:43:24
656775,2012.REP.NOM.CRIST,Charlie Crist to be Republican Presidential Nominee in 2012,1,0.2,Mar/25/2010 22:43:31
656775,2012.REP.NOM.CRIST,Charlie Crist to be Republican Presidential Nominee in 2012,1,0.2,Mar/25/2010 22:43:39
656775,2012.REP.NOM.CRIST,Charlie Crist to be Republican Presidential Nominee in 2012,1,0.2,Mar/25/2010 22:43:47
656775,2012.REP.NOM.CRIST,Charlie Crist to be Republican Presidential Nominee in 2012,33,0.2,Apr/20/2010 20:19:10
656775,2012.REP.NOM.CRIST,Charlie Crist to be Republican Presidential Nominee in 2012,1,0.2,May/17/2010 10:08:12
656775,2012.REP.NOM.CRIST,Charlie Crist to be Republican Presidential Nominee in 2012,1,0.2,May/17/2010 10:09:33
656775,2012.REP.NOM.CRIST,Charlie Crist to be Republican Presidential Nominee in 2012,1,0.2,May/17/2010 10:09:40
656775,2012.REP.NOM.CRIST,Charlie Crist to be Republican Presidential Nominee in 2012,1,0.2,May/17/2010 10:10:09
656775,2012.REP.NOM.CRIST,Charlie Crist to be Republican Presidential Nominee in 2012,1,0.2,May/17/2010 10:10:24
656775,2012.REP.NOM.CRIST,Charlie Crist to be Republican Presidential Nominee in 2012,1,0.2,May/17/2010 10:10:36
656775,2012.REP.NOM.CRIST,Charlie Crist to be Republican Presidential Nominee in 2012,1,0.2,May/17/2010 10:10:45
656775,2012.REP.NOM.CRIST,Charlie Crist to be Republican Presidential Nominee in 2012,1,0.1,May/17/2010 10:10:57
656775,2012.REP.NOM.CRIST,Charlie Crist to be Republican Presidential Nominee in 2012,1,0.1,May/17/2010 10:11:07
656775,2012.REP.NOM.CRIST,Charlie Crist to be Republican Presidential Nominee in 2012,2,0.1,May/17/2010 10:11:15
656775,2012.REP.NOM.CRIST,Charlie Crist to be Republican Presidential Nominee in 2012,1,0.1,May/17/2010 10:11:24
656775,2012.REP.NOM.CRIST,Charlie Crist to be Republican Presidential Nominee in 2012,1,0.1,May/17/2010 10:11:33
656775,2012.REP.NOM.CRIST,Charlie Crist to be Republican Presidential Nominee in 2012,1,0.1,May/17/2010 10:11:42
656775,2012.REP.NOM.CRIST,Charlie Crist to be Republican Presidential Nominee in 2012,3,0.1,May/17/2010 10:11:51
656775,2012.REP.NOM.CRIST,Charlie Crist to be Republican Presidential Nominee in 2012,1,0.1,May/17/2010 10:12:45
656775,2012.REP.NOM.CRIST,Charlie Crist to be Republican Presidential Nominee in 2012,1,0.1,May/17/2010 10:13:03
656775,2012.REP.NOM.CRIST,Charlie Crist to be Republican Presidential Nominee in 2012,1,0.1,May/17/2010 10:13:16
656775,2012.REP.NOM.CRIST,Charlie Crist to be Republican Presidential Nominee in 2012,1,0.1,May/17/2010 10:13:26
656775,2012.REP.NOM.CRIST,Charlie Crist to be Republican Presidential Nominee in 2012,1,0.1,May/17/2010 10:13:31
656775,2012.REP.NOM.CRIST,Charlie Crist to be Republican Presidential Nominee in 2012,1,0.1,May/17/2010 10:13:36
656775,2012.REP.NOM.CRIST,Charlie Crist to be Republican Presidential Nominee in 2012,1,0.1,May/17/2010 10:13:41
656775,2012.REP.NOM.CRIST,Charlie Crist to be Republican Presidential Nominee in 2012,1,0.1,May/17/2010 10:13:53
656775,2012.REP.NOM.CRIST,Charlie Crist to be Republican Presidential Nominee in 2012,1,0.1,May/17/2010 10:14:04
656775,2012.REP.NOM.CRIST,Charlie Crist to be Republican Presidential Nominee in 2012,1,0.1,May/17/2010 10:14:13
656775,2012.REP.NOM.CRIST,Charlie Crist to be Republican Presidential Nominee in 2012,2,0.1,May/17/2010 10:14:23
656775,2012.REP.NOM.CRIST,Charlie Crist to be Republican Presidential Nominee in 2012,1,0.1,May/17/2010 10:14:30
656775,2012.REP.NOM.CRIST,Charlie Crist to be Republican Presidential Nominee in 2012,1,0.1,May/17/2010 10:14:41
656775,2012.REP.NOM.CRIST,Charlie Crist to be Republican Presidential Nominee in 2012,1,0.1,May/17/2010 10:14:50
656775,2012.REP.NOM.CRIST,Charlie Crist to be Republican Presidential Nominee in 2012,2,0.1,May/17/2010 10:14:59
656775,2012.REP.NOM.CRIST,Charlie Crist to be Republican Presidential Nominee in 2012,1,0.1,May/17/2010 10:15:09
656775,2012.REP.NOM.CRIST,Charlie Crist to be Republican Presidential Nominee in 2012,1,0.1,May/17/2010 10:15:17
656775,2012.REP.NOM.CRIST,Charlie Crist to be Republican Presidential Nominee in 2012,1,0.1,May/17/2010 10:15:27
656775,2012.REP.NOM.CRIST,Charlie Crist to be Republican Presidential Nominee in 2012,1,0.1,May/17/2010 10:15:38
656775,2012.REP.NOM.CRIST,Charlie Crist to be Republican Presidential Nominee in 2012,1,0.1,May/17/2010 10:15:48
656775,2012.REP.NOM.CRIST,Charlie Crist to be Republican Presidential Nominee in 2012,30,0.5,May/24/2010 19:01:47
656775,2012.REP.NOM.CRIST,Charlie Crist to be Republican Presidential Nominee in 2012,10,0.2,May/24/2010 19:01:47
656775,2012.REP.NOM.CRIST,Charlie Crist to be Republican Presidential Nominee in 2012,38,0.1,May/27/2010 11:27:07
656775,2012.REP.NOM.CRIST,Charlie Crist to be Republican Presidential Nominee in 2012,10,0.1,May/27/2010 11:27:07
656775,2012.REP.NOM.CRIST,Charlie Crist to be Republican Presidential Nominee in 2012,2,0.2,May/27/2010 11:27:07
656775,2012.REP.NOM.CRIST,Charlie Crist to be Republican Presidential Nominee in 2012,24,0.1,May/28/2010 12:32:47
656775,2012.REP.NOM.CRIST,Charlie Crist to be Republican Presidential Nominee in 2012,15,0.1,Jun/01/2010 17:35:51
656775,2012.REP.NOM.CRIST,Charlie Crist to be Republican Presidential Nominee in 2012,5,0.2,Jun/01/2010 17:35:51
656775,2012.REP.NOM.CRIST,Charlie Crist to be Republican Presidential Nominee in 2012,4,0.1,Jun/01/2010 20:39:59
656775,2012.REP.NOM.CRIST,Charlie Crist to be Republican Presidential Nominee in 2012,1,0.1,Jun/02/2010 10:26:01
656775,2012.REP.NOM.CRIST,Charlie Crist to be Republican Presidential Nominee in 2012,5,0.1,Jun/03/2010 12:27:36
656775,2012.REP.NOM.CRIST,Charlie Crist to be Republican Presidential Nominee in 2012,2,0.1,Jun/03/2010 20:17:06
656775,2012.REP.NOM.CRIST,Charlie Crist to be Republican Presidential Nominee in 2012,11,0.1,Jun/04/2010 10:36:03
656775,2012.REP.NOM.CRIST,Charlie Crist to be Republican Presidential Nominee in 2012,10,0.1,Jun/04/2010 10:36:03
656775,2012.REP.NOM.CRIST,Charlie Crist to be Republican Presidential Nominee in 2012,10,0.1,Jun/04/2010 10:36:03
656775,2012.REP.NOM.CRIST,Charlie Crist to be Republican Presidential Nominee in 2012,20,0.1,Jun/04/2010 21:46:22
656775,2012.REP.NOM.CRIST,Charlie Crist to be Republican Presidential Nominee in 2012,20,0.1,Jun/04/2010 22:55:46
656775,2012.REP.NOM.CRIST,Charlie Crist to be Republican Presidential Nominee in 2012,8,0.1,Jun/09/2010 20:22:32
656775,2012.REP.NOM.CRIST,Charlie Crist to be Republican Presidential Nominee in 2012,1,0.1,Jun/11/2010 09:56:15
656775,2012.REP.NOM.CRIST,Charlie Crist to be Republican Presidential Nominee in 2012,22,0.1,Jun/29/2010 10:47:22
656775,2012.REP.NOM.CRIST,Charlie Crist to be Republican Presidential Nominee in 2012,8,0.1,Jun/29/2010 10:47:41
656775,2012.REP.NOM.CRIST,Charlie Crist to be Republican Presidential Nominee in 2012,67,0.1,Jul/12/2010 06:43:04
656775,2012.REP.NOM.CRIST,Charlie Crist to be Republican Presidential Nominee in 2012,2,0.2,Jul/12/2010 07:26:38
656775,2012.REP.NOM.CRIST,Charlie Crist to be Republican Presidential Nominee in 2012,18,0.1,Jul/12/2010 21:16:43
656775,2012.REP.NOM.CRIST,Charlie Crist to be Republican Presidential Nominee in 2012,3,0.1,Jul/12/2010 21:16:54
656775,2012.REP.NOM.CRIST,Charlie Crist to be Republican Presidential Nominee in 2012,2,0.1,Jul/13/2010 05:45:27
656775,2012.REP.NOM.CRIST,Charlie Crist to be Republican Presidential Nominee in 2012,39,0.1,Jul/13/2010 19:28:18
656775,2012.REP.NOM.CRIST,Charlie Crist to be Republican Presidential Nominee in 2012,100,0.1,Jul/17/2010 19:13:30
656775,2012.REP.NOM.CRIST,Charlie Crist to be Republican Presidential Nominee in 2012,3,0.1,Nov/04/2010 18:39:56
656775,2012.REP.NOM.CRIST,Charlie Crist to be Republican Presidential Nominee in 2012,3,0.1,Nov/10/2010 08:40:18
656775,2012.REP.NOM.CRIST,Charlie Crist to be Republican Presidential Nominee in 2012,10,0.1,Nov/11/2010 21:37:23
656775,2012.REP.NOM.CRIST,Charlie Crist to be Republican Presidential Nominee in 2012,442,0.1,Nov/13/2010 23:14:17
656775,2012.REP.NOM.CRIST,Charlie Crist to be Republican Presidential Nominee in 2012,80,0.1,Jan/07/2011 15:51:41
656775,2012.REP.NOM.CRIST,Charlie Crist to be Republican Presidential Nominee in 2012,10,0.1,Jan/07/2011 15:51:41
656775,2012.REP.NOM.CRIST,Charlie Crist to be Republican Presidential Nominee in 2012,80,0.1,Jan/07/2011 15:51:41
656775,2012.REP.NOM.CRIST,Charlie Crist to be Republican Presidential Nominee in 2012,50,0.1,Jan/07/2011 15:51:41
656775,2012.REP.NOM.CRIST,Charlie Crist to be Republican Presidential Nominee in 2012,10,0.1,Jan/07/2011 15:51:41
656775,2012.REP.NOM.CRIST,Charlie Crist to be Republican Presidential Nominee in 2012,200,0.1,Jan/08/2011 17:41:04
656775,2012.REP.NOM.CRIST,Charlie Crist to be Republican Presidential Nominee in 2012,20,0.1,Jan/24/2011 06:25:12
656775,2012.REP.NOM.CRIST,Charlie Crist to be Republican Presidential Nominee in 2012,100,0.1,Feb/15/2011 02:27:30
656775,2012.REP.NOM.CRIST,Charlie Crist to be Republican Presidential Nominee in 2012,50,0.1,Feb/20/2011 19:11:46
656775,2012.REP.NOM.CRIST,Charlie Crist to be Republican Presidential Nominee in 2012,25,0.1,May/13/2011 15:55:12
656775,2012.REP.NOM.CRIST,Charlie Crist to be Republican Presidential Nominee in 2012,1,0.1,Jun/16/2011 01:07:57
656775,2012.REP.NOM.CRIST,Charlie Crist to be Republican Presidential Nominee in 2012,1,0.1,Jun/16/2011 01:27:57
656775,2012.REP.NOM.CRIST,Charlie Crist to be Republican Presidential Nominee in 2012,20,0.1,Jul/04/2011 01:49:14
656775,2012.REP.NOM.CRIST,Charlie Crist to be Republican Presidential Nominee in 2012,10,0.1,Sep/06/2011 19:47:53
656775,2012.REP.NOM.CRIST,Charlie Crist to be Republican Presidential Nominee in 2012,1780,0.1,Sep/06/2011 19:47:53
656775,2012.REP.NOM.CRIST,Charlie Crist to be Republican Presidential Nominee in 2012,5000,0.1,Sep/06/2011 19:47:53
656775,2012.REP.NOM.CRIST,Charlie Crist to be Republican Presidential Nominee in 2012,555,0.1,Sep/06/2011 19:47:53
656775,2012.REP.NOM.CRIST,Charlie Crist to be Republican Presidential Nominee in 2012,5,0.1,Sep/06/2011 19:47:53
656775,2012.REP.NOM.CRIST,Charlie Crist to be Republican Presidential Nominee in 2012,100,0.1,Sep/06/2011 19:47:53
656775,2012.REP.NOM.CRIST,Charlie Crist to be Republican Presidential Nominee in 2012,65,0.1,Sep/06/2011 19:47:53
656775,2012.REP.NOM.CRIST,Charlie Crist to be Republican Presidential Nominee in 2012,83,0.1,Sep/06/2011 19:47:53
656775,2012.REP.NOM.CRIST,Charlie Crist to be Republican Presidential Nominee in 2012,400,0.2,Sep/06/2011 19:48:19
656775,2012.REP.NOM.CRIST,Charlie Crist to be Republican Presidential Nominee in 2012,7,0.2,Sep/06/2011 19:48:19
656775,2012.REP.NOM.CRIST,Charlie Crist to be Republican Presidential Nominee in 2012,100,0.2,Sep/06/2011 19:48:19
656775,2012.REP.NOM.CRIST,Charlie Crist to be Republican Presidential Nominee in 2012,8,0.2,Sep/06/2011 19:48:19
656775,2012.REP.NOM.CRIST,Charlie Crist to be Republican Presidential Nominee in 2012,10,0.4,Sep/06/2011 19:48:36
656775,2012.REP.NOM.CRIST,Charlie Crist to be Republican Presidential Nominee in 2012,15,0.3,Sep/06/2011 19:48:36
656775,2012.REP.NOM.CRIST,Charlie Crist to be Republican Presidential Nominee in 2012,555,0.1,Sep/06/2011 20:07:38
656775,2012.REP.NOM.CRIST,Charlie Crist to be Republican Presidential Nominee in 2012,45,0.1,Sep/06/2011 20:16:35
656775,2012.REP.NOM.CRIST,Charlie Crist to be Republican Presidential Nominee in 2012,3000,0.1,Sep/06/2011 20:52:46
656775,2012.REP.NOM.CRIST,Charlie Crist to be Republican Presidential Nominee in 2012,400,0.1,Sep/06/2011 20:52:46
656775,2012.REP.NOM.CRIST,Charlie Crist to be Republican Presidential Nominee in 2012,555,0.2,Sep/06/2011 20:56:12
656775,2012.REP.NOM.CRIST,Charlie Crist to be Republican Presidential Nominee in 2012,20,0.1,Sep/06/2011 22:34:28
656775,2012.REP.NOM.CRIST,Charlie Crist to be Republican Presidential Nominee in 2012,400,0.1,Nov/11/2011 10:57:20
656775,2012.REP.NOM.CRIST,Charlie Crist to be Republican Presidential Nominee in 2012,180,0.1,Jan/21/2012 18:20:20
656775,2012.REP.NOM.CRIST,Charlie Crist to be Republican Presidential Nominee in 2012,320,0.1,Jan/21/2012 18:20:20
656775,2012.REP.NOM.CRIST,Charlie Crist to be Republican Presidential Nominee in 2012,2400,0.1,Feb/13/2012 02:38:19
656775,2012.REP.NOM.CRIST,Charlie Crist to be Republican Presidential Nominee in 2012,100,0.1,Feb/13/2012 14:54:53
656775,2012.REP.NOM.CRIST,Charlie Crist to be Republican Presidential Nominee in 2012,500,0.1,Feb/15/2012 00:45:23
656775,2012.REP.NOM.CRIST,Charlie Crist to be Republican Presidential Nominee in 2012,500,0.1,Feb/15/2012 19:23:18
656775,2012.REP.NOM.CRIST,Charlie Crist to be Republican Presidential Nominee in 2012,5,0.1,Mar/07/2012 23:34:59
656775,2012.REP.NOM.CRIST,Charlie Crist to be Republican Presidential Nominee in 2012,5,0.1,Mar/07/2012 23:36:27
656775,2012.REP.NOM.CRIST,Charlie Crist to be Republican Presidential Nominee in 2012,5,0.1,Mar/07/2012 23:37:49
656775,2012.REP.NOM.CRIST,Charlie Crist to be Republican Presidential Nominee in 2012,5,0.1,Mar/11/2012 16:58:48
