market id,market symbol,market name,trade quantity,trade price,date/time [utc]
689899,2012.REP.NOM.CORKER,Bob Corker to be Republican Presidential Nominee in 2012,5,4.0,Aug/17/2009 15:57:51
689899,2012.REP.NOM.CORKER,Bob Corker to be Republican Presidential Nominee in 2012,1,4.0,Aug/21/2009 12:51:08
689899,2012.REP.NOM.CORKER,Bob Corker to be Republican Presidential Nominee in 2012,3,4.4,Sep/01/2009 15:27:23
689899,2012.REP.NOM.CORKER,Bob Corker to be Republican Presidential Nominee in 2012,1,6.0,Oct/01/2009 20:55:50
689899,2012.REP.NOM.CORKER,Bob Corker to be Republican Presidential Nominee in 2012,20,5.0,Oct/01/2009 20:55:50
689899,2012.REP.NOM.CORKER,Bob Corker to be Republican Presidential Nominee in 2012,20,5.0,Oct/26/2009 22:33:19
689899,2012.REP.NOM.CORKER,Bob Corker to be Republican Presidential Nominee in 2012,1,4.5,Nov/15/2009 02:07:24
689899,2012.REP.NOM.CORKER,Bob Corker to be Republican Presidential Nominee in 2012,1,4.5,Nov/15/2009 02:14:39
689899,2012.REP.NOM.CORKER,Bob Corker to be Republican Presidential Nominee in 2012,2,4.5,Nov/15/2009 02:19:49
689899,2012.REP.NOM.CORKER,Bob Corker to be Republican Presidential Nominee in 2012,1,4.5,Nov/15/2009 02:24:25
689899,2012.REP.NOM.CORKER,Bob Corker to be Republican Presidential Nominee in 2012,5,4.5,Nov/15/2009 02:37:38
689899,2012.REP.NOM.CORKER,Bob Corker to be Republican Presidential Nominee in 2012,5,4.5,Nov/20/2009 20:46:57
689899,2012.REP.NOM.CORKER,Bob Corker to be Republican Presidential Nominee in 2012,5,4.5,Nov/20/2009 20:51:41
689899,2012.REP.NOM.CORKER,Bob Corker to be Republican Presidential Nominee in 2012,5,4.5,Nov/23/2009 11:46:16
689899,2012.REP.NOM.CORKER,Bob Corker to be Republican Presidential Nominee in 2012,5,4.5,Nov/24/2009 01:59:01
689899,2012.REP.NOM.CORKER,Bob Corker to be Republican Presidential Nominee in 2012,5,4.5,Dec/06/2009 15:27:10
689899,2012.REP.NOM.CORKER,Bob Corker to be Republican Presidential Nominee in 2012,2,4.9,Dec/14/2009 10:33:28
689899,2012.REP.NOM.CORKER,Bob Corker to be Republican Presidential Nominee in 2012,5,4.5,Dec/19/2009 17:59:23
689899,2012.REP.NOM.CORKER,Bob Corker to be Republican Presidential Nominee in 2012,10,4.5,Dec/19/2009 18:04:48
689899,2012.REP.NOM.CORKER,Bob Corker to be Republican Presidential Nominee in 2012,20,4.0,Jan/20/2010 22:24:31
689899,2012.REP.NOM.CORKER,Bob Corker to be Republican Presidential Nominee in 2012,28,2.7,Jan/20/2010 22:24:31
689899,2012.REP.NOM.CORKER,Bob Corker to be Republican Presidential Nominee in 2012,4,4.4,Jan/20/2010 22:24:31
689899,2012.REP.NOM.CORKER,Bob Corker to be Republican Presidential Nominee in 2012,1,4.8,Jan/21/2010 09:42:24
689899,2012.REP.NOM.CORKER,Bob Corker to be Republican Presidential Nominee in 2012,1,4.8,Jan/21/2010 09:44:21
689899,2012.REP.NOM.CORKER,Bob Corker to be Republican Presidential Nominee in 2012,1,4.8,Jan/21/2010 09:46:40
689899,2012.REP.NOM.CORKER,Bob Corker to be Republican Presidential Nominee in 2012,10,0.2,Jan/21/2010 11:10:21
689899,2012.REP.NOM.CORKER,Bob Corker to be Republican Presidential Nominee in 2012,10,0.1,Jan/21/2010 11:10:21
689899,2012.REP.NOM.CORKER,Bob Corker to be Republican Presidential Nominee in 2012,5,4.8,Jan/21/2010 11:10:21
689899,2012.REP.NOM.CORKER,Bob Corker to be Republican Presidential Nominee in 2012,15,0.1,Jan/21/2010 13:10:22
689899,2012.REP.NOM.CORKER,Bob Corker to be Republican Presidential Nominee in 2012,10,0.5,Jan/21/2010 15:50:39
689899,2012.REP.NOM.CORKER,Bob Corker to be Republican Presidential Nominee in 2012,5,0.5,Jan/21/2010 17:46:38
689899,2012.REP.NOM.CORKER,Bob Corker to be Republican Presidential Nominee in 2012,5,0.5,Jan/21/2010 17:46:46
689899,2012.REP.NOM.CORKER,Bob Corker to be Republican Presidential Nominee in 2012,1,0.5,Jan/21/2010 17:47:36
689899,2012.REP.NOM.CORKER,Bob Corker to be Republican Presidential Nominee in 2012,5,1.0,Jan/21/2010 18:03:57
689899,2012.REP.NOM.CORKER,Bob Corker to be Republican Presidential Nominee in 2012,4,1.1,Jan/22/2010 06:22:11
689899,2012.REP.NOM.CORKER,Bob Corker to be Republican Presidential Nominee in 2012,10,1.0,Jan/22/2010 06:22:11
689899,2012.REP.NOM.CORKER,Bob Corker to be Republican Presidential Nominee in 2012,3,0.7,Jan/22/2010 06:22:14
689899,2012.REP.NOM.CORKER,Bob Corker to be Republican Presidential Nominee in 2012,10,0.7,Jan/22/2010 06:22:14
689899,2012.REP.NOM.CORKER,Bob Corker to be Republican Presidential Nominee in 2012,1,0.6,Jan/22/2010 06:22:14
689899,2012.REP.NOM.CORKER,Bob Corker to be Republican Presidential Nominee in 2012,1,0.6,Jan/22/2010 06:22:25
689899,2012.REP.NOM.CORKER,Bob Corker to be Republican Presidential Nominee in 2012,3,0.6,Jan/22/2010 14:42:28
689899,2012.REP.NOM.CORKER,Bob Corker to be Republican Presidential Nominee in 2012,7,0.6,Jan/22/2010 15:55:56
689899,2012.REP.NOM.CORKER,Bob Corker to be Republican Presidential Nominee in 2012,3,0.6,Jan/25/2010 11:13:28
689899,2012.REP.NOM.CORKER,Bob Corker to be Republican Presidential Nominee in 2012,1,0.6,Jan/25/2010 11:13:28
689899,2012.REP.NOM.CORKER,Bob Corker to be Republican Presidential Nominee in 2012,10,0.4,Jan/25/2010 11:13:28
689899,2012.REP.NOM.CORKER,Bob Corker to be Republican Presidential Nominee in 2012,14,0.4,Jan/25/2010 18:33:58
689899,2012.REP.NOM.CORKER,Bob Corker to be Republican Presidential Nominee in 2012,4,0.4,Jan/26/2010 11:04:14
689899,2012.REP.NOM.CORKER,Bob Corker to be Republican Presidential Nominee in 2012,15,0.4,Feb/01/2010 17:13:14
689899,2012.REP.NOM.CORKER,Bob Corker to be Republican Presidential Nominee in 2012,10,0.4,Feb/03/2010 12:15:32
689899,2012.REP.NOM.CORKER,Bob Corker to be Republican Presidential Nominee in 2012,2,0.5,Feb/03/2010 19:08:31
689899,2012.REP.NOM.CORKER,Bob Corker to be Republican Presidential Nominee in 2012,2,0.4,Feb/05/2010 09:58:22
689899,2012.REP.NOM.CORKER,Bob Corker to be Republican Presidential Nominee in 2012,1,0.4,Feb/08/2010 10:21:09
689899,2012.REP.NOM.CORKER,Bob Corker to be Republican Presidential Nominee in 2012,1,0.4,Feb/08/2010 10:21:17
689899,2012.REP.NOM.CORKER,Bob Corker to be Republican Presidential Nominee in 2012,1,0.4,Feb/08/2010 10:21:24
689899,2012.REP.NOM.CORKER,Bob Corker to be Republican Presidential Nominee in 2012,1,0.4,Feb/08/2010 10:21:43
689899,2012.REP.NOM.CORKER,Bob Corker to be Republican Presidential Nominee in 2012,1,0.4,Feb/08/2010 10:21:54
689899,2012.REP.NOM.CORKER,Bob Corker to be Republican Presidential Nominee in 2012,1,0.4,Feb/08/2010 10:22:02
689899,2012.REP.NOM.CORKER,Bob Corker to be Republican Presidential Nominee in 2012,1,0.4,Feb/08/2010 10:22:10
689899,2012.REP.NOM.CORKER,Bob Corker to be Republican Presidential Nominee in 2012,1,0.4,Feb/08/2010 10:22:17
689899,2012.REP.NOM.CORKER,Bob Corker to be Republican Presidential Nominee in 2012,1,0.4,Feb/08/2010 10:22:25
689899,2012.REP.NOM.CORKER,Bob Corker to be Republican Presidential Nominee in 2012,1,0.4,Feb/08/2010 10:22:33
689899,2012.REP.NOM.CORKER,Bob Corker to be Republican Presidential Nominee in 2012,2,0.4,Feb/08/2010 10:22:41
689899,2012.REP.NOM.CORKER,Bob Corker to be Republican Presidential Nominee in 2012,2,0.4,Feb/08/2010 10:22:48
689899,2012.REP.NOM.CORKER,Bob Corker to be Republican Presidential Nominee in 2012,1,0.4,Feb/08/2010 10:23:02
689899,2012.REP.NOM.CORKER,Bob Corker to be Republican Presidential Nominee in 2012,7,0.3,Feb/08/2010 12:28:55
689899,2012.REP.NOM.CORKER,Bob Corker to be Republican Presidential Nominee in 2012,10,0.4,Feb/09/2010 05:32:53
689899,2012.REP.NOM.CORKER,Bob Corker to be Republican Presidential Nominee in 2012,53,0.5,Feb/09/2010 05:32:53
689899,2012.REP.NOM.CORKER,Bob Corker to be Republican Presidential Nominee in 2012,30,0.3,Feb/09/2010 05:32:53
689899,2012.REP.NOM.CORKER,Bob Corker to be Republican Presidential Nominee in 2012,7,0.4,Feb/09/2010 05:32:53
689899,2012.REP.NOM.CORKER,Bob Corker to be Republican Presidential Nominee in 2012,3,0.3,Feb/10/2010 09:56:57
689899,2012.REP.NOM.CORKER,Bob Corker to be Republican Presidential Nominee in 2012,1,0.3,Feb/10/2010 09:57:10
689899,2012.REP.NOM.CORKER,Bob Corker to be Republican Presidential Nominee in 2012,1,0.3,Feb/10/2010 09:57:30
689899,2012.REP.NOM.CORKER,Bob Corker to be Republican Presidential Nominee in 2012,2,0.3,Feb/10/2010 09:57:37
689899,2012.REP.NOM.CORKER,Bob Corker to be Republican Presidential Nominee in 2012,1,0.3,Feb/10/2010 09:57:44
689899,2012.REP.NOM.CORKER,Bob Corker to be Republican Presidential Nominee in 2012,1,0.2,Feb/10/2010 09:57:49
689899,2012.REP.NOM.CORKER,Bob Corker to be Republican Presidential Nominee in 2012,1,0.2,Feb/10/2010 09:58:04
689899,2012.REP.NOM.CORKER,Bob Corker to be Republican Presidential Nominee in 2012,1,0.2,Feb/10/2010 09:58:10
689899,2012.REP.NOM.CORKER,Bob Corker to be Republican Presidential Nominee in 2012,1,0.2,Feb/10/2010 09:58:16
689899,2012.REP.NOM.CORKER,Bob Corker to be Republican Presidential Nominee in 2012,1,0.2,Feb/10/2010 09:58:21
689899,2012.REP.NOM.CORKER,Bob Corker to be Republican Presidential Nominee in 2012,1,0.2,Feb/10/2010 09:58:27
689899,2012.REP.NOM.CORKER,Bob Corker to be Republican Presidential Nominee in 2012,1,0.2,Feb/10/2010 09:58:31
689899,2012.REP.NOM.CORKER,Bob Corker to be Republican Presidential Nominee in 2012,1,0.2,Feb/10/2010 09:58:36
689899,2012.REP.NOM.CORKER,Bob Corker to be Republican Presidential Nominee in 2012,1,0.2,Feb/10/2010 09:58:41
689899,2012.REP.NOM.CORKER,Bob Corker to be Republican Presidential Nominee in 2012,1,0.2,Feb/10/2010 09:58:50
689899,2012.REP.NOM.CORKER,Bob Corker to be Republican Presidential Nominee in 2012,1,0.2,Feb/10/2010 09:58:57
689899,2012.REP.NOM.CORKER,Bob Corker to be Republican Presidential Nominee in 2012,1,0.2,Feb/10/2010 09:59:03
689899,2012.REP.NOM.CORKER,Bob Corker to be Republican Presidential Nominee in 2012,1,0.2,Feb/10/2010 09:59:13
689899,2012.REP.NOM.CORKER,Bob Corker to be Republican Presidential Nominee in 2012,2,0.2,Feb/10/2010 09:59:18
689899,2012.REP.NOM.CORKER,Bob Corker to be Republican Presidential Nominee in 2012,1,0.2,Feb/10/2010 09:59:32
689899,2012.REP.NOM.CORKER,Bob Corker to be Republican Presidential Nominee in 2012,2,0.2,Feb/10/2010 09:59:38
689899,2012.REP.NOM.CORKER,Bob Corker to be Republican Presidential Nominee in 2012,1,0.2,Feb/10/2010 09:59:44
689899,2012.REP.NOM.CORKER,Bob Corker to be Republican Presidential Nominee in 2012,1,0.2,Feb/14/2010 16:45:13
689899,2012.REP.NOM.CORKER,Bob Corker to be Republican Presidential Nominee in 2012,1,0.2,Feb/14/2010 16:45:19
689899,2012.REP.NOM.CORKER,Bob Corker to be Republican Presidential Nominee in 2012,1,0.2,Feb/14/2010 16:45:37
689899,2012.REP.NOM.CORKER,Bob Corker to be Republican Presidential Nominee in 2012,1,0.2,Feb/14/2010 16:45:45
689899,2012.REP.NOM.CORKER,Bob Corker to be Republican Presidential Nominee in 2012,5,0.4,Feb/15/2010 04:58:04
689899,2012.REP.NOM.CORKER,Bob Corker to be Republican Presidential Nominee in 2012,3,0.4,Feb/15/2010 09:59:08
689899,2012.REP.NOM.CORKER,Bob Corker to be Republican Presidential Nominee in 2012,2,0.4,Feb/15/2010 09:59:14
689899,2012.REP.NOM.CORKER,Bob Corker to be Republican Presidential Nominee in 2012,3,0.4,Feb/15/2010 09:59:23
689899,2012.REP.NOM.CORKER,Bob Corker to be Republican Presidential Nominee in 2012,5,0.4,Feb/15/2010 09:59:28
689899,2012.REP.NOM.CORKER,Bob Corker to be Republican Presidential Nominee in 2012,2,0.4,Feb/15/2010 09:59:37
689899,2012.REP.NOM.CORKER,Bob Corker to be Republican Presidential Nominee in 2012,8,0.4,Feb/15/2010 11:58:22
689899,2012.REP.NOM.CORKER,Bob Corker to be Republican Presidential Nominee in 2012,8,0.4,Feb/15/2010 11:58:29
689899,2012.REP.NOM.CORKER,Bob Corker to be Republican Presidential Nominee in 2012,11,0.4,Feb/15/2010 11:58:37
689899,2012.REP.NOM.CORKER,Bob Corker to be Republican Presidential Nominee in 2012,8,0.4,Feb/15/2010 11:58:42
689899,2012.REP.NOM.CORKER,Bob Corker to be Republican Presidential Nominee in 2012,4,0.2,Feb/15/2010 11:58:47
689899,2012.REP.NOM.CORKER,Bob Corker to be Republican Presidential Nominee in 2012,3,0.2,Feb/15/2010 11:58:54
689899,2012.REP.NOM.CORKER,Bob Corker to be Republican Presidential Nominee in 2012,2,0.2,Feb/15/2010 11:58:59
689899,2012.REP.NOM.CORKER,Bob Corker to be Republican Presidential Nominee in 2012,1,0.2,Feb/15/2010 11:59:04
689899,2012.REP.NOM.CORKER,Bob Corker to be Republican Presidential Nominee in 2012,1,0.2,Feb/15/2010 11:59:09
689899,2012.REP.NOM.CORKER,Bob Corker to be Republican Presidential Nominee in 2012,1,0.2,Feb/15/2010 11:59:14
689899,2012.REP.NOM.CORKER,Bob Corker to be Republican Presidential Nominee in 2012,1,0.2,Feb/15/2010 11:59:20
689899,2012.REP.NOM.CORKER,Bob Corker to be Republican Presidential Nominee in 2012,2,0.2,Feb/15/2010 11:59:27
689899,2012.REP.NOM.CORKER,Bob Corker to be Republican Presidential Nominee in 2012,5,0.2,Feb/15/2010 11:59:32
689899,2012.REP.NOM.CORKER,Bob Corker to be Republican Presidential Nominee in 2012,1,0.2,Feb/15/2010 11:59:38
689899,2012.REP.NOM.CORKER,Bob Corker to be Republican Presidential Nominee in 2012,1,0.2,Feb/15/2010 11:59:42
689899,2012.REP.NOM.CORKER,Bob Corker to be Republican Presidential Nominee in 2012,1,0.2,Feb/15/2010 11:59:47
689899,2012.REP.NOM.CORKER,Bob Corker to be Republican Presidential Nominee in 2012,1,0.2,Feb/15/2010 11:59:54
689899,2012.REP.NOM.CORKER,Bob Corker to be Republican Presidential Nominee in 2012,1,0.2,Feb/15/2010 12:00:00
689899,2012.REP.NOM.CORKER,Bob Corker to be Republican Presidential Nominee in 2012,2,0.2,Feb/15/2010 12:00:04
689899,2012.REP.NOM.CORKER,Bob Corker to be Republican Presidential Nominee in 2012,1,0.2,Feb/15/2010 12:00:11
689899,2012.REP.NOM.CORKER,Bob Corker to be Republican Presidential Nominee in 2012,1,0.3,Feb/17/2010 14:25:01
689899,2012.REP.NOM.CORKER,Bob Corker to be Republican Presidential Nominee in 2012,1,0.3,Feb/17/2010 14:25:07
689899,2012.REP.NOM.CORKER,Bob Corker to be Republican Presidential Nominee in 2012,1,0.3,Feb/17/2010 14:25:12
689899,2012.REP.NOM.CORKER,Bob Corker to be Republican Presidential Nominee in 2012,2,0.3,Feb/17/2010 14:25:18
689899,2012.REP.NOM.CORKER,Bob Corker to be Republican Presidential Nominee in 2012,1,0.3,Feb/19/2010 17:58:35
689899,2012.REP.NOM.CORKER,Bob Corker to be Republican Presidential Nominee in 2012,1,0.3,Feb/19/2010 18:00:06
689899,2012.REP.NOM.CORKER,Bob Corker to be Republican Presidential Nominee in 2012,1,0.3,Feb/19/2010 18:00:17
689899,2012.REP.NOM.CORKER,Bob Corker to be Republican Presidential Nominee in 2012,1,0.3,Feb/19/2010 18:00:25
689899,2012.REP.NOM.CORKER,Bob Corker to be Republican Presidential Nominee in 2012,1,0.3,Feb/19/2010 18:00:31
689899,2012.REP.NOM.CORKER,Bob Corker to be Republican Presidential Nominee in 2012,1,0.2,Feb/19/2010 18:00:37
689899,2012.REP.NOM.CORKER,Bob Corker to be Republican Presidential Nominee in 2012,1,0.2,Feb/19/2010 18:00:45
689899,2012.REP.NOM.CORKER,Bob Corker to be Republican Presidential Nominee in 2012,1,0.2,Feb/19/2010 18:01:08
689899,2012.REP.NOM.CORKER,Bob Corker to be Republican Presidential Nominee in 2012,3,0.2,Feb/19/2010 18:01:14
689899,2012.REP.NOM.CORKER,Bob Corker to be Republican Presidential Nominee in 2012,1,0.2,Feb/19/2010 18:01:21
689899,2012.REP.NOM.CORKER,Bob Corker to be Republican Presidential Nominee in 2012,1,0.2,Feb/19/2010 18:01:28
689899,2012.REP.NOM.CORKER,Bob Corker to be Republican Presidential Nominee in 2012,1,0.2,Feb/19/2010 18:01:36
689899,2012.REP.NOM.CORKER,Bob Corker to be Republican Presidential Nominee in 2012,1,0.2,Feb/19/2010 18:01:36
689899,2012.REP.NOM.CORKER,Bob Corker to be Republican Presidential Nominee in 2012,1,0.3,Feb/24/2010 11:35:13
689899,2012.REP.NOM.CORKER,Bob Corker to be Republican Presidential Nominee in 2012,1,0.3,Feb/24/2010 11:35:21
689899,2012.REP.NOM.CORKER,Bob Corker to be Republican Presidential Nominee in 2012,1,0.3,Feb/24/2010 11:35:26
689899,2012.REP.NOM.CORKER,Bob Corker to be Republican Presidential Nominee in 2012,1,0.3,Feb/24/2010 11:35:33
689899,2012.REP.NOM.CORKER,Bob Corker to be Republican Presidential Nominee in 2012,1,0.3,Feb/24/2010 11:35:38
689899,2012.REP.NOM.CORKER,Bob Corker to be Republican Presidential Nominee in 2012,2,0.3,Feb/24/2010 11:35:43
689899,2012.REP.NOM.CORKER,Bob Corker to be Republican Presidential Nominee in 2012,1,0.3,Feb/24/2010 11:35:48
689899,2012.REP.NOM.CORKER,Bob Corker to be Republican Presidential Nominee in 2012,1,0.3,Feb/24/2010 11:35:53
689899,2012.REP.NOM.CORKER,Bob Corker to be Republican Presidential Nominee in 2012,1,0.3,Feb/24/2010 11:35:58
689899,2012.REP.NOM.CORKER,Bob Corker to be Republican Presidential Nominee in 2012,1,0.2,Feb/24/2010 11:36:03
689899,2012.REP.NOM.CORKER,Bob Corker to be Republican Presidential Nominee in 2012,1,0.2,Feb/24/2010 11:36:09
689899,2012.REP.NOM.CORKER,Bob Corker to be Republican Presidential Nominee in 2012,1,0.2,Feb/24/2010 11:36:15
689899,2012.REP.NOM.CORKER,Bob Corker to be Republican Presidential Nominee in 2012,6,0.2,Feb/24/2010 11:36:21
689899,2012.REP.NOM.CORKER,Bob Corker to be Republican Presidential Nominee in 2012,1,0.2,Feb/24/2010 11:36:26
689899,2012.REP.NOM.CORKER,Bob Corker to be Republican Presidential Nominee in 2012,1,0.2,Feb/24/2010 11:36:31
689899,2012.REP.NOM.CORKER,Bob Corker to be Republican Presidential Nominee in 2012,3,0.2,Feb/24/2010 11:36:38
689899,2012.REP.NOM.CORKER,Bob Corker to be Republican Presidential Nominee in 2012,3,0.2,Feb/24/2010 11:36:52
689899,2012.REP.NOM.CORKER,Bob Corker to be Republican Presidential Nominee in 2012,2,0.2,Feb/24/2010 11:37:00
689899,2012.REP.NOM.CORKER,Bob Corker to be Republican Presidential Nominee in 2012,1,0.2,Feb/24/2010 11:37:05
689899,2012.REP.NOM.CORKER,Bob Corker to be Republican Presidential Nominee in 2012,1,0.2,Feb/24/2010 11:37:10
689899,2012.REP.NOM.CORKER,Bob Corker to be Republican Presidential Nominee in 2012,2,0.2,Feb/24/2010 11:37:16
689899,2012.REP.NOM.CORKER,Bob Corker to be Republican Presidential Nominee in 2012,3,0.2,Feb/24/2010 11:37:32
689899,2012.REP.NOM.CORKER,Bob Corker to be Republican Presidential Nominee in 2012,4,0.2,Feb/24/2010 11:37:38
689899,2012.REP.NOM.CORKER,Bob Corker to be Republican Presidential Nominee in 2012,1,0.2,Feb/24/2010 11:37:44
689899,2012.REP.NOM.CORKER,Bob Corker to be Republican Presidential Nominee in 2012,1,0.2,Feb/24/2010 11:37:51
689899,2012.REP.NOM.CORKER,Bob Corker to be Republican Presidential Nominee in 2012,3,0.2,Feb/24/2010 11:38:07
689899,2012.REP.NOM.CORKER,Bob Corker to be Republican Presidential Nominee in 2012,4,0.2,Feb/24/2010 11:38:15
689899,2012.REP.NOM.CORKER,Bob Corker to be Republican Presidential Nominee in 2012,1,0.2,Feb/24/2010 16:58:16
689899,2012.REP.NOM.CORKER,Bob Corker to be Republican Presidential Nominee in 2012,2,0.2,Feb/24/2010 16:58:51
689899,2012.REP.NOM.CORKER,Bob Corker to be Republican Presidential Nominee in 2012,2,0.2,Feb/24/2010 16:59:06
689899,2012.REP.NOM.CORKER,Bob Corker to be Republican Presidential Nominee in 2012,1,0.2,Mar/01/2010 06:00:50
689899,2012.REP.NOM.CORKER,Bob Corker to be Republican Presidential Nominee in 2012,1,0.2,Mar/01/2010 06:00:55
689899,2012.REP.NOM.CORKER,Bob Corker to be Republican Presidential Nominee in 2012,1,0.2,Mar/01/2010 06:02:22
689899,2012.REP.NOM.CORKER,Bob Corker to be Republican Presidential Nominee in 2012,1,0.2,Mar/01/2010 06:02:28
689899,2012.REP.NOM.CORKER,Bob Corker to be Republican Presidential Nominee in 2012,1,0.2,Mar/01/2010 06:02:34
689899,2012.REP.NOM.CORKER,Bob Corker to be Republican Presidential Nominee in 2012,1,0.2,Mar/01/2010 06:02:43
689899,2012.REP.NOM.CORKER,Bob Corker to be Republican Presidential Nominee in 2012,1,0.2,Mar/01/2010 06:02:49
689899,2012.REP.NOM.CORKER,Bob Corker to be Republican Presidential Nominee in 2012,1,0.2,Mar/04/2010 07:34:23
689899,2012.REP.NOM.CORKER,Bob Corker to be Republican Presidential Nominee in 2012,1,0.2,Mar/04/2010 07:35:27
689899,2012.REP.NOM.CORKER,Bob Corker to be Republican Presidential Nominee in 2012,1,0.2,Mar/04/2010 07:35:34
689899,2012.REP.NOM.CORKER,Bob Corker to be Republican Presidential Nominee in 2012,1,0.2,Mar/04/2010 07:35:40
689899,2012.REP.NOM.CORKER,Bob Corker to be Republican Presidential Nominee in 2012,1,0.2,Mar/04/2010 07:36:01
689899,2012.REP.NOM.CORKER,Bob Corker to be Republican Presidential Nominee in 2012,1,0.2,Mar/04/2010 07:36:06
689899,2012.REP.NOM.CORKER,Bob Corker to be Republican Presidential Nominee in 2012,1,0.2,Mar/04/2010 07:36:12
689899,2012.REP.NOM.CORKER,Bob Corker to be Republican Presidential Nominee in 2012,1,0.2,Mar/04/2010 07:36:19
689899,2012.REP.NOM.CORKER,Bob Corker to be Republican Presidential Nominee in 2012,2,0.2,Mar/04/2010 07:36:26
689899,2012.REP.NOM.CORKER,Bob Corker to be Republican Presidential Nominee in 2012,2,0.2,Mar/04/2010 07:36:32
689899,2012.REP.NOM.CORKER,Bob Corker to be Republican Presidential Nominee in 2012,1,0.2,Mar/04/2010 07:36:44
689899,2012.REP.NOM.CORKER,Bob Corker to be Republican Presidential Nominee in 2012,1,0.2,Mar/04/2010 07:36:49
689899,2012.REP.NOM.CORKER,Bob Corker to be Republican Presidential Nominee in 2012,2,0.2,Mar/04/2010 07:36:55
689899,2012.REP.NOM.CORKER,Bob Corker to be Republican Presidential Nominee in 2012,1,0.2,Mar/04/2010 07:37:02
689899,2012.REP.NOM.CORKER,Bob Corker to be Republican Presidential Nominee in 2012,3,0.2,Mar/04/2010 07:37:10
689899,2012.REP.NOM.CORKER,Bob Corker to be Republican Presidential Nominee in 2012,2,0.2,Mar/04/2010 07:37:16
689899,2012.REP.NOM.CORKER,Bob Corker to be Republican Presidential Nominee in 2012,2,0.2,Mar/04/2010 07:37:22
689899,2012.REP.NOM.CORKER,Bob Corker to be Republican Presidential Nominee in 2012,1,0.2,Mar/04/2010 07:37:28
689899,2012.REP.NOM.CORKER,Bob Corker to be Republican Presidential Nominee in 2012,1,0.2,Mar/04/2010 07:37:35
689899,2012.REP.NOM.CORKER,Bob Corker to be Republican Presidential Nominee in 2012,1,0.2,Mar/04/2010 07:37:43
689899,2012.REP.NOM.CORKER,Bob Corker to be Republican Presidential Nominee in 2012,1,0.2,Mar/04/2010 07:37:49
689899,2012.REP.NOM.CORKER,Bob Corker to be Republican Presidential Nominee in 2012,2,0.2,Mar/04/2010 07:37:54
689899,2012.REP.NOM.CORKER,Bob Corker to be Republican Presidential Nominee in 2012,2,0.2,Mar/04/2010 07:38:00
689899,2012.REP.NOM.CORKER,Bob Corker to be Republican Presidential Nominee in 2012,3,0.2,Mar/04/2010 07:38:10
689899,2012.REP.NOM.CORKER,Bob Corker to be Republican Presidential Nominee in 2012,2,0.2,Mar/04/2010 07:38:20
689899,2012.REP.NOM.CORKER,Bob Corker to be Republican Presidential Nominee in 2012,2,0.2,Mar/04/2010 07:38:26
689899,2012.REP.NOM.CORKER,Bob Corker to be Republican Presidential Nominee in 2012,2,0.2,Mar/04/2010 07:38:37
689899,2012.REP.NOM.CORKER,Bob Corker to be Republican Presidential Nominee in 2012,2,0.2,Mar/04/2010 07:38:44
689899,2012.REP.NOM.CORKER,Bob Corker to be Republican Presidential Nominee in 2012,2,0.2,Mar/04/2010 07:38:49
689899,2012.REP.NOM.CORKER,Bob Corker to be Republican Presidential Nominee in 2012,2,0.2,Mar/04/2010 07:38:56
689899,2012.REP.NOM.CORKER,Bob Corker to be Republican Presidential Nominee in 2012,1,0.2,Mar/04/2010 07:39:04
689899,2012.REP.NOM.CORKER,Bob Corker to be Republican Presidential Nominee in 2012,1,0.2,Mar/05/2010 14:51:16
689899,2012.REP.NOM.CORKER,Bob Corker to be Republican Presidential Nominee in 2012,1,0.2,Mar/05/2010 14:51:23
689899,2012.REP.NOM.CORKER,Bob Corker to be Republican Presidential Nominee in 2012,2,0.2,Mar/05/2010 14:51:27
689899,2012.REP.NOM.CORKER,Bob Corker to be Republican Presidential Nominee in 2012,3,0.2,Mar/05/2010 14:51:33
689899,2012.REP.NOM.CORKER,Bob Corker to be Republican Presidential Nominee in 2012,1,0.2,Mar/05/2010 14:51:39
689899,2012.REP.NOM.CORKER,Bob Corker to be Republican Presidential Nominee in 2012,1,0.2,Mar/05/2010 14:51:45
689899,2012.REP.NOM.CORKER,Bob Corker to be Republican Presidential Nominee in 2012,1,0.2,Mar/05/2010 14:51:50
689899,2012.REP.NOM.CORKER,Bob Corker to be Republican Presidential Nominee in 2012,1,0.2,Mar/05/2010 14:51:57
689899,2012.REP.NOM.CORKER,Bob Corker to be Republican Presidential Nominee in 2012,1,0.2,Mar/05/2010 14:52:03
689899,2012.REP.NOM.CORKER,Bob Corker to be Republican Presidential Nominee in 2012,1,0.2,Mar/05/2010 14:52:09
689899,2012.REP.NOM.CORKER,Bob Corker to be Republican Presidential Nominee in 2012,1,0.2,Mar/05/2010 14:52:14
689899,2012.REP.NOM.CORKER,Bob Corker to be Republican Presidential Nominee in 2012,1,0.2,Mar/05/2010 14:52:21
689899,2012.REP.NOM.CORKER,Bob Corker to be Republican Presidential Nominee in 2012,2,0.2,Mar/05/2010 14:52:26
689899,2012.REP.NOM.CORKER,Bob Corker to be Republican Presidential Nominee in 2012,1,0.2,Mar/05/2010 14:52:31
689899,2012.REP.NOM.CORKER,Bob Corker to be Republican Presidential Nominee in 2012,1,0.2,Mar/05/2010 14:52:37
689899,2012.REP.NOM.CORKER,Bob Corker to be Republican Presidential Nominee in 2012,2,0.2,Mar/05/2010 14:52:42
689899,2012.REP.NOM.CORKER,Bob Corker to be Republican Presidential Nominee in 2012,1,0.2,Mar/08/2010 05:45:28
689899,2012.REP.NOM.CORKER,Bob Corker to be Republican Presidential Nominee in 2012,1,0.2,Mar/08/2010 05:45:33
689899,2012.REP.NOM.CORKER,Bob Corker to be Republican Presidential Nominee in 2012,1,0.2,Mar/08/2010 05:45:38
689899,2012.REP.NOM.CORKER,Bob Corker to be Republican Presidential Nominee in 2012,1,0.2,Mar/08/2010 05:45:45
689899,2012.REP.NOM.CORKER,Bob Corker to be Republican Presidential Nominee in 2012,1,0.2,Mar/08/2010 05:45:49
689899,2012.REP.NOM.CORKER,Bob Corker to be Republican Presidential Nominee in 2012,1,0.2,Mar/08/2010 05:45:53
689899,2012.REP.NOM.CORKER,Bob Corker to be Republican Presidential Nominee in 2012,1,0.2,Mar/08/2010 05:46:13
689899,2012.REP.NOM.CORKER,Bob Corker to be Republican Presidential Nominee in 2012,2,0.2,Mar/08/2010 05:46:22
689899,2012.REP.NOM.CORKER,Bob Corker to be Republican Presidential Nominee in 2012,1,0.2,Mar/08/2010 05:46:30
689899,2012.REP.NOM.CORKER,Bob Corker to be Republican Presidential Nominee in 2012,1,0.2,Mar/08/2010 05:46:49
689899,2012.REP.NOM.CORKER,Bob Corker to be Republican Presidential Nominee in 2012,1,0.2,Mar/08/2010 05:46:54
689899,2012.REP.NOM.CORKER,Bob Corker to be Republican Presidential Nominee in 2012,1,0.2,Mar/08/2010 05:46:59
689899,2012.REP.NOM.CORKER,Bob Corker to be Republican Presidential Nominee in 2012,1,0.2,Mar/08/2010 05:47:03
689899,2012.REP.NOM.CORKER,Bob Corker to be Republican Presidential Nominee in 2012,1,0.2,Mar/08/2010 05:47:16
689899,2012.REP.NOM.CORKER,Bob Corker to be Republican Presidential Nominee in 2012,1,0.2,Mar/08/2010 05:47:25
689899,2012.REP.NOM.CORKER,Bob Corker to be Republican Presidential Nominee in 2012,1,0.2,Mar/08/2010 05:47:30
689899,2012.REP.NOM.CORKER,Bob Corker to be Republican Presidential Nominee in 2012,1,0.2,Mar/08/2010 05:47:38
689899,2012.REP.NOM.CORKER,Bob Corker to be Republican Presidential Nominee in 2012,1,0.2,Mar/08/2010 05:47:44
689899,2012.REP.NOM.CORKER,Bob Corker to be Republican Presidential Nominee in 2012,4,0.2,Mar/08/2010 05:47:50
689899,2012.REP.NOM.CORKER,Bob Corker to be Republican Presidential Nominee in 2012,1,0.2,Mar/08/2010 05:48:11
689899,2012.REP.NOM.CORKER,Bob Corker to be Republican Presidential Nominee in 2012,1,0.2,Mar/08/2010 05:48:19
689899,2012.REP.NOM.CORKER,Bob Corker to be Republican Presidential Nominee in 2012,5,0.2,Mar/08/2010 05:48:26
689899,2012.REP.NOM.CORKER,Bob Corker to be Republican Presidential Nominee in 2012,4,0.2,Mar/08/2010 05:48:38
689899,2012.REP.NOM.CORKER,Bob Corker to be Republican Presidential Nominee in 2012,1,0.2,Mar/08/2010 05:48:48
689899,2012.REP.NOM.CORKER,Bob Corker to be Republican Presidential Nominee in 2012,1,0.2,Mar/08/2010 05:48:56
689899,2012.REP.NOM.CORKER,Bob Corker to be Republican Presidential Nominee in 2012,1,0.2,Mar/08/2010 05:49:04
689899,2012.REP.NOM.CORKER,Bob Corker to be Republican Presidential Nominee in 2012,1,0.1,Mar/08/2010 05:49:13
689899,2012.REP.NOM.CORKER,Bob Corker to be Republican Presidential Nominee in 2012,1,0.1,Mar/08/2010 05:49:22
689899,2012.REP.NOM.CORKER,Bob Corker to be Republican Presidential Nominee in 2012,1,0.1,Mar/10/2010 07:41:54
689899,2012.REP.NOM.CORKER,Bob Corker to be Republican Presidential Nominee in 2012,1,0.1,Mar/10/2010 07:42:02
689899,2012.REP.NOM.CORKER,Bob Corker to be Republican Presidential Nominee in 2012,1,0.1,Mar/10/2010 07:42:09
689899,2012.REP.NOM.CORKER,Bob Corker to be Republican Presidential Nominee in 2012,3,0.1,Mar/10/2010 07:42:14
689899,2012.REP.NOM.CORKER,Bob Corker to be Republican Presidential Nominee in 2012,1,0.1,Mar/10/2010 07:42:39
689899,2012.REP.NOM.CORKER,Bob Corker to be Republican Presidential Nominee in 2012,1,0.1,Mar/10/2010 07:42:48
689899,2012.REP.NOM.CORKER,Bob Corker to be Republican Presidential Nominee in 2012,1,0.1,Mar/10/2010 07:42:48
689899,2012.REP.NOM.CORKER,Bob Corker to be Republican Presidential Nominee in 2012,1,0.1,Mar/10/2010 07:42:54
689899,2012.REP.NOM.CORKER,Bob Corker to be Republican Presidential Nominee in 2012,1,0.2,Mar/23/2010 06:56:34
689899,2012.REP.NOM.CORKER,Bob Corker to be Republican Presidential Nominee in 2012,1,0.2,Mar/23/2010 06:56:42
689899,2012.REP.NOM.CORKER,Bob Corker to be Republican Presidential Nominee in 2012,1,0.2,Mar/23/2010 06:56:50
689899,2012.REP.NOM.CORKER,Bob Corker to be Republican Presidential Nominee in 2012,1,0.2,Mar/23/2010 06:57:12
689899,2012.REP.NOM.CORKER,Bob Corker to be Republican Presidential Nominee in 2012,1,0.2,Mar/23/2010 06:57:21
689899,2012.REP.NOM.CORKER,Bob Corker to be Republican Presidential Nominee in 2012,3,0.1,Mar/23/2010 06:57:31
689899,2012.REP.NOM.CORKER,Bob Corker to be Republican Presidential Nominee in 2012,1,0.1,Mar/23/2010 06:57:45
689899,2012.REP.NOM.CORKER,Bob Corker to be Republican Presidential Nominee in 2012,1,0.1,Mar/23/2010 06:57:51
689899,2012.REP.NOM.CORKER,Bob Corker to be Republican Presidential Nominee in 2012,1,0.1,Mar/23/2010 06:58:04
689899,2012.REP.NOM.CORKER,Bob Corker to be Republican Presidential Nominee in 2012,1,0.1,Mar/23/2010 06:58:17
689899,2012.REP.NOM.CORKER,Bob Corker to be Republican Presidential Nominee in 2012,1,0.1,Mar/23/2010 06:58:25
689899,2012.REP.NOM.CORKER,Bob Corker to be Republican Presidential Nominee in 2012,1,0.1,Mar/23/2010 06:58:32
689899,2012.REP.NOM.CORKER,Bob Corker to be Republican Presidential Nominee in 2012,1,0.1,Mar/23/2010 06:58:39
689899,2012.REP.NOM.CORKER,Bob Corker to be Republican Presidential Nominee in 2012,1,0.1,Mar/23/2010 06:58:47
689899,2012.REP.NOM.CORKER,Bob Corker to be Republican Presidential Nominee in 2012,4,0.1,Mar/23/2010 06:58:55
689899,2012.REP.NOM.CORKER,Bob Corker to be Republican Presidential Nominee in 2012,2,0.1,Mar/23/2010 06:59:03
689899,2012.REP.NOM.CORKER,Bob Corker to be Republican Presidential Nominee in 2012,1,0.1,Mar/23/2010 06:59:10
689899,2012.REP.NOM.CORKER,Bob Corker to be Republican Presidential Nominee in 2012,1,0.1,Mar/25/2010 22:40:56
689899,2012.REP.NOM.CORKER,Bob Corker to be Republican Presidential Nominee in 2012,1,0.1,Mar/25/2010 22:41:01
689899,2012.REP.NOM.CORKER,Bob Corker to be Republican Presidential Nominee in 2012,3,0.1,Mar/25/2010 22:41:19
689899,2012.REP.NOM.CORKER,Bob Corker to be Republican Presidential Nominee in 2012,2,0.1,Mar/25/2010 22:41:27
689899,2012.REP.NOM.CORKER,Bob Corker to be Republican Presidential Nominee in 2012,1,0.1,Mar/25/2010 22:41:34
689899,2012.REP.NOM.CORKER,Bob Corker to be Republican Presidential Nominee in 2012,2,0.1,Mar/25/2010 22:41:40
689899,2012.REP.NOM.CORKER,Bob Corker to be Republican Presidential Nominee in 2012,1,0.1,Mar/25/2010 22:42:05
689899,2012.REP.NOM.CORKER,Bob Corker to be Republican Presidential Nominee in 2012,2,0.1,Mar/25/2010 22:42:12
689899,2012.REP.NOM.CORKER,Bob Corker to be Republican Presidential Nominee in 2012,2,0.1,Mar/25/2010 22:42:18
689899,2012.REP.NOM.CORKER,Bob Corker to be Republican Presidential Nominee in 2012,1,0.1,Mar/25/2010 22:42:26
689899,2012.REP.NOM.CORKER,Bob Corker to be Republican Presidential Nominee in 2012,1,0.1,Mar/25/2010 22:42:33
689899,2012.REP.NOM.CORKER,Bob Corker to be Republican Presidential Nominee in 2012,1,0.1,Mar/25/2010 22:42:40
689899,2012.REP.NOM.CORKER,Bob Corker to be Republican Presidential Nominee in 2012,1,0.1,Mar/25/2010 22:42:47
689899,2012.REP.NOM.CORKER,Bob Corker to be Republican Presidential Nominee in 2012,1,0.1,Mar/25/2010 22:42:55
689899,2012.REP.NOM.CORKER,Bob Corker to be Republican Presidential Nominee in 2012,1,0.1,Mar/25/2010 22:43:02
689899,2012.REP.NOM.CORKER,Bob Corker to be Republican Presidential Nominee in 2012,1,0.1,Mar/25/2010 22:43:09
689899,2012.REP.NOM.CORKER,Bob Corker to be Republican Presidential Nominee in 2012,1,0.1,Mar/25/2010 22:43:16
689899,2012.REP.NOM.CORKER,Bob Corker to be Republican Presidential Nominee in 2012,1,0.1,Mar/25/2010 22:43:24
689899,2012.REP.NOM.CORKER,Bob Corker to be Republican Presidential Nominee in 2012,1,0.1,Mar/25/2010 22:43:31
689899,2012.REP.NOM.CORKER,Bob Corker to be Republican Presidential Nominee in 2012,1,0.1,Mar/25/2010 22:43:39
689899,2012.REP.NOM.CORKER,Bob Corker to be Republican Presidential Nominee in 2012,1,0.1,Mar/25/2010 22:43:47
689899,2012.REP.NOM.CORKER,Bob Corker to be Republican Presidential Nominee in 2012,1,0.9,Apr/26/2010 00:24:21
689899,2012.REP.NOM.CORKER,Bob Corker to be Republican Presidential Nominee in 2012,5,0.5,Apr/26/2010 00:24:21
689899,2012.REP.NOM.CORKER,Bob Corker to be Republican Presidential Nominee in 2012,3,0.8,Apr/26/2010 00:24:21
689899,2012.REP.NOM.CORKER,Bob Corker to be Republican Presidential Nominee in 2012,1,0.4,Apr/26/2010 00:24:21
689899,2012.REP.NOM.CORKER,Bob Corker to be Republican Presidential Nominee in 2012,1,0.2,May/17/2010 10:08:12
689899,2012.REP.NOM.CORKER,Bob Corker to be Republican Presidential Nominee in 2012,1,0.2,May/17/2010 10:09:33
689899,2012.REP.NOM.CORKER,Bob Corker to be Republican Presidential Nominee in 2012,1,0.2,May/17/2010 10:09:40
689899,2012.REP.NOM.CORKER,Bob Corker to be Republican Presidential Nominee in 2012,1,0.2,May/17/2010 10:10:09
689899,2012.REP.NOM.CORKER,Bob Corker to be Republican Presidential Nominee in 2012,1,0.2,May/17/2010 10:10:24
689899,2012.REP.NOM.CORKER,Bob Corker to be Republican Presidential Nominee in 2012,1,0.2,May/17/2010 10:10:36
689899,2012.REP.NOM.CORKER,Bob Corker to be Republican Presidential Nominee in 2012,1,0.2,May/17/2010 10:10:45
689899,2012.REP.NOM.CORKER,Bob Corker to be Republican Presidential Nominee in 2012,1,0.2,May/17/2010 10:10:57
689899,2012.REP.NOM.CORKER,Bob Corker to be Republican Presidential Nominee in 2012,1,0.2,May/17/2010 10:11:07
689899,2012.REP.NOM.CORKER,Bob Corker to be Republican Presidential Nominee in 2012,2,0.2,May/17/2010 10:11:15
689899,2012.REP.NOM.CORKER,Bob Corker to be Republican Presidential Nominee in 2012,1,0.2,May/17/2010 10:11:24
689899,2012.REP.NOM.CORKER,Bob Corker to be Republican Presidential Nominee in 2012,1,0.2,May/17/2010 10:11:33
689899,2012.REP.NOM.CORKER,Bob Corker to be Republican Presidential Nominee in 2012,1,0.2,May/17/2010 10:11:42
689899,2012.REP.NOM.CORKER,Bob Corker to be Republican Presidential Nominee in 2012,3,0.2,May/17/2010 10:11:51
689899,2012.REP.NOM.CORKER,Bob Corker to be Republican Presidential Nominee in 2012,1,0.2,May/17/2010 10:12:45
689899,2012.REP.NOM.CORKER,Bob Corker to be Republican Presidential Nominee in 2012,1,0.2,May/17/2010 10:13:03
689899,2012.REP.NOM.CORKER,Bob Corker to be Republican Presidential Nominee in 2012,1,0.1,May/17/2010 10:13:16
689899,2012.REP.NOM.CORKER,Bob Corker to be Republican Presidential Nominee in 2012,1,0.1,May/17/2010 10:13:26
689899,2012.REP.NOM.CORKER,Bob Corker to be Republican Presidential Nominee in 2012,1,0.1,May/17/2010 10:13:31
689899,2012.REP.NOM.CORKER,Bob Corker to be Republican Presidential Nominee in 2012,1,0.1,May/17/2010 10:13:36
689899,2012.REP.NOM.CORKER,Bob Corker to be Republican Presidential Nominee in 2012,1,0.1,May/17/2010 10:13:41
689899,2012.REP.NOM.CORKER,Bob Corker to be Republican Presidential Nominee in 2012,1,0.1,May/17/2010 10:13:53
689899,2012.REP.NOM.CORKER,Bob Corker to be Republican Presidential Nominee in 2012,1,0.1,May/17/2010 10:14:04
689899,2012.REP.NOM.CORKER,Bob Corker to be Republican Presidential Nominee in 2012,1,0.1,May/17/2010 10:14:13
689899,2012.REP.NOM.CORKER,Bob Corker to be Republican Presidential Nominee in 2012,2,0.1,May/17/2010 10:14:23
689899,2012.REP.NOM.CORKER,Bob Corker to be Republican Presidential Nominee in 2012,1,0.1,May/17/2010 10:14:30
689899,2012.REP.NOM.CORKER,Bob Corker to be Republican Presidential Nominee in 2012,1,0.1,May/17/2010 10:14:41
689899,2012.REP.NOM.CORKER,Bob Corker to be Republican Presidential Nominee in 2012,1,0.1,May/17/2010 10:14:50
689899,2012.REP.NOM.CORKER,Bob Corker to be Republican Presidential Nominee in 2012,2,0.1,May/17/2010 10:14:59
689899,2012.REP.NOM.CORKER,Bob Corker to be Republican Presidential Nominee in 2012,1,0.1,May/17/2010 10:15:09
689899,2012.REP.NOM.CORKER,Bob Corker to be Republican Presidential Nominee in 2012,1,0.1,May/17/2010 10:15:17
689899,2012.REP.NOM.CORKER,Bob Corker to be Republican Presidential Nominee in 2012,1,0.1,May/17/2010 10:15:27
689899,2012.REP.NOM.CORKER,Bob Corker to be Republican Presidential Nominee in 2012,1,0.1,May/17/2010 10:15:38
689899,2012.REP.NOM.CORKER,Bob Corker to be Republican Presidential Nominee in 2012,1,0.1,May/17/2010 10:15:48
689899,2012.REP.NOM.CORKER,Bob Corker to be Republican Presidential Nominee in 2012,17,0.1,May/27/2010 11:27:07
689899,2012.REP.NOM.CORKER,Bob Corker to be Republican Presidential Nominee in 2012,33,0.1,May/27/2010 11:27:07
689899,2012.REP.NOM.CORKER,Bob Corker to be Republican Presidential Nominee in 2012,24,0.1,May/28/2010 12:32:47
689899,2012.REP.NOM.CORKER,Bob Corker to be Republican Presidential Nominee in 2012,20,0.1,Jun/01/2010 17:35:51
689899,2012.REP.NOM.CORKER,Bob Corker to be Republican Presidential Nominee in 2012,4,0.1,Jun/01/2010 20:39:59
689899,2012.REP.NOM.CORKER,Bob Corker to be Republican Presidential Nominee in 2012,1,0.1,Jun/02/2010 10:26:01
689899,2012.REP.NOM.CORKER,Bob Corker to be Republican Presidential Nominee in 2012,5,0.1,Jun/03/2010 12:27:36
689899,2012.REP.NOM.CORKER,Bob Corker to be Republican Presidential Nominee in 2012,2,0.1,Jun/03/2010 20:17:06
689899,2012.REP.NOM.CORKER,Bob Corker to be Republican Presidential Nominee in 2012,4,0.1,Jun/04/2010 10:36:03
689899,2012.REP.NOM.CORKER,Bob Corker to be Republican Presidential Nominee in 2012,27,0.1,Jun/04/2010 10:36:03
689899,2012.REP.NOM.CORKER,Bob Corker to be Republican Presidential Nominee in 2012,20,0.1,Jun/04/2010 21:46:22
689899,2012.REP.NOM.CORKER,Bob Corker to be Republican Presidential Nominee in 2012,20,0.1,Jun/04/2010 22:55:46
689899,2012.REP.NOM.CORKER,Bob Corker to be Republican Presidential Nominee in 2012,8,0.1,Jun/09/2010 20:22:32
689899,2012.REP.NOM.CORKER,Bob Corker to be Republican Presidential Nominee in 2012,1,0.1,Jun/11/2010 09:56:15
689899,2012.REP.NOM.CORKER,Bob Corker to be Republican Presidential Nominee in 2012,22,0.1,Jun/29/2010 10:47:22
689899,2012.REP.NOM.CORKER,Bob Corker to be Republican Presidential Nominee in 2012,8,0.1,Jun/29/2010 10:47:41
689899,2012.REP.NOM.CORKER,Bob Corker to be Republican Presidential Nominee in 2012,17,0.1,Jul/12/2010 06:43:04
689899,2012.REP.NOM.CORKER,Bob Corker to be Republican Presidential Nominee in 2012,50,0.1,Jul/12/2010 06:43:04
689899,2012.REP.NOM.CORKER,Bob Corker to be Republican Presidential Nominee in 2012,18,0.1,Jul/12/2010 21:16:43
689899,2012.REP.NOM.CORKER,Bob Corker to be Republican Presidential Nominee in 2012,3,0.1,Jul/12/2010 21:16:54
689899,2012.REP.NOM.CORKER,Bob Corker to be Republican Presidential Nominee in 2012,2,0.1,Jul/13/2010 05:45:27
689899,2012.REP.NOM.CORKER,Bob Corker to be Republican Presidential Nominee in 2012,39,0.1,Jul/13/2010 19:28:18
689899,2012.REP.NOM.CORKER,Bob Corker to be Republican Presidential Nominee in 2012,100,0.1,Jul/17/2010 19:13:30
689899,2012.REP.NOM.CORKER,Bob Corker to be Republican Presidential Nominee in 2012,3,0.1,Nov/10/2010 08:40:03
689899,2012.REP.NOM.CORKER,Bob Corker to be Republican Presidential Nominee in 2012,200,0.1,Jan/08/2011 17:41:59
689899,2012.REP.NOM.CORKER,Bob Corker to be Republican Presidential Nominee in 2012,200,0.1,Jan/12/2011 05:03:46
689899,2012.REP.NOM.CORKER,Bob Corker to be Republican Presidential Nominee in 2012,42,0.1,Jan/23/2011 19:58:29
689899,2012.REP.NOM.CORKER,Bob Corker to be Republican Presidential Nominee in 2012,50,0.1,Jan/23/2011 19:58:29
689899,2012.REP.NOM.CORKER,Bob Corker to be Republican Presidential Nominee in 2012,108,0.1,Jan/23/2011 19:58:29
689899,2012.REP.NOM.CORKER,Bob Corker to be Republican Presidential Nominee in 2012,38,0.1,Feb/15/2011 02:22:06
689899,2012.REP.NOM.CORKER,Bob Corker to be Republican Presidential Nominee in 2012,62,0.1,Feb/15/2011 02:22:06
689899,2012.REP.NOM.CORKER,Bob Corker to be Republican Presidential Nominee in 2012,18,0.1,Feb/20/2011 19:05:14
689899,2012.REP.NOM.CORKER,Bob Corker to be Republican Presidential Nominee in 2012,32,0.1,Feb/20/2011 19:05:14
689899,2012.REP.NOM.CORKER,Bob Corker to be Republican Presidential Nominee in 2012,32,0.1,Feb/27/2011 05:53:37
689899,2012.REP.NOM.CORKER,Bob Corker to be Republican Presidential Nominee in 2012,70,0.1,Feb/27/2011 05:53:37
689899,2012.REP.NOM.CORKER,Bob Corker to be Republican Presidential Nominee in 2012,5,0.1,Feb/27/2011 05:53:37
689899,2012.REP.NOM.CORKER,Bob Corker to be Republican Presidential Nominee in 2012,80,0.1,Feb/27/2011 05:53:37
689899,2012.REP.NOM.CORKER,Bob Corker to be Republican Presidential Nominee in 2012,90,0.1,Feb/27/2011 05:53:37
689899,2012.REP.NOM.CORKER,Bob Corker to be Republican Presidential Nominee in 2012,30,0.1,Feb/27/2011 05:53:37
689899,2012.REP.NOM.CORKER,Bob Corker to be Republican Presidential Nominee in 2012,65,0.1,Feb/27/2011 05:53:37
689899,2012.REP.NOM.CORKER,Bob Corker to be Republican Presidential Nominee in 2012,28,0.1,Feb/27/2011 05:53:37
689899,2012.REP.NOM.CORKER,Bob Corker to be Republican Presidential Nominee in 2012,68,0.1,Mar/05/2011 18:06:38
689899,2012.REP.NOM.CORKER,Bob Corker to be Republican Presidential Nominee in 2012,32,0.1,Mar/05/2011 18:06:38
689899,2012.REP.NOM.CORKER,Bob Corker to be Republican Presidential Nominee in 2012,1,0.1,Jun/16/2011 01:06:56
689899,2012.REP.NOM.CORKER,Bob Corker to be Republican Presidential Nominee in 2012,1,0.1,Jun/16/2011 01:27:24
689899,2012.REP.NOM.CORKER,Bob Corker to be Republican Presidential Nominee in 2012,20,0.1,Jul/04/2011 01:49:41
689899,2012.REP.NOM.CORKER,Bob Corker to be Republican Presidential Nominee in 2012,5,0.1,Nov/27/2011 21:48:41
689899,2012.REP.NOM.CORKER,Bob Corker to be Republican Presidential Nominee in 2012,100,0.1,Dec/06/2011 03:12:49
689899,2012.REP.NOM.CORKER,Bob Corker to be Republican Presidential Nominee in 2012,500,0.1,Jan/21/2012 18:20:46
689899,2012.REP.NOM.CORKER,Bob Corker to be Republican Presidential Nominee in 2012,2400,0.1,Feb/13/2012 02:39:00
689899,2012.REP.NOM.CORKER,Bob Corker to be Republican Presidential Nominee in 2012,100,0.1,Feb/13/2012 14:55:22
689899,2012.REP.NOM.CORKER,Bob Corker to be Republican Presidential Nominee in 2012,1000,0.1,Feb/14/2012 01:06:53
689899,2012.REP.NOM.CORKER,Bob Corker to be Republican Presidential Nominee in 2012,500,0.1,Feb/15/2012 00:46:15
689899,2012.REP.NOM.CORKER,Bob Corker to be Republican Presidential Nominee in 2012,500,0.1,Feb/15/2012 19:23:59
689899,2012.REP.NOM.CORKER,Bob Corker to be Republican Presidential Nominee in 2012,5,0.1,Mar/07/2012 23:34:59
689899,2012.REP.NOM.CORKER,Bob Corker to be Republican Presidential Nominee in 2012,5,0.1,Mar/07/2012 23:36:27
689899,2012.REP.NOM.CORKER,Bob Corker to be Republican Presidential Nominee in 2012,5,0.1,Mar/07/2012 23:37:49
689899,2012.REP.NOM.CORKER,Bob Corker to be Republican Presidential Nominee in 2012,5,0.1,Mar/11/2012 16:58:48
