market id,market symbol,market name,trade quantity,trade price,date/time [utc]
703239,2012.REP.NOM.DOBBS,Lou Dobbs to be Republican Presidential Nominee in 2012,10,0.1,Jan/21/2010 11:10:22
703239,2012.REP.NOM.DOBBS,Lou Dobbs to be Republican Presidential Nominee in 2012,2,0.2,Jan/21/2010 11:10:22
703239,2012.REP.NOM.DOBBS,Lou Dobbs to be Republican Presidential Nominee in 2012,28,0.1,Jan/21/2010 14:42:58
703239,2012.REP.NOM.DOBBS,Lou Dobbs to be Republican Presidential Nominee in 2012,10,0.1,Jan/21/2010 15:50:39
703239,2012.REP.NOM.DOBBS,Lou Dobbs to be Republican Presidential Nominee in 2012,5,0.1,Jan/21/2010 17:46:38
703239,2012.REP.NOM.DOBBS,Lou Dobbs to be Republican Presidential Nominee in 2012,5,0.1,Jan/21/2010 17:46:46
703239,2012.REP.NOM.DOBBS,Lou Dobbs to be Republican Presidential Nominee in 2012,1,0.1,Jan/21/2010 17:47:36
703239,2012.REP.NOM.DOBBS,Lou Dobbs to be Republican Presidential Nominee in 2012,14,0.2,Jan/22/2010 06:22:11
703239,2012.REP.NOM.DOBBS,Lou Dobbs to be Republican Presidential Nominee in 2012,8,0.1,Jan/22/2010 06:22:14
703239,2012.REP.NOM.DOBBS,Lou Dobbs to be Republican Presidential Nominee in 2012,6,0.2,Jan/22/2010 06:22:14
703239,2012.REP.NOM.DOBBS,Lou Dobbs to be Republican Presidential Nominee in 2012,1,0.1,Jan/22/2010 06:22:25
703239,2012.REP.NOM.DOBBS,Lou Dobbs to be Republican Presidential Nominee in 2012,3,0.1,Jan/22/2010 14:42:28
703239,2012.REP.NOM.DOBBS,Lou Dobbs to be Republican Presidential Nominee in 2012,7,0.1,Jan/22/2010 15:55:56
703239,2012.REP.NOM.DOBBS,Lou Dobbs to be Republican Presidential Nominee in 2012,14,0.1,Jan/25/2010 11:13:28
703239,2012.REP.NOM.DOBBS,Lou Dobbs to be Republican Presidential Nominee in 2012,14,0.1,Jan/25/2010 18:33:58
703239,2012.REP.NOM.DOBBS,Lou Dobbs to be Republican Presidential Nominee in 2012,4,0.1,Jan/26/2010 11:04:14
703239,2012.REP.NOM.DOBBS,Lou Dobbs to be Republican Presidential Nominee in 2012,15,0.1,Feb/01/2010 17:13:14
703239,2012.REP.NOM.DOBBS,Lou Dobbs to be Republican Presidential Nominee in 2012,10,0.1,Feb/03/2010 12:15:32
703239,2012.REP.NOM.DOBBS,Lou Dobbs to be Republican Presidential Nominee in 2012,2,0.1,Feb/05/2010 09:58:22
703239,2012.REP.NOM.DOBBS,Lou Dobbs to be Republican Presidential Nominee in 2012,5,0.2,Feb/08/2010 05:43:21
703239,2012.REP.NOM.DOBBS,Lou Dobbs to be Republican Presidential Nominee in 2012,1,0.1,Feb/08/2010 10:20:14
703239,2012.REP.NOM.DOBBS,Lou Dobbs to be Republican Presidential Nominee in 2012,1,0.1,Feb/08/2010 10:21:09
703239,2012.REP.NOM.DOBBS,Lou Dobbs to be Republican Presidential Nominee in 2012,1,0.1,Feb/08/2010 10:21:17
703239,2012.REP.NOM.DOBBS,Lou Dobbs to be Republican Presidential Nominee in 2012,1,0.1,Feb/08/2010 10:21:24
703239,2012.REP.NOM.DOBBS,Lou Dobbs to be Republican Presidential Nominee in 2012,1,0.1,Feb/08/2010 10:21:43
703239,2012.REP.NOM.DOBBS,Lou Dobbs to be Republican Presidential Nominee in 2012,1,0.1,Feb/08/2010 10:21:54
703239,2012.REP.NOM.DOBBS,Lou Dobbs to be Republican Presidential Nominee in 2012,1,0.1,Feb/08/2010 10:22:02
703239,2012.REP.NOM.DOBBS,Lou Dobbs to be Republican Presidential Nominee in 2012,1,0.1,Feb/08/2010 10:22:10
703239,2012.REP.NOM.DOBBS,Lou Dobbs to be Republican Presidential Nominee in 2012,1,0.1,Feb/08/2010 10:22:17
703239,2012.REP.NOM.DOBBS,Lou Dobbs to be Republican Presidential Nominee in 2012,1,0.1,Feb/08/2010 10:22:25
703239,2012.REP.NOM.DOBBS,Lou Dobbs to be Republican Presidential Nominee in 2012,1,0.1,Feb/08/2010 10:22:33
703239,2012.REP.NOM.DOBBS,Lou Dobbs to be Republican Presidential Nominee in 2012,2,0.1,Feb/08/2010 10:22:41
703239,2012.REP.NOM.DOBBS,Lou Dobbs to be Republican Presidential Nominee in 2012,2,0.1,Feb/08/2010 10:22:48
703239,2012.REP.NOM.DOBBS,Lou Dobbs to be Republican Presidential Nominee in 2012,1,0.1,Feb/08/2010 10:23:02
703239,2012.REP.NOM.DOBBS,Lou Dobbs to be Republican Presidential Nominee in 2012,3,0.1,Feb/10/2010 09:56:57
703239,2012.REP.NOM.DOBBS,Lou Dobbs to be Republican Presidential Nominee in 2012,1,0.1,Feb/10/2010 09:57:10
703239,2012.REP.NOM.DOBBS,Lou Dobbs to be Republican Presidential Nominee in 2012,1,0.1,Feb/10/2010 09:57:30
703239,2012.REP.NOM.DOBBS,Lou Dobbs to be Republican Presidential Nominee in 2012,2,0.1,Feb/10/2010 09:57:37
703239,2012.REP.NOM.DOBBS,Lou Dobbs to be Republican Presidential Nominee in 2012,1,0.1,Feb/10/2010 09:57:44
703239,2012.REP.NOM.DOBBS,Lou Dobbs to be Republican Presidential Nominee in 2012,1,0.1,Feb/10/2010 09:57:49
703239,2012.REP.NOM.DOBBS,Lou Dobbs to be Republican Presidential Nominee in 2012,1,0.1,Feb/10/2010 09:58:04
703239,2012.REP.NOM.DOBBS,Lou Dobbs to be Republican Presidential Nominee in 2012,1,0.1,Feb/10/2010 09:58:10
703239,2012.REP.NOM.DOBBS,Lou Dobbs to be Republican Presidential Nominee in 2012,1,0.1,Feb/10/2010 09:58:16
703239,2012.REP.NOM.DOBBS,Lou Dobbs to be Republican Presidential Nominee in 2012,1,0.1,Feb/10/2010 09:58:21
703239,2012.REP.NOM.DOBBS,Lou Dobbs to be Republican Presidential Nominee in 2012,1,0.1,Feb/10/2010 09:58:27
703239,2012.REP.NOM.DOBBS,Lou Dobbs to be Republican Presidential Nominee in 2012,1,0.1,Feb/10/2010 09:58:31
703239,2012.REP.NOM.DOBBS,Lou Dobbs to be Republican Presidential Nominee in 2012,1,0.1,Feb/10/2010 09:58:36
703239,2012.REP.NOM.DOBBS,Lou Dobbs to be Republican Presidential Nominee in 2012,1,0.1,Feb/10/2010 09:58:41
703239,2012.REP.NOM.DOBBS,Lou Dobbs to be Republican Presidential Nominee in 2012,1,0.1,Feb/10/2010 09:58:50
703239,2012.REP.NOM.DOBBS,Lou Dobbs to be Republican Presidential Nominee in 2012,1,0.1,Feb/10/2010 09:58:57
703239,2012.REP.NOM.DOBBS,Lou Dobbs to be Republican Presidential Nominee in 2012,1,0.1,Feb/10/2010 09:59:03
703239,2012.REP.NOM.DOBBS,Lou Dobbs to be Republican Presidential Nominee in 2012,1,0.1,Feb/10/2010 09:59:13
703239,2012.REP.NOM.DOBBS,Lou Dobbs to be Republican Presidential Nominee in 2012,2,0.1,Feb/10/2010 09:59:18
703239,2012.REP.NOM.DOBBS,Lou Dobbs to be Republican Presidential Nominee in 2012,1,0.1,Feb/10/2010 09:59:32
703239,2012.REP.NOM.DOBBS,Lou Dobbs to be Republican Presidential Nominee in 2012,2,0.1,Feb/10/2010 09:59:38
703239,2012.REP.NOM.DOBBS,Lou Dobbs to be Republican Presidential Nominee in 2012,1,0.1,Feb/10/2010 09:59:44
703239,2012.REP.NOM.DOBBS,Lou Dobbs to be Republican Presidential Nominee in 2012,5,0.2,Feb/12/2010 05:17:15
703239,2012.REP.NOM.DOBBS,Lou Dobbs to be Republican Presidential Nominee in 2012,5,0.2,Feb/12/2010 05:17:15
703239,2012.REP.NOM.DOBBS,Lou Dobbs to be Republican Presidential Nominee in 2012,5,0.2,Feb/12/2010 05:17:15
703239,2012.REP.NOM.DOBBS,Lou Dobbs to be Republican Presidential Nominee in 2012,1,0.2,Feb/14/2010 16:45:13
703239,2012.REP.NOM.DOBBS,Lou Dobbs to be Republican Presidential Nominee in 2012,1,0.2,Feb/14/2010 16:45:19
703239,2012.REP.NOM.DOBBS,Lou Dobbs to be Republican Presidential Nominee in 2012,1,0.2,Feb/14/2010 16:45:37
703239,2012.REP.NOM.DOBBS,Lou Dobbs to be Republican Presidential Nominee in 2012,1,0.2,Feb/14/2010 16:45:45
703239,2012.REP.NOM.DOBBS,Lou Dobbs to be Republican Presidential Nominee in 2012,3,0.2,Feb/15/2010 09:59:08
703239,2012.REP.NOM.DOBBS,Lou Dobbs to be Republican Presidential Nominee in 2012,2,0.2,Feb/15/2010 09:59:14
703239,2012.REP.NOM.DOBBS,Lou Dobbs to be Republican Presidential Nominee in 2012,3,0.2,Feb/15/2010 09:59:23
703239,2012.REP.NOM.DOBBS,Lou Dobbs to be Republican Presidential Nominee in 2012,5,0.2,Feb/15/2010 09:59:28
703239,2012.REP.NOM.DOBBS,Lou Dobbs to be Republican Presidential Nominee in 2012,8,0.2,Feb/15/2010 11:58:22
703239,2012.REP.NOM.DOBBS,Lou Dobbs to be Republican Presidential Nominee in 2012,8,0.1,Feb/15/2010 11:58:29
703239,2012.REP.NOM.DOBBS,Lou Dobbs to be Republican Presidential Nominee in 2012,11,0.1,Feb/15/2010 11:58:37
703239,2012.REP.NOM.DOBBS,Lou Dobbs to be Republican Presidential Nominee in 2012,11,0.1,Feb/15/2010 11:58:42
703239,2012.REP.NOM.DOBBS,Lou Dobbs to be Republican Presidential Nominee in 2012,4,0.1,Feb/15/2010 11:58:48
703239,2012.REP.NOM.DOBBS,Lou Dobbs to be Republican Presidential Nominee in 2012,3,0.1,Feb/15/2010 11:58:54
703239,2012.REP.NOM.DOBBS,Lou Dobbs to be Republican Presidential Nominee in 2012,2,0.1,Feb/15/2010 11:58:59
703239,2012.REP.NOM.DOBBS,Lou Dobbs to be Republican Presidential Nominee in 2012,1,0.1,Feb/15/2010 11:59:04
703239,2012.REP.NOM.DOBBS,Lou Dobbs to be Republican Presidential Nominee in 2012,1,0.1,Feb/15/2010 11:59:09
703239,2012.REP.NOM.DOBBS,Lou Dobbs to be Republican Presidential Nominee in 2012,1,0.1,Feb/15/2010 11:59:14
703239,2012.REP.NOM.DOBBS,Lou Dobbs to be Republican Presidential Nominee in 2012,1,0.1,Feb/15/2010 11:59:20
703239,2012.REP.NOM.DOBBS,Lou Dobbs to be Republican Presidential Nominee in 2012,2,0.1,Feb/15/2010 11:59:27
703239,2012.REP.NOM.DOBBS,Lou Dobbs to be Republican Presidential Nominee in 2012,5,0.1,Feb/15/2010 11:59:32
703239,2012.REP.NOM.DOBBS,Lou Dobbs to be Republican Presidential Nominee in 2012,1,0.1,Feb/15/2010 11:59:38
703239,2012.REP.NOM.DOBBS,Lou Dobbs to be Republican Presidential Nominee in 2012,1,0.1,Feb/15/2010 11:59:42
703239,2012.REP.NOM.DOBBS,Lou Dobbs to be Republican Presidential Nominee in 2012,1,0.1,Feb/15/2010 11:59:47
703239,2012.REP.NOM.DOBBS,Lou Dobbs to be Republican Presidential Nominee in 2012,1,0.1,Feb/15/2010 11:59:54
703239,2012.REP.NOM.DOBBS,Lou Dobbs to be Republican Presidential Nominee in 2012,1,0.1,Feb/15/2010 12:00:00
703239,2012.REP.NOM.DOBBS,Lou Dobbs to be Republican Presidential Nominee in 2012,2,0.1,Feb/15/2010 12:00:04
703239,2012.REP.NOM.DOBBS,Lou Dobbs to be Republican Presidential Nominee in 2012,1,0.1,Feb/15/2010 12:00:11
703239,2012.REP.NOM.DOBBS,Lou Dobbs to be Republican Presidential Nominee in 2012,1,0.1,Feb/17/2010 14:25:01
703239,2012.REP.NOM.DOBBS,Lou Dobbs to be Republican Presidential Nominee in 2012,1,0.1,Feb/17/2010 14:25:07
703239,2012.REP.NOM.DOBBS,Lou Dobbs to be Republican Presidential Nominee in 2012,1,0.1,Feb/17/2010 14:25:12
703239,2012.REP.NOM.DOBBS,Lou Dobbs to be Republican Presidential Nominee in 2012,2,0.1,Feb/17/2010 14:25:18
703239,2012.REP.NOM.DOBBS,Lou Dobbs to be Republican Presidential Nominee in 2012,1,0.1,Feb/19/2010 17:58:35
703239,2012.REP.NOM.DOBBS,Lou Dobbs to be Republican Presidential Nominee in 2012,1,0.1,Feb/19/2010 18:00:06
703239,2012.REP.NOM.DOBBS,Lou Dobbs to be Republican Presidential Nominee in 2012,1,0.1,Feb/19/2010 18:00:17
703239,2012.REP.NOM.DOBBS,Lou Dobbs to be Republican Presidential Nominee in 2012,1,0.1,Feb/19/2010 18:00:25
703239,2012.REP.NOM.DOBBS,Lou Dobbs to be Republican Presidential Nominee in 2012,1,0.1,Feb/19/2010 18:00:31
703239,2012.REP.NOM.DOBBS,Lou Dobbs to be Republican Presidential Nominee in 2012,1,0.1,Feb/19/2010 18:00:37
703239,2012.REP.NOM.DOBBS,Lou Dobbs to be Republican Presidential Nominee in 2012,1,0.1,Feb/19/2010 18:00:45
703239,2012.REP.NOM.DOBBS,Lou Dobbs to be Republican Presidential Nominee in 2012,1,0.1,Feb/19/2010 18:01:08
703239,2012.REP.NOM.DOBBS,Lou Dobbs to be Republican Presidential Nominee in 2012,3,0.1,Feb/19/2010 18:01:14
703239,2012.REP.NOM.DOBBS,Lou Dobbs to be Republican Presidential Nominee in 2012,1,0.1,Feb/19/2010 18:01:21
703239,2012.REP.NOM.DOBBS,Lou Dobbs to be Republican Presidential Nominee in 2012,1,0.1,Feb/19/2010 18:01:28
703239,2012.REP.NOM.DOBBS,Lou Dobbs to be Republican Presidential Nominee in 2012,1,0.2,Feb/20/2010 00:16:45
703239,2012.REP.NOM.DOBBS,Lou Dobbs to be Republican Presidential Nominee in 2012,1,0.1,Feb/24/2010 11:35:13
703239,2012.REP.NOM.DOBBS,Lou Dobbs to be Republican Presidential Nominee in 2012,1,0.1,Feb/24/2010 11:35:21
703239,2012.REP.NOM.DOBBS,Lou Dobbs to be Republican Presidential Nominee in 2012,1,0.1,Feb/24/2010 11:35:26
703239,2012.REP.NOM.DOBBS,Lou Dobbs to be Republican Presidential Nominee in 2012,1,0.1,Feb/24/2010 11:35:33
703239,2012.REP.NOM.DOBBS,Lou Dobbs to be Republican Presidential Nominee in 2012,1,0.1,Feb/24/2010 11:35:38
703239,2012.REP.NOM.DOBBS,Lou Dobbs to be Republican Presidential Nominee in 2012,2,0.1,Feb/24/2010 11:35:43
703239,2012.REP.NOM.DOBBS,Lou Dobbs to be Republican Presidential Nominee in 2012,1,0.1,Feb/24/2010 11:35:48
703239,2012.REP.NOM.DOBBS,Lou Dobbs to be Republican Presidential Nominee in 2012,1,0.1,Feb/24/2010 11:35:53
703239,2012.REP.NOM.DOBBS,Lou Dobbs to be Republican Presidential Nominee in 2012,1,0.1,Feb/24/2010 11:35:58
703239,2012.REP.NOM.DOBBS,Lou Dobbs to be Republican Presidential Nominee in 2012,1,0.1,Feb/24/2010 11:36:03
703239,2012.REP.NOM.DOBBS,Lou Dobbs to be Republican Presidential Nominee in 2012,1,0.1,Feb/24/2010 11:36:09
703239,2012.REP.NOM.DOBBS,Lou Dobbs to be Republican Presidential Nominee in 2012,1,0.1,Feb/24/2010 11:36:15
703239,2012.REP.NOM.DOBBS,Lou Dobbs to be Republican Presidential Nominee in 2012,6,0.1,Feb/24/2010 11:36:21
703239,2012.REP.NOM.DOBBS,Lou Dobbs to be Republican Presidential Nominee in 2012,1,0.1,Feb/24/2010 11:36:26
703239,2012.REP.NOM.DOBBS,Lou Dobbs to be Republican Presidential Nominee in 2012,1,0.1,Feb/24/2010 11:36:31
703239,2012.REP.NOM.DOBBS,Lou Dobbs to be Republican Presidential Nominee in 2012,3,0.1,Feb/24/2010 11:36:38
703239,2012.REP.NOM.DOBBS,Lou Dobbs to be Republican Presidential Nominee in 2012,3,0.1,Feb/24/2010 11:36:52
703239,2012.REP.NOM.DOBBS,Lou Dobbs to be Republican Presidential Nominee in 2012,2,0.1,Feb/24/2010 11:37:00
703239,2012.REP.NOM.DOBBS,Lou Dobbs to be Republican Presidential Nominee in 2012,1,0.1,Feb/24/2010 11:37:05
703239,2012.REP.NOM.DOBBS,Lou Dobbs to be Republican Presidential Nominee in 2012,1,0.1,Feb/24/2010 11:37:10
703239,2012.REP.NOM.DOBBS,Lou Dobbs to be Republican Presidential Nominee in 2012,2,0.1,Feb/24/2010 11:37:16
703239,2012.REP.NOM.DOBBS,Lou Dobbs to be Republican Presidential Nominee in 2012,3,0.1,Feb/24/2010 11:37:32
703239,2012.REP.NOM.DOBBS,Lou Dobbs to be Republican Presidential Nominee in 2012,4,0.1,Feb/24/2010 11:37:38
703239,2012.REP.NOM.DOBBS,Lou Dobbs to be Republican Presidential Nominee in 2012,1,0.1,Feb/24/2010 11:37:44
703239,2012.REP.NOM.DOBBS,Lou Dobbs to be Republican Presidential Nominee in 2012,1,0.1,Feb/24/2010 11:37:51
703239,2012.REP.NOM.DOBBS,Lou Dobbs to be Republican Presidential Nominee in 2012,3,0.1,Feb/24/2010 11:38:07
703239,2012.REP.NOM.DOBBS,Lou Dobbs to be Republican Presidential Nominee in 2012,4,0.1,Feb/24/2010 11:38:15
703239,2012.REP.NOM.DOBBS,Lou Dobbs to be Republican Presidential Nominee in 2012,1,0.1,Feb/24/2010 16:58:16
703239,2012.REP.NOM.DOBBS,Lou Dobbs to be Republican Presidential Nominee in 2012,2,0.1,Feb/24/2010 16:58:51
703239,2012.REP.NOM.DOBBS,Lou Dobbs to be Republican Presidential Nominee in 2012,2,0.1,Feb/24/2010 16:59:06
703239,2012.REP.NOM.DOBBS,Lou Dobbs to be Republican Presidential Nominee in 2012,1,0.1,Mar/01/2010 06:00:50
703239,2012.REP.NOM.DOBBS,Lou Dobbs to be Republican Presidential Nominee in 2012,1,0.1,Mar/01/2010 06:00:55
703239,2012.REP.NOM.DOBBS,Lou Dobbs to be Republican Presidential Nominee in 2012,1,0.1,Mar/01/2010 06:02:22
703239,2012.REP.NOM.DOBBS,Lou Dobbs to be Republican Presidential Nominee in 2012,1,0.1,Mar/01/2010 06:02:28
703239,2012.REP.NOM.DOBBS,Lou Dobbs to be Republican Presidential Nominee in 2012,1,0.1,Mar/01/2010 06:02:34
703239,2012.REP.NOM.DOBBS,Lou Dobbs to be Republican Presidential Nominee in 2012,1,0.1,Mar/01/2010 06:02:43
703239,2012.REP.NOM.DOBBS,Lou Dobbs to be Republican Presidential Nominee in 2012,1,0.1,Mar/01/2010 06:02:49
703239,2012.REP.NOM.DOBBS,Lou Dobbs to be Republican Presidential Nominee in 2012,1,0.1,Mar/04/2010 07:34:23
703239,2012.REP.NOM.DOBBS,Lou Dobbs to be Republican Presidential Nominee in 2012,1,0.1,Mar/04/2010 07:35:27
703239,2012.REP.NOM.DOBBS,Lou Dobbs to be Republican Presidential Nominee in 2012,1,0.1,Mar/04/2010 07:35:34
703239,2012.REP.NOM.DOBBS,Lou Dobbs to be Republican Presidential Nominee in 2012,1,0.1,Mar/04/2010 07:35:40
703239,2012.REP.NOM.DOBBS,Lou Dobbs to be Republican Presidential Nominee in 2012,1,0.1,Mar/04/2010 07:36:01
703239,2012.REP.NOM.DOBBS,Lou Dobbs to be Republican Presidential Nominee in 2012,1,0.1,Mar/04/2010 07:36:06
703239,2012.REP.NOM.DOBBS,Lou Dobbs to be Republican Presidential Nominee in 2012,1,0.1,Mar/04/2010 07:36:12
703239,2012.REP.NOM.DOBBS,Lou Dobbs to be Republican Presidential Nominee in 2012,1,0.1,Mar/04/2010 07:36:19
703239,2012.REP.NOM.DOBBS,Lou Dobbs to be Republican Presidential Nominee in 2012,2,0.1,Mar/04/2010 07:36:26
703239,2012.REP.NOM.DOBBS,Lou Dobbs to be Republican Presidential Nominee in 2012,2,0.1,Mar/04/2010 07:36:32
703239,2012.REP.NOM.DOBBS,Lou Dobbs to be Republican Presidential Nominee in 2012,1,0.1,Mar/04/2010 07:36:44
703239,2012.REP.NOM.DOBBS,Lou Dobbs to be Republican Presidential Nominee in 2012,1,0.1,Mar/04/2010 07:36:49
703239,2012.REP.NOM.DOBBS,Lou Dobbs to be Republican Presidential Nominee in 2012,2,0.1,Mar/04/2010 07:36:55
703239,2012.REP.NOM.DOBBS,Lou Dobbs to be Republican Presidential Nominee in 2012,1,0.1,Mar/04/2010 07:37:02
703239,2012.REP.NOM.DOBBS,Lou Dobbs to be Republican Presidential Nominee in 2012,3,0.1,Mar/04/2010 07:37:10
703239,2012.REP.NOM.DOBBS,Lou Dobbs to be Republican Presidential Nominee in 2012,2,0.1,Mar/04/2010 07:37:16
703239,2012.REP.NOM.DOBBS,Lou Dobbs to be Republican Presidential Nominee in 2012,2,0.1,Mar/04/2010 07:37:22
703239,2012.REP.NOM.DOBBS,Lou Dobbs to be Republican Presidential Nominee in 2012,1,0.1,Mar/04/2010 07:37:28
703239,2012.REP.NOM.DOBBS,Lou Dobbs to be Republican Presidential Nominee in 2012,1,0.1,Mar/04/2010 07:37:35
703239,2012.REP.NOM.DOBBS,Lou Dobbs to be Republican Presidential Nominee in 2012,1,0.1,Mar/04/2010 07:37:43
703239,2012.REP.NOM.DOBBS,Lou Dobbs to be Republican Presidential Nominee in 2012,1,0.1,Mar/04/2010 07:37:49
703239,2012.REP.NOM.DOBBS,Lou Dobbs to be Republican Presidential Nominee in 2012,2,0.1,Mar/04/2010 07:37:54
703239,2012.REP.NOM.DOBBS,Lou Dobbs to be Republican Presidential Nominee in 2012,2,0.1,Mar/04/2010 07:38:00
703239,2012.REP.NOM.DOBBS,Lou Dobbs to be Republican Presidential Nominee in 2012,3,0.1,Mar/04/2010 07:38:10
703239,2012.REP.NOM.DOBBS,Lou Dobbs to be Republican Presidential Nominee in 2012,2,0.1,Mar/04/2010 07:38:20
703239,2012.REP.NOM.DOBBS,Lou Dobbs to be Republican Presidential Nominee in 2012,2,0.1,Mar/04/2010 07:38:26
703239,2012.REP.NOM.DOBBS,Lou Dobbs to be Republican Presidential Nominee in 2012,2,0.1,Mar/04/2010 07:38:37
703239,2012.REP.NOM.DOBBS,Lou Dobbs to be Republican Presidential Nominee in 2012,2,0.1,Mar/04/2010 07:38:44
703239,2012.REP.NOM.DOBBS,Lou Dobbs to be Republican Presidential Nominee in 2012,2,0.1,Mar/04/2010 07:38:49
703239,2012.REP.NOM.DOBBS,Lou Dobbs to be Republican Presidential Nominee in 2012,2,0.1,Mar/04/2010 07:38:56
703239,2012.REP.NOM.DOBBS,Lou Dobbs to be Republican Presidential Nominee in 2012,1,0.1,Mar/04/2010 07:39:04
703239,2012.REP.NOM.DOBBS,Lou Dobbs to be Republican Presidential Nominee in 2012,1,0.1,Mar/05/2010 14:51:16
703239,2012.REP.NOM.DOBBS,Lou Dobbs to be Republican Presidential Nominee in 2012,1,0.1,Mar/05/2010 14:51:23
703239,2012.REP.NOM.DOBBS,Lou Dobbs to be Republican Presidential Nominee in 2012,2,0.1,Mar/05/2010 14:51:27
703239,2012.REP.NOM.DOBBS,Lou Dobbs to be Republican Presidential Nominee in 2012,3,0.1,Mar/05/2010 14:51:33
703239,2012.REP.NOM.DOBBS,Lou Dobbs to be Republican Presidential Nominee in 2012,1,0.1,Mar/05/2010 14:51:39
703239,2012.REP.NOM.DOBBS,Lou Dobbs to be Republican Presidential Nominee in 2012,1,0.1,Mar/05/2010 14:51:45
703239,2012.REP.NOM.DOBBS,Lou Dobbs to be Republican Presidential Nominee in 2012,1,0.1,Mar/05/2010 14:51:50
703239,2012.REP.NOM.DOBBS,Lou Dobbs to be Republican Presidential Nominee in 2012,1,0.1,Mar/05/2010 14:51:57
703239,2012.REP.NOM.DOBBS,Lou Dobbs to be Republican Presidential Nominee in 2012,1,0.1,Mar/05/2010 14:52:03
703239,2012.REP.NOM.DOBBS,Lou Dobbs to be Republican Presidential Nominee in 2012,1,0.1,Mar/05/2010 14:52:09
703239,2012.REP.NOM.DOBBS,Lou Dobbs to be Republican Presidential Nominee in 2012,1,0.1,Mar/05/2010 14:52:14
703239,2012.REP.NOM.DOBBS,Lou Dobbs to be Republican Presidential Nominee in 2012,1,0.1,Mar/05/2010 14:52:21
703239,2012.REP.NOM.DOBBS,Lou Dobbs to be Republican Presidential Nominee in 2012,2,0.1,Mar/05/2010 14:52:26
703239,2012.REP.NOM.DOBBS,Lou Dobbs to be Republican Presidential Nominee in 2012,1,0.1,Mar/05/2010 14:52:31
703239,2012.REP.NOM.DOBBS,Lou Dobbs to be Republican Presidential Nominee in 2012,1,0.1,Mar/05/2010 14:52:37
703239,2012.REP.NOM.DOBBS,Lou Dobbs to be Republican Presidential Nominee in 2012,2,0.1,Mar/05/2010 14:52:42
703239,2012.REP.NOM.DOBBS,Lou Dobbs to be Republican Presidential Nominee in 2012,1,0.1,Mar/08/2010 05:45:28
703239,2012.REP.NOM.DOBBS,Lou Dobbs to be Republican Presidential Nominee in 2012,1,0.1,Mar/08/2010 05:45:33
703239,2012.REP.NOM.DOBBS,Lou Dobbs to be Republican Presidential Nominee in 2012,1,0.1,Mar/08/2010 05:45:38
703239,2012.REP.NOM.DOBBS,Lou Dobbs to be Republican Presidential Nominee in 2012,1,0.1,Mar/08/2010 05:45:45
703239,2012.REP.NOM.DOBBS,Lou Dobbs to be Republican Presidential Nominee in 2012,1,0.1,Mar/08/2010 05:45:49
703239,2012.REP.NOM.DOBBS,Lou Dobbs to be Republican Presidential Nominee in 2012,1,0.1,Mar/08/2010 05:45:53
703239,2012.REP.NOM.DOBBS,Lou Dobbs to be Republican Presidential Nominee in 2012,1,0.1,Mar/08/2010 05:46:13
703239,2012.REP.NOM.DOBBS,Lou Dobbs to be Republican Presidential Nominee in 2012,2,0.1,Mar/08/2010 05:46:22
703239,2012.REP.NOM.DOBBS,Lou Dobbs to be Republican Presidential Nominee in 2012,1,0.1,Mar/08/2010 05:46:30
703239,2012.REP.NOM.DOBBS,Lou Dobbs to be Republican Presidential Nominee in 2012,1,0.1,Mar/08/2010 05:46:49
703239,2012.REP.NOM.DOBBS,Lou Dobbs to be Republican Presidential Nominee in 2012,1,0.1,Mar/08/2010 05:46:54
703239,2012.REP.NOM.DOBBS,Lou Dobbs to be Republican Presidential Nominee in 2012,1,0.1,Mar/08/2010 05:46:59
703239,2012.REP.NOM.DOBBS,Lou Dobbs to be Republican Presidential Nominee in 2012,1,0.1,Mar/08/2010 05:47:03
703239,2012.REP.NOM.DOBBS,Lou Dobbs to be Republican Presidential Nominee in 2012,1,0.1,Mar/08/2010 05:47:16
703239,2012.REP.NOM.DOBBS,Lou Dobbs to be Republican Presidential Nominee in 2012,1,0.1,Mar/08/2010 05:47:25
703239,2012.REP.NOM.DOBBS,Lou Dobbs to be Republican Presidential Nominee in 2012,1,0.1,Mar/08/2010 05:47:30
703239,2012.REP.NOM.DOBBS,Lou Dobbs to be Republican Presidential Nominee in 2012,1,0.1,Mar/08/2010 05:47:38
703239,2012.REP.NOM.DOBBS,Lou Dobbs to be Republican Presidential Nominee in 2012,1,0.1,Mar/08/2010 05:47:44
703239,2012.REP.NOM.DOBBS,Lou Dobbs to be Republican Presidential Nominee in 2012,4,0.1,Mar/08/2010 05:47:50
703239,2012.REP.NOM.DOBBS,Lou Dobbs to be Republican Presidential Nominee in 2012,1,0.1,Mar/08/2010 05:48:11
703239,2012.REP.NOM.DOBBS,Lou Dobbs to be Republican Presidential Nominee in 2012,1,0.1,Mar/08/2010 05:48:19
703239,2012.REP.NOM.DOBBS,Lou Dobbs to be Republican Presidential Nominee in 2012,5,0.1,Mar/08/2010 05:48:26
703239,2012.REP.NOM.DOBBS,Lou Dobbs to be Republican Presidential Nominee in 2012,4,0.1,Mar/08/2010 05:48:38
703239,2012.REP.NOM.DOBBS,Lou Dobbs to be Republican Presidential Nominee in 2012,1,0.1,Mar/08/2010 05:48:48
703239,2012.REP.NOM.DOBBS,Lou Dobbs to be Republican Presidential Nominee in 2012,1,0.1,Mar/08/2010 05:48:56
703239,2012.REP.NOM.DOBBS,Lou Dobbs to be Republican Presidential Nominee in 2012,1,0.1,Mar/08/2010 05:49:04
703239,2012.REP.NOM.DOBBS,Lou Dobbs to be Republican Presidential Nominee in 2012,1,0.1,Mar/08/2010 05:49:13
703239,2012.REP.NOM.DOBBS,Lou Dobbs to be Republican Presidential Nominee in 2012,1,0.1,Mar/08/2010 05:49:22
703239,2012.REP.NOM.DOBBS,Lou Dobbs to be Republican Presidential Nominee in 2012,1,0.1,Mar/10/2010 07:41:54
703239,2012.REP.NOM.DOBBS,Lou Dobbs to be Republican Presidential Nominee in 2012,1,0.1,Mar/10/2010 07:42:02
703239,2012.REP.NOM.DOBBS,Lou Dobbs to be Republican Presidential Nominee in 2012,1,0.1,Mar/10/2010 07:42:09
703239,2012.REP.NOM.DOBBS,Lou Dobbs to be Republican Presidential Nominee in 2012,3,0.1,Mar/10/2010 07:42:14
703239,2012.REP.NOM.DOBBS,Lou Dobbs to be Republican Presidential Nominee in 2012,1,0.1,Mar/10/2010 07:42:39
703239,2012.REP.NOM.DOBBS,Lou Dobbs to be Republican Presidential Nominee in 2012,2,0.1,Mar/10/2010 07:42:48
703239,2012.REP.NOM.DOBBS,Lou Dobbs to be Republican Presidential Nominee in 2012,1,0.1,Mar/10/2010 07:42:54
703239,2012.REP.NOM.DOBBS,Lou Dobbs to be Republican Presidential Nominee in 2012,1,0.1,Mar/23/2010 06:56:34
703239,2012.REP.NOM.DOBBS,Lou Dobbs to be Republican Presidential Nominee in 2012,1,0.1,Mar/23/2010 06:56:42
703239,2012.REP.NOM.DOBBS,Lou Dobbs to be Republican Presidential Nominee in 2012,1,0.1,Mar/23/2010 06:56:50
703239,2012.REP.NOM.DOBBS,Lou Dobbs to be Republican Presidential Nominee in 2012,1,0.1,Mar/23/2010 06:57:12
703239,2012.REP.NOM.DOBBS,Lou Dobbs to be Republican Presidential Nominee in 2012,1,0.1,Mar/23/2010 06:57:21
703239,2012.REP.NOM.DOBBS,Lou Dobbs to be Republican Presidential Nominee in 2012,3,0.1,Mar/23/2010 06:57:31
703239,2012.REP.NOM.DOBBS,Lou Dobbs to be Republican Presidential Nominee in 2012,1,0.1,Mar/23/2010 06:57:45
703239,2012.REP.NOM.DOBBS,Lou Dobbs to be Republican Presidential Nominee in 2012,1,0.1,Mar/23/2010 06:57:51
703239,2012.REP.NOM.DOBBS,Lou Dobbs to be Republican Presidential Nominee in 2012,1,0.1,Mar/23/2010 06:58:04
703239,2012.REP.NOM.DOBBS,Lou Dobbs to be Republican Presidential Nominee in 2012,1,0.1,Mar/23/2010 06:58:17
703239,2012.REP.NOM.DOBBS,Lou Dobbs to be Republican Presidential Nominee in 2012,1,0.1,Mar/23/2010 06:58:25
703239,2012.REP.NOM.DOBBS,Lou Dobbs to be Republican Presidential Nominee in 2012,1,0.1,Mar/23/2010 06:58:32
703239,2012.REP.NOM.DOBBS,Lou Dobbs to be Republican Presidential Nominee in 2012,1,0.1,Mar/23/2010 06:58:39
703239,2012.REP.NOM.DOBBS,Lou Dobbs to be Republican Presidential Nominee in 2012,1,0.1,Mar/23/2010 06:58:47
703239,2012.REP.NOM.DOBBS,Lou Dobbs to be Republican Presidential Nominee in 2012,4,0.1,Mar/23/2010 06:58:55
703239,2012.REP.NOM.DOBBS,Lou Dobbs to be Republican Presidential Nominee in 2012,2,0.1,Mar/23/2010 06:59:03
703239,2012.REP.NOM.DOBBS,Lou Dobbs to be Republican Presidential Nominee in 2012,1,0.1,Mar/25/2010 22:40:56
703239,2012.REP.NOM.DOBBS,Lou Dobbs to be Republican Presidential Nominee in 2012,1,0.1,Mar/25/2010 22:41:01
703239,2012.REP.NOM.DOBBS,Lou Dobbs to be Republican Presidential Nominee in 2012,3,0.1,Mar/25/2010 22:41:19
703239,2012.REP.NOM.DOBBS,Lou Dobbs to be Republican Presidential Nominee in 2012,2,0.1,Mar/25/2010 22:41:27
703239,2012.REP.NOM.DOBBS,Lou Dobbs to be Republican Presidential Nominee in 2012,1,0.1,Mar/25/2010 22:41:34
703239,2012.REP.NOM.DOBBS,Lou Dobbs to be Republican Presidential Nominee in 2012,2,0.1,Mar/25/2010 22:41:40
703239,2012.REP.NOM.DOBBS,Lou Dobbs to be Republican Presidential Nominee in 2012,1,0.1,Mar/25/2010 22:42:05
703239,2012.REP.NOM.DOBBS,Lou Dobbs to be Republican Presidential Nominee in 2012,2,0.1,Mar/25/2010 22:42:12
703239,2012.REP.NOM.DOBBS,Lou Dobbs to be Republican Presidential Nominee in 2012,2,0.1,Mar/25/2010 22:42:18
703239,2012.REP.NOM.DOBBS,Lou Dobbs to be Republican Presidential Nominee in 2012,1,0.1,Mar/25/2010 22:42:26
703239,2012.REP.NOM.DOBBS,Lou Dobbs to be Republican Presidential Nominee in 2012,1,0.1,Mar/25/2010 22:42:33
703239,2012.REP.NOM.DOBBS,Lou Dobbs to be Republican Presidential Nominee in 2012,1,0.1,Mar/25/2010 22:42:40
703239,2012.REP.NOM.DOBBS,Lou Dobbs to be Republican Presidential Nominee in 2012,1,0.1,Mar/25/2010 22:42:47
703239,2012.REP.NOM.DOBBS,Lou Dobbs to be Republican Presidential Nominee in 2012,1,0.1,Mar/25/2010 22:42:55
703239,2012.REP.NOM.DOBBS,Lou Dobbs to be Republican Presidential Nominee in 2012,1,0.1,Mar/25/2010 22:43:02
703239,2012.REP.NOM.DOBBS,Lou Dobbs to be Republican Presidential Nominee in 2012,1,0.1,Mar/25/2010 22:43:09
703239,2012.REP.NOM.DOBBS,Lou Dobbs to be Republican Presidential Nominee in 2012,1,0.1,Mar/25/2010 22:43:16
703239,2012.REP.NOM.DOBBS,Lou Dobbs to be Republican Presidential Nominee in 2012,1,0.1,Mar/25/2010 22:43:24
703239,2012.REP.NOM.DOBBS,Lou Dobbs to be Republican Presidential Nominee in 2012,1,0.1,Mar/25/2010 22:43:31
703239,2012.REP.NOM.DOBBS,Lou Dobbs to be Republican Presidential Nominee in 2012,1,0.1,Mar/25/2010 22:43:39
703239,2012.REP.NOM.DOBBS,Lou Dobbs to be Republican Presidential Nominee in 2012,1,0.1,Mar/25/2010 22:43:47
703239,2012.REP.NOM.DOBBS,Lou Dobbs to be Republican Presidential Nominee in 2012,10,0.2,Apr/17/2010 04:38:24
703239,2012.REP.NOM.DOBBS,Lou Dobbs to be Republican Presidential Nominee in 2012,5,0.2,Apr/17/2010 04:38:24
703239,2012.REP.NOM.DOBBS,Lou Dobbs to be Republican Presidential Nominee in 2012,1,0.1,May/17/2010 10:08:12
703239,2012.REP.NOM.DOBBS,Lou Dobbs to be Republican Presidential Nominee in 2012,1,0.1,May/17/2010 10:09:33
703239,2012.REP.NOM.DOBBS,Lou Dobbs to be Republican Presidential Nominee in 2012,1,0.1,May/17/2010 10:09:40
703239,2012.REP.NOM.DOBBS,Lou Dobbs to be Republican Presidential Nominee in 2012,1,0.1,May/17/2010 10:10:09
703239,2012.REP.NOM.DOBBS,Lou Dobbs to be Republican Presidential Nominee in 2012,1,0.1,May/17/2010 10:10:24
703239,2012.REP.NOM.DOBBS,Lou Dobbs to be Republican Presidential Nominee in 2012,1,0.1,May/17/2010 10:10:36
703239,2012.REP.NOM.DOBBS,Lou Dobbs to be Republican Presidential Nominee in 2012,1,0.1,May/17/2010 10:10:45
703239,2012.REP.NOM.DOBBS,Lou Dobbs to be Republican Presidential Nominee in 2012,1,0.1,May/17/2010 10:10:57
703239,2012.REP.NOM.DOBBS,Lou Dobbs to be Republican Presidential Nominee in 2012,1,0.1,May/17/2010 10:11:07
703239,2012.REP.NOM.DOBBS,Lou Dobbs to be Republican Presidential Nominee in 2012,2,0.1,May/17/2010 10:11:15
703239,2012.REP.NOM.DOBBS,Lou Dobbs to be Republican Presidential Nominee in 2012,1,0.1,May/17/2010 10:11:24
703239,2012.REP.NOM.DOBBS,Lou Dobbs to be Republican Presidential Nominee in 2012,1,0.1,May/17/2010 10:11:33
703239,2012.REP.NOM.DOBBS,Lou Dobbs to be Republican Presidential Nominee in 2012,1,0.1,May/17/2010 10:11:42
703239,2012.REP.NOM.DOBBS,Lou Dobbs to be Republican Presidential Nominee in 2012,3,0.1,May/17/2010 10:11:51
703239,2012.REP.NOM.DOBBS,Lou Dobbs to be Republican Presidential Nominee in 2012,1,0.1,May/17/2010 10:12:45
703239,2012.REP.NOM.DOBBS,Lou Dobbs to be Republican Presidential Nominee in 2012,1,0.1,May/17/2010 10:13:03
703239,2012.REP.NOM.DOBBS,Lou Dobbs to be Republican Presidential Nominee in 2012,1,0.1,May/17/2010 10:13:16
703239,2012.REP.NOM.DOBBS,Lou Dobbs to be Republican Presidential Nominee in 2012,1,0.1,May/17/2010 10:13:26
703239,2012.REP.NOM.DOBBS,Lou Dobbs to be Republican Presidential Nominee in 2012,1,0.1,May/17/2010 10:13:31
703239,2012.REP.NOM.DOBBS,Lou Dobbs to be Republican Presidential Nominee in 2012,1,0.1,May/17/2010 10:13:36
703239,2012.REP.NOM.DOBBS,Lou Dobbs to be Republican Presidential Nominee in 2012,1,0.1,May/17/2010 10:13:41
703239,2012.REP.NOM.DOBBS,Lou Dobbs to be Republican Presidential Nominee in 2012,1,0.1,May/17/2010 10:13:53
703239,2012.REP.NOM.DOBBS,Lou Dobbs to be Republican Presidential Nominee in 2012,1,0.1,May/17/2010 10:14:04
703239,2012.REP.NOM.DOBBS,Lou Dobbs to be Republican Presidential Nominee in 2012,1,0.1,May/17/2010 10:14:13
703239,2012.REP.NOM.DOBBS,Lou Dobbs to be Republican Presidential Nominee in 2012,2,0.1,May/17/2010 10:14:23
703239,2012.REP.NOM.DOBBS,Lou Dobbs to be Republican Presidential Nominee in 2012,1,0.1,May/17/2010 10:14:30
703239,2012.REP.NOM.DOBBS,Lou Dobbs to be Republican Presidential Nominee in 2012,1,0.1,May/17/2010 10:14:41
703239,2012.REP.NOM.DOBBS,Lou Dobbs to be Republican Presidential Nominee in 2012,1,0.1,May/17/2010 10:14:50
703239,2012.REP.NOM.DOBBS,Lou Dobbs to be Republican Presidential Nominee in 2012,2,0.1,May/17/2010 10:14:59
703239,2012.REP.NOM.DOBBS,Lou Dobbs to be Republican Presidential Nominee in 2012,1,0.1,May/17/2010 10:15:09
703239,2012.REP.NOM.DOBBS,Lou Dobbs to be Republican Presidential Nominee in 2012,1,0.1,May/17/2010 10:15:17
703239,2012.REP.NOM.DOBBS,Lou Dobbs to be Republican Presidential Nominee in 2012,1,0.1,May/17/2010 10:15:27
703239,2012.REP.NOM.DOBBS,Lou Dobbs to be Republican Presidential Nominee in 2012,1,0.1,May/17/2010 10:15:38
703239,2012.REP.NOM.DOBBS,Lou Dobbs to be Republican Presidential Nominee in 2012,1,0.1,May/17/2010 10:15:48
703239,2012.REP.NOM.DOBBS,Lou Dobbs to be Republican Presidential Nominee in 2012,35,0.1,May/27/2010 11:27:07
703239,2012.REP.NOM.DOBBS,Lou Dobbs to be Republican Presidential Nominee in 2012,15,0.1,May/27/2010 11:27:07
703239,2012.REP.NOM.DOBBS,Lou Dobbs to be Republican Presidential Nominee in 2012,24,0.1,May/28/2010 12:32:47
703239,2012.REP.NOM.DOBBS,Lou Dobbs to be Republican Presidential Nominee in 2012,20,0.1,Jun/01/2010 17:35:51
703239,2012.REP.NOM.DOBBS,Lou Dobbs to be Republican Presidential Nominee in 2012,4,0.1,Jun/01/2010 20:39:59
703239,2012.REP.NOM.DOBBS,Lou Dobbs to be Republican Presidential Nominee in 2012,1,0.1,Jun/02/2010 10:26:01
703239,2012.REP.NOM.DOBBS,Lou Dobbs to be Republican Presidential Nominee in 2012,5,0.1,Jun/03/2010 12:27:36
703239,2012.REP.NOM.DOBBS,Lou Dobbs to be Republican Presidential Nominee in 2012,2,0.1,Jun/03/2010 20:17:06
703239,2012.REP.NOM.DOBBS,Lou Dobbs to be Republican Presidential Nominee in 2012,31,0.1,Jun/04/2010 10:36:03
703239,2012.REP.NOM.DOBBS,Lou Dobbs to be Republican Presidential Nominee in 2012,20,0.1,Jun/04/2010 21:46:22
703239,2012.REP.NOM.DOBBS,Lou Dobbs to be Republican Presidential Nominee in 2012,20,0.1,Jun/04/2010 22:55:46
703239,2012.REP.NOM.DOBBS,Lou Dobbs to be Republican Presidential Nominee in 2012,8,0.1,Jun/09/2010 20:22:32
703239,2012.REP.NOM.DOBBS,Lou Dobbs to be Republican Presidential Nominee in 2012,1,0.1,Jun/11/2010 09:56:15
703239,2012.REP.NOM.DOBBS,Lou Dobbs to be Republican Presidential Nominee in 2012,22,0.1,Jun/29/2010 10:47:22
703239,2012.REP.NOM.DOBBS,Lou Dobbs to be Republican Presidential Nominee in 2012,8,0.1,Jun/29/2010 10:47:41
703239,2012.REP.NOM.DOBBS,Lou Dobbs to be Republican Presidential Nominee in 2012,67,0.1,Jul/12/2010 06:43:04
703239,2012.REP.NOM.DOBBS,Lou Dobbs to be Republican Presidential Nominee in 2012,18,0.1,Jul/12/2010 21:16:43
703239,2012.REP.NOM.DOBBS,Lou Dobbs to be Republican Presidential Nominee in 2012,3,0.1,Jul/12/2010 21:16:54
703239,2012.REP.NOM.DOBBS,Lou Dobbs to be Republican Presidential Nominee in 2012,2,0.1,Jul/13/2010 05:45:27
703239,2012.REP.NOM.DOBBS,Lou Dobbs to be Republican Presidential Nominee in 2012,39,0.1,Jul/13/2010 19:28:18
703239,2012.REP.NOM.DOBBS,Lou Dobbs to be Republican Presidential Nominee in 2012,100,0.1,Jul/17/2010 19:13:30
703239,2012.REP.NOM.DOBBS,Lou Dobbs to be Republican Presidential Nominee in 2012,15,0.1,Nov/05/2010 17:48:57
703239,2012.REP.NOM.DOBBS,Lou Dobbs to be Republican Presidential Nominee in 2012,8,0.1,Nov/05/2010 17:48:57
703239,2012.REP.NOM.DOBBS,Lou Dobbs to be Republican Presidential Nominee in 2012,48,0.1,Nov/05/2010 17:48:57
703239,2012.REP.NOM.DOBBS,Lou Dobbs to be Republican Presidential Nominee in 2012,78,0.1,Nov/05/2010 17:50:56
703239,2012.REP.NOM.DOBBS,Lou Dobbs to be Republican Presidential Nominee in 2012,9,0.1,Nov/05/2010 17:53:39
703239,2012.REP.NOM.DOBBS,Lou Dobbs to be Republican Presidential Nominee in 2012,2,0.1,Nov/05/2010 18:00:37
703239,2012.REP.NOM.DOBBS,Lou Dobbs to be Republican Presidential Nominee in 2012,400,0.1,Jan/17/2011 21:27:04
703239,2012.REP.NOM.DOBBS,Lou Dobbs to be Republican Presidential Nominee in 2012,70,0.1,Jan/17/2011 21:27:52
703239,2012.REP.NOM.DOBBS,Lou Dobbs to be Republican Presidential Nominee in 2012,5,0.1,Jan/17/2011 21:27:52
703239,2012.REP.NOM.DOBBS,Lou Dobbs to be Republican Presidential Nominee in 2012,80,0.1,Jan/17/2011 21:27:52
703239,2012.REP.NOM.DOBBS,Lou Dobbs to be Republican Presidential Nominee in 2012,90,0.1,Jan/17/2011 21:27:52
703239,2012.REP.NOM.DOBBS,Lou Dobbs to be Republican Presidential Nominee in 2012,30,0.1,Jan/17/2011 21:27:52
703239,2012.REP.NOM.DOBBS,Lou Dobbs to be Republican Presidential Nominee in 2012,65,0.1,Jan/17/2011 21:27:52
703239,2012.REP.NOM.DOBBS,Lou Dobbs to be Republican Presidential Nominee in 2012,90,0.1,Jan/17/2011 21:27:52
703239,2012.REP.NOM.DOBBS,Lou Dobbs to be Republican Presidential Nominee in 2012,50,0.1,Jan/17/2011 21:27:52
703239,2012.REP.NOM.DOBBS,Lou Dobbs to be Republican Presidential Nominee in 2012,10,0.1,Jan/17/2011 21:27:52
703239,2012.REP.NOM.DOBBS,Lou Dobbs to be Republican Presidential Nominee in 2012,80,0.1,Jan/17/2011 21:27:52
703239,2012.REP.NOM.DOBBS,Lou Dobbs to be Republican Presidential Nominee in 2012,50,0.1,Jan/17/2011 21:27:52
703239,2012.REP.NOM.DOBBS,Lou Dobbs to be Republican Presidential Nominee in 2012,26,0.1,Jan/17/2011 21:27:52
703239,2012.REP.NOM.DOBBS,Lou Dobbs to be Republican Presidential Nominee in 2012,115,0.1,Jan/17/2011 22:06:56
703239,2012.REP.NOM.DOBBS,Lou Dobbs to be Republican Presidential Nominee in 2012,125,0.1,Jan/21/2011 02:24:33
703239,2012.REP.NOM.DOBBS,Lou Dobbs to be Republican Presidential Nominee in 2012,150,0.1,Jan/25/2011 01:11:25
703239,2012.REP.NOM.DOBBS,Lou Dobbs to be Republican Presidential Nominee in 2012,90,0.1,Jan/27/2011 01:47:05
703239,2012.REP.NOM.DOBBS,Lou Dobbs to be Republican Presidential Nominee in 2012,10,0.1,Jan/27/2011 01:47:05
703239,2012.REP.NOM.DOBBS,Lou Dobbs to be Republican Presidential Nominee in 2012,333,0.1,Jan/29/2011 04:09:59
703239,2012.REP.NOM.DOBBS,Lou Dobbs to be Republican Presidential Nominee in 2012,90,0.1,Jan/29/2011 04:09:59
703239,2012.REP.NOM.DOBBS,Lou Dobbs to be Republican Presidential Nominee in 2012,2,0.2,Feb/06/2011 01:33:23
703239,2012.REP.NOM.DOBBS,Lou Dobbs to be Republican Presidential Nominee in 2012,23,0.2,Feb/06/2011 01:33:23
703239,2012.REP.NOM.DOBBS,Lou Dobbs to be Republican Presidential Nominee in 2012,495,0.2,Feb/06/2011 01:33:23
703239,2012.REP.NOM.DOBBS,Lou Dobbs to be Republican Presidential Nominee in 2012,480,0.1,Feb/06/2011 01:33:23
703239,2012.REP.NOM.DOBBS,Lou Dobbs to be Republican Presidential Nominee in 2012,5,0.2,Feb/06/2011 01:34:04
703239,2012.REP.NOM.DOBBS,Lou Dobbs to be Republican Presidential Nominee in 2012,5,0.3,Feb/06/2011 01:34:04
703239,2012.REP.NOM.DOBBS,Lou Dobbs to be Republican Presidential Nominee in 2012,20,0.1,Feb/06/2011 04:22:45
703239,2012.REP.NOM.DOBBS,Lou Dobbs to be Republican Presidential Nominee in 2012,20,0.1,Feb/06/2011 04:35:34
703239,2012.REP.NOM.DOBBS,Lou Dobbs to be Republican Presidential Nominee in 2012,8,0.1,Feb/07/2011 03:53:01
703239,2012.REP.NOM.DOBBS,Lou Dobbs to be Republican Presidential Nominee in 2012,20,0.1,Feb/09/2011 00:47:44
703239,2012.REP.NOM.DOBBS,Lou Dobbs to be Republican Presidential Nominee in 2012,12,0.1,Feb/09/2011 00:47:44
703239,2012.REP.NOM.DOBBS,Lou Dobbs to be Republican Presidential Nominee in 2012,70,0.1,Feb/15/2011 02:20:48
703239,2012.REP.NOM.DOBBS,Lou Dobbs to be Republican Presidential Nominee in 2012,9,0.1,Feb/15/2011 02:20:48
703239,2012.REP.NOM.DOBBS,Lou Dobbs to be Republican Presidential Nominee in 2012,21,0.1,Feb/15/2011 02:20:48
703239,2012.REP.NOM.DOBBS,Lou Dobbs to be Republican Presidential Nominee in 2012,20,0.1,Feb/20/2011 19:01:00
703239,2012.REP.NOM.DOBBS,Lou Dobbs to be Republican Presidential Nominee in 2012,9,0.1,Mar/17/2011 23:44:25
703239,2012.REP.NOM.DOBBS,Lou Dobbs to be Republican Presidential Nominee in 2012,1,0.1,Mar/17/2011 23:44:25
703239,2012.REP.NOM.DOBBS,Lou Dobbs to be Republican Presidential Nominee in 2012,1,0.1,Jun/16/2011 01:06:27
703239,2012.REP.NOM.DOBBS,Lou Dobbs to be Republican Presidential Nominee in 2012,1,0.1,Jun/16/2011 01:27:04
703239,2012.REP.NOM.DOBBS,Lou Dobbs to be Republican Presidential Nominee in 2012,7,0.1,Jul/04/2011 01:50:01
703239,2012.REP.NOM.DOBBS,Lou Dobbs to be Republican Presidential Nominee in 2012,13,0.1,Jul/04/2011 01:50:01
703239,2012.REP.NOM.DOBBS,Lou Dobbs to be Republican Presidential Nominee in 2012,5,0.1,Nov/27/2011 21:48:11
703239,2012.REP.NOM.DOBBS,Lou Dobbs to be Republican Presidential Nominee in 2012,465,0.1,Jan/21/2012 18:21:05
703239,2012.REP.NOM.DOBBS,Lou Dobbs to be Republican Presidential Nominee in 2012,2,0.1,Jan/21/2012 18:21:05
703239,2012.REP.NOM.DOBBS,Lou Dobbs to be Republican Presidential Nominee in 2012,31,0.1,Jan/21/2012 18:21:05
703239,2012.REP.NOM.DOBBS,Lou Dobbs to be Republican Presidential Nominee in 2012,2,0.1,Jan/21/2012 18:21:05
703239,2012.REP.NOM.DOBBS,Lou Dobbs to be Republican Presidential Nominee in 2012,2400,0.1,Feb/13/2012 02:39:32
703239,2012.REP.NOM.DOBBS,Lou Dobbs to be Republican Presidential Nominee in 2012,100,0.1,Feb/13/2012 14:55:48
703239,2012.REP.NOM.DOBBS,Lou Dobbs to be Republican Presidential Nominee in 2012,500,0.1,Feb/15/2012 00:47:00
703239,2012.REP.NOM.DOBBS,Lou Dobbs to be Republican Presidential Nominee in 2012,500,0.1,Feb/15/2012 19:24:27
703239,2012.REP.NOM.DOBBS,Lou Dobbs to be Republican Presidential Nominee in 2012,5,0.1,Mar/07/2012 23:34:59
703239,2012.REP.NOM.DOBBS,Lou Dobbs to be Republican Presidential Nominee in 2012,5,0.1,Mar/07/2012 23:36:27
703239,2012.REP.NOM.DOBBS,Lou Dobbs to be Republican Presidential Nominee in 2012,5,0.1,Mar/07/2012 23:37:49
703239,2012.REP.NOM.DOBBS,Lou Dobbs to be Republican Presidential Nominee in 2012,5,0.1,Mar/11/2012 16:58:48
