market id,market symbol,market name,trade quantity,trade price,date/time [utc]
682977,2012.REP.NOM.KASICH,John Kasich to be Republican Presidential Nominee in 2012,10,2.5,Nov/15/2009 03:28:31
682977,2012.REP.NOM.KASICH,John Kasich to be Republican Presidential Nominee in 2012,10,2.7,Nov/22/2009 03:26:54
682977,2012.REP.NOM.KASICH,John Kasich to be Republican Presidential Nominee in 2012,5,1.0,Jan/21/2010 11:10:21
682977,2012.REP.NOM.KASICH,John Kasich to be Republican Presidential Nominee in 2012,20,0.2,Jan/21/2010 11:10:21
682977,2012.REP.NOM.KASICH,John Kasich to be Republican Presidential Nominee in 2012,2,0.3,Jan/21/2010 11:10:21
682977,2012.REP.NOM.KASICH,John Kasich to be Republican Presidential Nominee in 2012,1,1.1,Jan/21/2010 11:10:21
682977,2012.REP.NOM.KASICH,John Kasich to be Republican Presidential Nominee in 2012,12,0.1,Jan/21/2010 11:10:21
682977,2012.REP.NOM.KASICH,John Kasich to be Republican Presidential Nominee in 2012,10,0.4,Jan/21/2010 15:50:39
682977,2012.REP.NOM.KASICH,John Kasich to be Republican Presidential Nominee in 2012,5,0.4,Jan/21/2010 17:46:38
682977,2012.REP.NOM.KASICH,John Kasich to be Republican Presidential Nominee in 2012,5,0.4,Jan/21/2010 17:46:46
682977,2012.REP.NOM.KASICH,John Kasich to be Republican Presidential Nominee in 2012,1,0.1,Jan/21/2010 17:47:36
682977,2012.REP.NOM.KASICH,John Kasich to be Republican Presidential Nominee in 2012,14,0.2,Jan/22/2010 06:22:11
682977,2012.REP.NOM.KASICH,John Kasich to be Republican Presidential Nominee in 2012,6,0.2,Jan/22/2010 06:22:14
682977,2012.REP.NOM.KASICH,John Kasich to be Republican Presidential Nominee in 2012,8,0.1,Jan/22/2010 06:22:14
682977,2012.REP.NOM.KASICH,John Kasich to be Republican Presidential Nominee in 2012,1,0.1,Jan/22/2010 06:22:25
682977,2012.REP.NOM.KASICH,John Kasich to be Republican Presidential Nominee in 2012,3,0.1,Jan/22/2010 14:42:28
682977,2012.REP.NOM.KASICH,John Kasich to be Republican Presidential Nominee in 2012,7,0.1,Jan/22/2010 15:55:56
682977,2012.REP.NOM.KASICH,John Kasich to be Republican Presidential Nominee in 2012,14,0.1,Jan/25/2010 11:13:28
682977,2012.REP.NOM.KASICH,John Kasich to be Republican Presidential Nominee in 2012,4,0.1,Jan/25/2010 18:33:58
682977,2012.REP.NOM.KASICH,John Kasich to be Republican Presidential Nominee in 2012,10,0.1,Jan/25/2010 18:33:58
682977,2012.REP.NOM.KASICH,John Kasich to be Republican Presidential Nominee in 2012,4,0.1,Jan/26/2010 11:04:14
682977,2012.REP.NOM.KASICH,John Kasich to be Republican Presidential Nominee in 2012,4,0.1,Jan/28/2010 12:16:20
682977,2012.REP.NOM.KASICH,John Kasich to be Republican Presidential Nominee in 2012,10,0.2,Jan/28/2010 12:16:20
682977,2012.REP.NOM.KASICH,John Kasich to be Republican Presidential Nominee in 2012,15,0.1,Feb/01/2010 17:13:14
682977,2012.REP.NOM.KASICH,John Kasich to be Republican Presidential Nominee in 2012,10,0.2,Feb/03/2010 12:15:32
682977,2012.REP.NOM.KASICH,John Kasich to be Republican Presidential Nominee in 2012,2,0.1,Feb/05/2010 09:58:22
682977,2012.REP.NOM.KASICH,John Kasich to be Republican Presidential Nominee in 2012,1,0.1,Feb/08/2010 10:20:14
682977,2012.REP.NOM.KASICH,John Kasich to be Republican Presidential Nominee in 2012,1,0.1,Feb/08/2010 10:21:09
682977,2012.REP.NOM.KASICH,John Kasich to be Republican Presidential Nominee in 2012,1,0.1,Feb/08/2010 10:21:17
682977,2012.REP.NOM.KASICH,John Kasich to be Republican Presidential Nominee in 2012,1,0.1,Feb/08/2010 10:21:24
682977,2012.REP.NOM.KASICH,John Kasich to be Republican Presidential Nominee in 2012,1,0.1,Feb/08/2010 10:21:43
682977,2012.REP.NOM.KASICH,John Kasich to be Republican Presidential Nominee in 2012,1,0.1,Feb/08/2010 10:21:54
682977,2012.REP.NOM.KASICH,John Kasich to be Republican Presidential Nominee in 2012,1,0.1,Feb/08/2010 10:22:02
682977,2012.REP.NOM.KASICH,John Kasich to be Republican Presidential Nominee in 2012,1,0.1,Feb/08/2010 10:22:10
682977,2012.REP.NOM.KASICH,John Kasich to be Republican Presidential Nominee in 2012,1,0.1,Feb/08/2010 10:22:17
682977,2012.REP.NOM.KASICH,John Kasich to be Republican Presidential Nominee in 2012,1,0.1,Feb/08/2010 10:22:25
682977,2012.REP.NOM.KASICH,John Kasich to be Republican Presidential Nominee in 2012,1,0.1,Feb/08/2010 10:22:33
682977,2012.REP.NOM.KASICH,John Kasich to be Republican Presidential Nominee in 2012,2,0.1,Feb/08/2010 10:22:41
682977,2012.REP.NOM.KASICH,John Kasich to be Republican Presidential Nominee in 2012,2,0.1,Feb/08/2010 10:22:48
682977,2012.REP.NOM.KASICH,John Kasich to be Republican Presidential Nominee in 2012,1,0.1,Feb/08/2010 10:23:02
682977,2012.REP.NOM.KASICH,John Kasich to be Republican Presidential Nominee in 2012,23,0.2,Feb/09/2010 05:35:38
682977,2012.REP.NOM.KASICH,John Kasich to be Republican Presidential Nominee in 2012,29,0.5,Feb/09/2010 05:35:38
682977,2012.REP.NOM.KASICH,John Kasich to be Republican Presidential Nominee in 2012,2,0.2,Feb/09/2010 05:35:38
682977,2012.REP.NOM.KASICH,John Kasich to be Republican Presidential Nominee in 2012,16,0.3,Feb/09/2010 05:35:38
682977,2012.REP.NOM.KASICH,John Kasich to be Republican Presidential Nominee in 2012,10,0.3,Feb/09/2010 05:35:38
682977,2012.REP.NOM.KASICH,John Kasich to be Republican Presidential Nominee in 2012,3,0.2,Feb/10/2010 09:56:57
682977,2012.REP.NOM.KASICH,John Kasich to be Republican Presidential Nominee in 2012,1,0.2,Feb/10/2010 09:57:10
682977,2012.REP.NOM.KASICH,John Kasich to be Republican Presidential Nominee in 2012,1,0.2,Feb/10/2010 09:57:30
682977,2012.REP.NOM.KASICH,John Kasich to be Republican Presidential Nominee in 2012,2,0.2,Feb/10/2010 09:57:37
682977,2012.REP.NOM.KASICH,John Kasich to be Republican Presidential Nominee in 2012,1,0.2,Feb/10/2010 09:57:44
682977,2012.REP.NOM.KASICH,John Kasich to be Republican Presidential Nominee in 2012,1,0.2,Feb/10/2010 09:57:49
682977,2012.REP.NOM.KASICH,John Kasich to be Republican Presidential Nominee in 2012,1,0.2,Feb/10/2010 09:58:04
682977,2012.REP.NOM.KASICH,John Kasich to be Republican Presidential Nominee in 2012,1,0.2,Feb/10/2010 09:58:10
682977,2012.REP.NOM.KASICH,John Kasich to be Republican Presidential Nominee in 2012,1,0.2,Feb/10/2010 09:58:16
682977,2012.REP.NOM.KASICH,John Kasich to be Republican Presidential Nominee in 2012,1,0.2,Feb/10/2010 09:58:21
682977,2012.REP.NOM.KASICH,John Kasich to be Republican Presidential Nominee in 2012,1,0.1,Feb/10/2010 09:58:27
682977,2012.REP.NOM.KASICH,John Kasich to be Republican Presidential Nominee in 2012,1,0.1,Feb/10/2010 09:58:31
682977,2012.REP.NOM.KASICH,John Kasich to be Republican Presidential Nominee in 2012,1,0.1,Feb/10/2010 09:58:36
682977,2012.REP.NOM.KASICH,John Kasich to be Republican Presidential Nominee in 2012,1,0.1,Feb/10/2010 09:58:41
682977,2012.REP.NOM.KASICH,John Kasich to be Republican Presidential Nominee in 2012,1,0.1,Feb/10/2010 09:58:50
682977,2012.REP.NOM.KASICH,John Kasich to be Republican Presidential Nominee in 2012,1,0.1,Feb/10/2010 09:58:57
682977,2012.REP.NOM.KASICH,John Kasich to be Republican Presidential Nominee in 2012,1,0.1,Feb/10/2010 09:59:03
682977,2012.REP.NOM.KASICH,John Kasich to be Republican Presidential Nominee in 2012,1,0.1,Feb/10/2010 09:59:13
682977,2012.REP.NOM.KASICH,John Kasich to be Republican Presidential Nominee in 2012,2,0.1,Feb/10/2010 09:59:18
682977,2012.REP.NOM.KASICH,John Kasich to be Republican Presidential Nominee in 2012,1,0.1,Feb/10/2010 09:59:32
682977,2012.REP.NOM.KASICH,John Kasich to be Republican Presidential Nominee in 2012,2,0.1,Feb/10/2010 09:59:38
682977,2012.REP.NOM.KASICH,John Kasich to be Republican Presidential Nominee in 2012,1,0.1,Feb/10/2010 09:59:44
682977,2012.REP.NOM.KASICH,John Kasich to be Republican Presidential Nominee in 2012,1,0.1,Feb/14/2010 16:45:13
682977,2012.REP.NOM.KASICH,John Kasich to be Republican Presidential Nominee in 2012,1,0.1,Feb/14/2010 16:45:19
682977,2012.REP.NOM.KASICH,John Kasich to be Republican Presidential Nominee in 2012,1,0.1,Feb/14/2010 16:45:37
682977,2012.REP.NOM.KASICH,John Kasich to be Republican Presidential Nominee in 2012,1,0.1,Feb/14/2010 16:45:45
682977,2012.REP.NOM.KASICH,John Kasich to be Republican Presidential Nominee in 2012,3,0.2,Feb/15/2010 09:59:08
682977,2012.REP.NOM.KASICH,John Kasich to be Republican Presidential Nominee in 2012,2,0.2,Feb/15/2010 09:59:14
682977,2012.REP.NOM.KASICH,John Kasich to be Republican Presidential Nominee in 2012,3,0.2,Feb/15/2010 09:59:23
682977,2012.REP.NOM.KASICH,John Kasich to be Republican Presidential Nominee in 2012,5,0.2,Feb/15/2010 09:59:28
682977,2012.REP.NOM.KASICH,John Kasich to be Republican Presidential Nominee in 2012,8,0.2,Feb/15/2010 11:58:22
682977,2012.REP.NOM.KASICH,John Kasich to be Republican Presidential Nominee in 2012,8,0.2,Feb/15/2010 11:58:29
682977,2012.REP.NOM.KASICH,John Kasich to be Republican Presidential Nominee in 2012,11,0.1,Feb/15/2010 11:58:37
682977,2012.REP.NOM.KASICH,John Kasich to be Republican Presidential Nominee in 2012,11,0.1,Feb/15/2010 11:58:42
682977,2012.REP.NOM.KASICH,John Kasich to be Republican Presidential Nominee in 2012,4,0.1,Feb/15/2010 11:58:47
682977,2012.REP.NOM.KASICH,John Kasich to be Republican Presidential Nominee in 2012,3,0.1,Feb/15/2010 11:58:54
682977,2012.REP.NOM.KASICH,John Kasich to be Republican Presidential Nominee in 2012,2,0.1,Feb/15/2010 11:58:59
682977,2012.REP.NOM.KASICH,John Kasich to be Republican Presidential Nominee in 2012,1,0.1,Feb/15/2010 11:59:04
682977,2012.REP.NOM.KASICH,John Kasich to be Republican Presidential Nominee in 2012,1,0.1,Feb/15/2010 11:59:09
682977,2012.REP.NOM.KASICH,John Kasich to be Republican Presidential Nominee in 2012,1,0.1,Feb/15/2010 11:59:14
682977,2012.REP.NOM.KASICH,John Kasich to be Republican Presidential Nominee in 2012,1,0.1,Feb/15/2010 11:59:20
682977,2012.REP.NOM.KASICH,John Kasich to be Republican Presidential Nominee in 2012,2,0.1,Feb/15/2010 11:59:27
682977,2012.REP.NOM.KASICH,John Kasich to be Republican Presidential Nominee in 2012,1,0.1,Feb/15/2010 11:59:32
682977,2012.REP.NOM.KASICH,John Kasich to be Republican Presidential Nominee in 2012,4,0.1,Feb/15/2010 11:59:32
682977,2012.REP.NOM.KASICH,John Kasich to be Republican Presidential Nominee in 2012,1,0.1,Feb/15/2010 11:59:38
682977,2012.REP.NOM.KASICH,John Kasich to be Republican Presidential Nominee in 2012,1,0.1,Feb/15/2010 11:59:42
682977,2012.REP.NOM.KASICH,John Kasich to be Republican Presidential Nominee in 2012,1,0.1,Feb/15/2010 11:59:47
682977,2012.REP.NOM.KASICH,John Kasich to be Republican Presidential Nominee in 2012,1,0.1,Feb/15/2010 11:59:54
682977,2012.REP.NOM.KASICH,John Kasich to be Republican Presidential Nominee in 2012,1,0.1,Feb/15/2010 12:00:00
682977,2012.REP.NOM.KASICH,John Kasich to be Republican Presidential Nominee in 2012,2,0.1,Feb/15/2010 12:00:04
682977,2012.REP.NOM.KASICH,John Kasich to be Republican Presidential Nominee in 2012,1,0.1,Feb/15/2010 12:00:11
682977,2012.REP.NOM.KASICH,John Kasich to be Republican Presidential Nominee in 2012,1,0.1,Feb/17/2010 14:25:01
682977,2012.REP.NOM.KASICH,John Kasich to be Republican Presidential Nominee in 2012,1,0.1,Feb/17/2010 14:25:07
682977,2012.REP.NOM.KASICH,John Kasich to be Republican Presidential Nominee in 2012,1,0.1,Feb/17/2010 14:25:12
682977,2012.REP.NOM.KASICH,John Kasich to be Republican Presidential Nominee in 2012,2,0.1,Feb/17/2010 14:25:18
682977,2012.REP.NOM.KASICH,John Kasich to be Republican Presidential Nominee in 2012,1,0.1,Feb/19/2010 17:58:35
682977,2012.REP.NOM.KASICH,John Kasich to be Republican Presidential Nominee in 2012,1,0.1,Feb/19/2010 18:00:06
682977,2012.REP.NOM.KASICH,John Kasich to be Republican Presidential Nominee in 2012,1,0.1,Feb/19/2010 18:00:17
682977,2012.REP.NOM.KASICH,John Kasich to be Republican Presidential Nominee in 2012,1,0.1,Feb/19/2010 18:00:25
682977,2012.REP.NOM.KASICH,John Kasich to be Republican Presidential Nominee in 2012,1,0.1,Feb/19/2010 18:00:31
682977,2012.REP.NOM.KASICH,John Kasich to be Republican Presidential Nominee in 2012,1,0.1,Feb/19/2010 18:00:37
682977,2012.REP.NOM.KASICH,John Kasich to be Republican Presidential Nominee in 2012,1,0.1,Feb/19/2010 18:00:45
682977,2012.REP.NOM.KASICH,John Kasich to be Republican Presidential Nominee in 2012,1,0.1,Feb/19/2010 18:01:08
682977,2012.REP.NOM.KASICH,John Kasich to be Republican Presidential Nominee in 2012,3,0.1,Feb/19/2010 18:01:14
682977,2012.REP.NOM.KASICH,John Kasich to be Republican Presidential Nominee in 2012,1,0.1,Feb/19/2010 18:01:21
682977,2012.REP.NOM.KASICH,John Kasich to be Republican Presidential Nominee in 2012,1,0.1,Feb/19/2010 18:01:28
682977,2012.REP.NOM.KASICH,John Kasich to be Republican Presidential Nominee in 2012,1,0.2,Feb/19/2010 18:11:22
682977,2012.REP.NOM.KASICH,John Kasich to be Republican Presidential Nominee in 2012,1,0.2,Feb/24/2010 11:35:13
682977,2012.REP.NOM.KASICH,John Kasich to be Republican Presidential Nominee in 2012,1,0.2,Feb/24/2010 11:35:21
682977,2012.REP.NOM.KASICH,John Kasich to be Republican Presidential Nominee in 2012,1,0.2,Feb/24/2010 11:35:26
682977,2012.REP.NOM.KASICH,John Kasich to be Republican Presidential Nominee in 2012,1,0.2,Feb/24/2010 11:35:33
682977,2012.REP.NOM.KASICH,John Kasich to be Republican Presidential Nominee in 2012,1,0.2,Feb/24/2010 11:35:38
682977,2012.REP.NOM.KASICH,John Kasich to be Republican Presidential Nominee in 2012,2,0.2,Feb/24/2010 11:35:43
682977,2012.REP.NOM.KASICH,John Kasich to be Republican Presidential Nominee in 2012,1,0.2,Feb/24/2010 11:35:48
682977,2012.REP.NOM.KASICH,John Kasich to be Republican Presidential Nominee in 2012,1,0.2,Feb/24/2010 11:35:53
682977,2012.REP.NOM.KASICH,John Kasich to be Republican Presidential Nominee in 2012,1,0.2,Feb/24/2010 11:35:58
682977,2012.REP.NOM.KASICH,John Kasich to be Republican Presidential Nominee in 2012,1,0.2,Feb/24/2010 11:36:03
682977,2012.REP.NOM.KASICH,John Kasich to be Republican Presidential Nominee in 2012,1,0.2,Feb/24/2010 11:36:09
682977,2012.REP.NOM.KASICH,John Kasich to be Republican Presidential Nominee in 2012,1,0.2,Feb/24/2010 11:36:15
682977,2012.REP.NOM.KASICH,John Kasich to be Republican Presidential Nominee in 2012,6,0.2,Feb/24/2010 11:36:21
682977,2012.REP.NOM.KASICH,John Kasich to be Republican Presidential Nominee in 2012,1,0.2,Feb/24/2010 11:36:26
682977,2012.REP.NOM.KASICH,John Kasich to be Republican Presidential Nominee in 2012,1,0.2,Feb/24/2010 11:36:31
682977,2012.REP.NOM.KASICH,John Kasich to be Republican Presidential Nominee in 2012,3,0.2,Feb/24/2010 11:36:38
682977,2012.REP.NOM.KASICH,John Kasich to be Republican Presidential Nominee in 2012,3,0.2,Feb/24/2010 11:36:52
682977,2012.REP.NOM.KASICH,John Kasich to be Republican Presidential Nominee in 2012,2,0.2,Feb/24/2010 11:37:00
682977,2012.REP.NOM.KASICH,John Kasich to be Republican Presidential Nominee in 2012,1,0.2,Feb/24/2010 11:37:05
682977,2012.REP.NOM.KASICH,John Kasich to be Republican Presidential Nominee in 2012,1,0.2,Feb/24/2010 11:37:10
682977,2012.REP.NOM.KASICH,John Kasich to be Republican Presidential Nominee in 2012,2,0.2,Feb/24/2010 11:37:16
682977,2012.REP.NOM.KASICH,John Kasich to be Republican Presidential Nominee in 2012,3,0.2,Feb/24/2010 11:37:32
682977,2012.REP.NOM.KASICH,John Kasich to be Republican Presidential Nominee in 2012,4,0.2,Feb/24/2010 11:37:38
682977,2012.REP.NOM.KASICH,John Kasich to be Republican Presidential Nominee in 2012,1,0.2,Feb/24/2010 11:37:44
682977,2012.REP.NOM.KASICH,John Kasich to be Republican Presidential Nominee in 2012,1,0.2,Feb/24/2010 11:37:51
682977,2012.REP.NOM.KASICH,John Kasich to be Republican Presidential Nominee in 2012,3,0.2,Feb/24/2010 11:38:07
682977,2012.REP.NOM.KASICH,John Kasich to be Republican Presidential Nominee in 2012,4,0.2,Feb/24/2010 11:38:15
682977,2012.REP.NOM.KASICH,John Kasich to be Republican Presidential Nominee in 2012,1,0.1,Feb/24/2010 16:58:16
682977,2012.REP.NOM.KASICH,John Kasich to be Republican Presidential Nominee in 2012,2,0.1,Feb/24/2010 16:58:51
682977,2012.REP.NOM.KASICH,John Kasich to be Republican Presidential Nominee in 2012,2,0.1,Feb/24/2010 16:59:06
682977,2012.REP.NOM.KASICH,John Kasich to be Republican Presidential Nominee in 2012,1,0.1,Mar/01/2010 06:00:50
682977,2012.REP.NOM.KASICH,John Kasich to be Republican Presidential Nominee in 2012,1,0.1,Mar/01/2010 06:00:55
682977,2012.REP.NOM.KASICH,John Kasich to be Republican Presidential Nominee in 2012,1,0.1,Mar/01/2010 06:02:22
682977,2012.REP.NOM.KASICH,John Kasich to be Republican Presidential Nominee in 2012,1,0.1,Mar/01/2010 06:02:28
682977,2012.REP.NOM.KASICH,John Kasich to be Republican Presidential Nominee in 2012,1,0.1,Mar/01/2010 06:02:34
682977,2012.REP.NOM.KASICH,John Kasich to be Republican Presidential Nominee in 2012,1,0.1,Mar/01/2010 06:02:43
682977,2012.REP.NOM.KASICH,John Kasich to be Republican Presidential Nominee in 2012,1,0.1,Mar/01/2010 06:02:49
682977,2012.REP.NOM.KASICH,John Kasich to be Republican Presidential Nominee in 2012,1,0.2,Mar/01/2010 18:06:34
682977,2012.REP.NOM.KASICH,John Kasich to be Republican Presidential Nominee in 2012,5,0.4,Mar/01/2010 18:06:34
682977,2012.REP.NOM.KASICH,John Kasich to be Republican Presidential Nominee in 2012,5,0.3,Mar/01/2010 18:06:34
682977,2012.REP.NOM.KASICH,John Kasich to be Republican Presidential Nominee in 2012,1,0.2,Mar/04/2010 07:34:23
682977,2012.REP.NOM.KASICH,John Kasich to be Republican Presidential Nominee in 2012,1,0.2,Mar/04/2010 07:35:27
682977,2012.REP.NOM.KASICH,John Kasich to be Republican Presidential Nominee in 2012,1,0.2,Mar/04/2010 07:35:34
682977,2012.REP.NOM.KASICH,John Kasich to be Republican Presidential Nominee in 2012,1,0.2,Mar/04/2010 07:35:40
682977,2012.REP.NOM.KASICH,John Kasich to be Republican Presidential Nominee in 2012,1,0.2,Mar/04/2010 07:36:01
682977,2012.REP.NOM.KASICH,John Kasich to be Republican Presidential Nominee in 2012,1,0.2,Mar/04/2010 07:36:06
682977,2012.REP.NOM.KASICH,John Kasich to be Republican Presidential Nominee in 2012,1,0.2,Mar/04/2010 07:36:12
682977,2012.REP.NOM.KASICH,John Kasich to be Republican Presidential Nominee in 2012,1,0.2,Mar/04/2010 07:36:19
682977,2012.REP.NOM.KASICH,John Kasich to be Republican Presidential Nominee in 2012,2,0.2,Mar/04/2010 07:36:26
682977,2012.REP.NOM.KASICH,John Kasich to be Republican Presidential Nominee in 2012,2,0.2,Mar/04/2010 07:36:32
682977,2012.REP.NOM.KASICH,John Kasich to be Republican Presidential Nominee in 2012,1,0.2,Mar/04/2010 07:36:44
682977,2012.REP.NOM.KASICH,John Kasich to be Republican Presidential Nominee in 2012,1,0.2,Mar/04/2010 07:36:49
682977,2012.REP.NOM.KASICH,John Kasich to be Republican Presidential Nominee in 2012,2,0.1,Mar/04/2010 07:36:55
682977,2012.REP.NOM.KASICH,John Kasich to be Republican Presidential Nominee in 2012,1,0.1,Mar/04/2010 07:37:02
682977,2012.REP.NOM.KASICH,John Kasich to be Republican Presidential Nominee in 2012,3,0.1,Mar/04/2010 07:37:10
682977,2012.REP.NOM.KASICH,John Kasich to be Republican Presidential Nominee in 2012,2,0.1,Mar/04/2010 07:37:16
682977,2012.REP.NOM.KASICH,John Kasich to be Republican Presidential Nominee in 2012,2,0.1,Mar/04/2010 07:37:22
682977,2012.REP.NOM.KASICH,John Kasich to be Republican Presidential Nominee in 2012,1,0.1,Mar/04/2010 07:37:28
682977,2012.REP.NOM.KASICH,John Kasich to be Republican Presidential Nominee in 2012,1,0.1,Mar/04/2010 07:37:35
682977,2012.REP.NOM.KASICH,John Kasich to be Republican Presidential Nominee in 2012,1,0.1,Mar/04/2010 07:37:43
682977,2012.REP.NOM.KASICH,John Kasich to be Republican Presidential Nominee in 2012,1,0.1,Mar/04/2010 07:37:49
682977,2012.REP.NOM.KASICH,John Kasich to be Republican Presidential Nominee in 2012,2,0.1,Mar/04/2010 07:37:54
682977,2012.REP.NOM.KASICH,John Kasich to be Republican Presidential Nominee in 2012,2,0.1,Mar/04/2010 07:38:00
682977,2012.REP.NOM.KASICH,John Kasich to be Republican Presidential Nominee in 2012,3,0.1,Mar/04/2010 07:38:10
682977,2012.REP.NOM.KASICH,John Kasich to be Republican Presidential Nominee in 2012,2,0.1,Mar/04/2010 07:38:20
682977,2012.REP.NOM.KASICH,John Kasich to be Republican Presidential Nominee in 2012,2,0.1,Mar/04/2010 07:38:26
682977,2012.REP.NOM.KASICH,John Kasich to be Republican Presidential Nominee in 2012,2,0.1,Mar/04/2010 07:38:37
682977,2012.REP.NOM.KASICH,John Kasich to be Republican Presidential Nominee in 2012,2,0.1,Mar/04/2010 07:38:44
682977,2012.REP.NOM.KASICH,John Kasich to be Republican Presidential Nominee in 2012,2,0.1,Mar/04/2010 07:38:49
682977,2012.REP.NOM.KASICH,John Kasich to be Republican Presidential Nominee in 2012,2,0.1,Mar/04/2010 07:38:56
682977,2012.REP.NOM.KASICH,John Kasich to be Republican Presidential Nominee in 2012,1,0.1,Mar/04/2010 07:39:04
682977,2012.REP.NOM.KASICH,John Kasich to be Republican Presidential Nominee in 2012,5,0.5,Mar/04/2010 21:01:32
682977,2012.REP.NOM.KASICH,John Kasich to be Republican Presidential Nominee in 2012,10,0.2,Mar/04/2010 21:01:32
682977,2012.REP.NOM.KASICH,John Kasich to be Republican Presidential Nominee in 2012,10,0.3,Mar/04/2010 21:01:32
682977,2012.REP.NOM.KASICH,John Kasich to be Republican Presidential Nominee in 2012,10,0.4,Mar/04/2010 21:01:32
682977,2012.REP.NOM.KASICH,John Kasich to be Republican Presidential Nominee in 2012,1,0.2,Mar/05/2010 14:51:16
682977,2012.REP.NOM.KASICH,John Kasich to be Republican Presidential Nominee in 2012,1,0.2,Mar/05/2010 14:51:23
682977,2012.REP.NOM.KASICH,John Kasich to be Republican Presidential Nominee in 2012,2,0.2,Mar/05/2010 14:51:27
682977,2012.REP.NOM.KASICH,John Kasich to be Republican Presidential Nominee in 2012,3,0.2,Mar/05/2010 14:51:33
682977,2012.REP.NOM.KASICH,John Kasich to be Republican Presidential Nominee in 2012,1,0.2,Mar/05/2010 14:51:39
682977,2012.REP.NOM.KASICH,John Kasich to be Republican Presidential Nominee in 2012,1,0.2,Mar/05/2010 14:51:45
682977,2012.REP.NOM.KASICH,John Kasich to be Republican Presidential Nominee in 2012,1,0.1,Mar/05/2010 14:51:50
682977,2012.REP.NOM.KASICH,John Kasich to be Republican Presidential Nominee in 2012,1,0.1,Mar/05/2010 14:51:57
682977,2012.REP.NOM.KASICH,John Kasich to be Republican Presidential Nominee in 2012,1,0.1,Mar/05/2010 14:52:03
682977,2012.REP.NOM.KASICH,John Kasich to be Republican Presidential Nominee in 2012,1,0.1,Mar/05/2010 14:52:09
682977,2012.REP.NOM.KASICH,John Kasich to be Republican Presidential Nominee in 2012,1,0.1,Mar/05/2010 14:52:14
682977,2012.REP.NOM.KASICH,John Kasich to be Republican Presidential Nominee in 2012,1,0.1,Mar/05/2010 14:52:21
682977,2012.REP.NOM.KASICH,John Kasich to be Republican Presidential Nominee in 2012,2,0.1,Mar/05/2010 14:52:26
682977,2012.REP.NOM.KASICH,John Kasich to be Republican Presidential Nominee in 2012,1,0.1,Mar/05/2010 14:52:31
682977,2012.REP.NOM.KASICH,John Kasich to be Republican Presidential Nominee in 2012,1,0.1,Mar/05/2010 14:52:37
682977,2012.REP.NOM.KASICH,John Kasich to be Republican Presidential Nominee in 2012,2,0.1,Mar/05/2010 14:52:42
682977,2012.REP.NOM.KASICH,John Kasich to be Republican Presidential Nominee in 2012,1,0.2,Mar/08/2010 05:45:28
682977,2012.REP.NOM.KASICH,John Kasich to be Republican Presidential Nominee in 2012,1,0.2,Mar/08/2010 05:45:33
682977,2012.REP.NOM.KASICH,John Kasich to be Republican Presidential Nominee in 2012,1,0.2,Mar/08/2010 05:45:38
682977,2012.REP.NOM.KASICH,John Kasich to be Republican Presidential Nominee in 2012,1,0.2,Mar/08/2010 05:45:45
682977,2012.REP.NOM.KASICH,John Kasich to be Republican Presidential Nominee in 2012,1,0.2,Mar/08/2010 05:45:49
682977,2012.REP.NOM.KASICH,John Kasich to be Republican Presidential Nominee in 2012,1,0.2,Mar/08/2010 05:45:53
682977,2012.REP.NOM.KASICH,John Kasich to be Republican Presidential Nominee in 2012,1,0.2,Mar/08/2010 05:46:13
682977,2012.REP.NOM.KASICH,John Kasich to be Republican Presidential Nominee in 2012,2,0.2,Mar/08/2010 05:46:22
682977,2012.REP.NOM.KASICH,John Kasich to be Republican Presidential Nominee in 2012,1,0.2,Mar/08/2010 05:46:30
682977,2012.REP.NOM.KASICH,John Kasich to be Republican Presidential Nominee in 2012,1,0.2,Mar/08/2010 05:46:49
682977,2012.REP.NOM.KASICH,John Kasich to be Republican Presidential Nominee in 2012,1,0.2,Mar/08/2010 05:46:54
682977,2012.REP.NOM.KASICH,John Kasich to be Republican Presidential Nominee in 2012,1,0.2,Mar/08/2010 05:46:59
682977,2012.REP.NOM.KASICH,John Kasich to be Republican Presidential Nominee in 2012,1,0.2,Mar/08/2010 05:47:03
682977,2012.REP.NOM.KASICH,John Kasich to be Republican Presidential Nominee in 2012,1,0.2,Mar/08/2010 05:47:16
682977,2012.REP.NOM.KASICH,John Kasich to be Republican Presidential Nominee in 2012,1,0.2,Mar/08/2010 05:47:25
682977,2012.REP.NOM.KASICH,John Kasich to be Republican Presidential Nominee in 2012,1,0.2,Mar/08/2010 05:47:30
682977,2012.REP.NOM.KASICH,John Kasich to be Republican Presidential Nominee in 2012,1,0.2,Mar/08/2010 05:47:38
682977,2012.REP.NOM.KASICH,John Kasich to be Republican Presidential Nominee in 2012,1,0.2,Mar/08/2010 05:47:44
682977,2012.REP.NOM.KASICH,John Kasich to be Republican Presidential Nominee in 2012,4,0.2,Mar/08/2010 05:47:50
682977,2012.REP.NOM.KASICH,John Kasich to be Republican Presidential Nominee in 2012,1,0.2,Mar/08/2010 05:48:11
682977,2012.REP.NOM.KASICH,John Kasich to be Republican Presidential Nominee in 2012,1,0.2,Mar/08/2010 05:48:19
682977,2012.REP.NOM.KASICH,John Kasich to be Republican Presidential Nominee in 2012,5,0.2,Mar/08/2010 05:48:26
682977,2012.REP.NOM.KASICH,John Kasich to be Republican Presidential Nominee in 2012,4,0.2,Mar/08/2010 05:48:38
682977,2012.REP.NOM.KASICH,John Kasich to be Republican Presidential Nominee in 2012,1,0.2,Mar/08/2010 05:48:48
682977,2012.REP.NOM.KASICH,John Kasich to be Republican Presidential Nominee in 2012,1,0.2,Mar/08/2010 05:48:56
682977,2012.REP.NOM.KASICH,John Kasich to be Republican Presidential Nominee in 2012,1,0.2,Mar/08/2010 05:49:04
682977,2012.REP.NOM.KASICH,John Kasich to be Republican Presidential Nominee in 2012,1,0.2,Mar/08/2010 05:49:13
682977,2012.REP.NOM.KASICH,John Kasich to be Republican Presidential Nominee in 2012,1,0.2,Mar/08/2010 05:49:22
682977,2012.REP.NOM.KASICH,John Kasich to be Republican Presidential Nominee in 2012,1,0.2,Mar/10/2010 07:41:54
682977,2012.REP.NOM.KASICH,John Kasich to be Republican Presidential Nominee in 2012,1,0.2,Mar/10/2010 07:42:02
682977,2012.REP.NOM.KASICH,John Kasich to be Republican Presidential Nominee in 2012,1,0.2,Mar/10/2010 07:42:09
682977,2012.REP.NOM.KASICH,John Kasich to be Republican Presidential Nominee in 2012,3,0.2,Mar/10/2010 07:42:14
682977,2012.REP.NOM.KASICH,John Kasich to be Republican Presidential Nominee in 2012,1,0.2,Mar/10/2010 07:42:39
682977,2012.REP.NOM.KASICH,John Kasich to be Republican Presidential Nominee in 2012,2,0.2,Mar/10/2010 07:42:48
682977,2012.REP.NOM.KASICH,John Kasich to be Republican Presidential Nominee in 2012,1,0.2,Mar/10/2010 07:42:54
682977,2012.REP.NOM.KASICH,John Kasich to be Republican Presidential Nominee in 2012,1,0.2,Mar/23/2010 06:56:34
682977,2012.REP.NOM.KASICH,John Kasich to be Republican Presidential Nominee in 2012,1,0.2,Mar/23/2010 06:56:42
682977,2012.REP.NOM.KASICH,John Kasich to be Republican Presidential Nominee in 2012,1,0.2,Mar/23/2010 06:56:50
682977,2012.REP.NOM.KASICH,John Kasich to be Republican Presidential Nominee in 2012,1,0.2,Mar/23/2010 06:57:12
682977,2012.REP.NOM.KASICH,John Kasich to be Republican Presidential Nominee in 2012,1,0.2,Mar/23/2010 06:57:21
682977,2012.REP.NOM.KASICH,John Kasich to be Republican Presidential Nominee in 2012,3,0.1,Mar/23/2010 06:57:31
682977,2012.REP.NOM.KASICH,John Kasich to be Republican Presidential Nominee in 2012,1,0.1,Mar/23/2010 06:57:45
682977,2012.REP.NOM.KASICH,John Kasich to be Republican Presidential Nominee in 2012,1,0.1,Mar/23/2010 06:57:51
682977,2012.REP.NOM.KASICH,John Kasich to be Republican Presidential Nominee in 2012,1,0.1,Mar/23/2010 06:58:04
682977,2012.REP.NOM.KASICH,John Kasich to be Republican Presidential Nominee in 2012,1,0.1,Mar/23/2010 06:58:17
682977,2012.REP.NOM.KASICH,John Kasich to be Republican Presidential Nominee in 2012,1,0.1,Mar/23/2010 06:58:25
682977,2012.REP.NOM.KASICH,John Kasich to be Republican Presidential Nominee in 2012,1,0.1,Mar/23/2010 06:58:32
682977,2012.REP.NOM.KASICH,John Kasich to be Republican Presidential Nominee in 2012,1,0.1,Mar/23/2010 06:58:39
682977,2012.REP.NOM.KASICH,John Kasich to be Republican Presidential Nominee in 2012,1,0.1,Mar/23/2010 06:58:47
682977,2012.REP.NOM.KASICH,John Kasich to be Republican Presidential Nominee in 2012,4,0.1,Mar/23/2010 06:58:55
682977,2012.REP.NOM.KASICH,John Kasich to be Republican Presidential Nominee in 2012,2,0.1,Mar/23/2010 06:59:03
682977,2012.REP.NOM.KASICH,John Kasich to be Republican Presidential Nominee in 2012,1,0.1,Mar/25/2010 22:40:56
682977,2012.REP.NOM.KASICH,John Kasich to be Republican Presidential Nominee in 2012,1,0.1,Mar/25/2010 22:41:01
682977,2012.REP.NOM.KASICH,John Kasich to be Republican Presidential Nominee in 2012,3,0.1,Mar/25/2010 22:41:19
682977,2012.REP.NOM.KASICH,John Kasich to be Republican Presidential Nominee in 2012,2,0.1,Mar/25/2010 22:41:27
682977,2012.REP.NOM.KASICH,John Kasich to be Republican Presidential Nominee in 2012,1,0.1,Mar/25/2010 22:41:34
682977,2012.REP.NOM.KASICH,John Kasich to be Republican Presidential Nominee in 2012,2,0.1,Mar/25/2010 22:41:40
682977,2012.REP.NOM.KASICH,John Kasich to be Republican Presidential Nominee in 2012,1,0.1,Mar/25/2010 22:42:05
682977,2012.REP.NOM.KASICH,John Kasich to be Republican Presidential Nominee in 2012,2,0.1,Mar/25/2010 22:42:12
682977,2012.REP.NOM.KASICH,John Kasich to be Republican Presidential Nominee in 2012,2,0.1,Mar/25/2010 22:42:18
682977,2012.REP.NOM.KASICH,John Kasich to be Republican Presidential Nominee in 2012,1,0.1,Mar/25/2010 22:42:26
682977,2012.REP.NOM.KASICH,John Kasich to be Republican Presidential Nominee in 2012,1,0.1,Mar/25/2010 22:42:33
682977,2012.REP.NOM.KASICH,John Kasich to be Republican Presidential Nominee in 2012,1,0.1,Mar/25/2010 22:42:40
682977,2012.REP.NOM.KASICH,John Kasich to be Republican Presidential Nominee in 2012,1,0.1,Mar/25/2010 22:42:47
682977,2012.REP.NOM.KASICH,John Kasich to be Republican Presidential Nominee in 2012,1,0.1,Mar/25/2010 22:42:55
682977,2012.REP.NOM.KASICH,John Kasich to be Republican Presidential Nominee in 2012,1,0.1,Mar/25/2010 22:43:02
682977,2012.REP.NOM.KASICH,John Kasich to be Republican Presidential Nominee in 2012,1,0.1,Mar/25/2010 22:43:09
682977,2012.REP.NOM.KASICH,John Kasich to be Republican Presidential Nominee in 2012,1,0.1,Mar/25/2010 22:43:16
682977,2012.REP.NOM.KASICH,John Kasich to be Republican Presidential Nominee in 2012,1,0.1,Mar/25/2010 22:43:24
682977,2012.REP.NOM.KASICH,John Kasich to be Republican Presidential Nominee in 2012,1,0.1,Mar/25/2010 22:43:31
682977,2012.REP.NOM.KASICH,John Kasich to be Republican Presidential Nominee in 2012,1,0.1,Mar/25/2010 22:43:39
682977,2012.REP.NOM.KASICH,John Kasich to be Republican Presidential Nominee in 2012,1,0.1,Mar/25/2010 22:43:47
682977,2012.REP.NOM.KASICH,John Kasich to be Republican Presidential Nominee in 2012,8,0.3,Mar/28/2010 05:11:52
682977,2012.REP.NOM.KASICH,John Kasich to be Republican Presidential Nominee in 2012,1,0.3,May/17/2010 10:08:12
682977,2012.REP.NOM.KASICH,John Kasich to be Republican Presidential Nominee in 2012,1,0.3,May/17/2010 10:09:33
682977,2012.REP.NOM.KASICH,John Kasich to be Republican Presidential Nominee in 2012,1,0.2,May/17/2010 10:10:09
682977,2012.REP.NOM.KASICH,John Kasich to be Republican Presidential Nominee in 2012,1,0.2,May/17/2010 10:10:24
682977,2012.REP.NOM.KASICH,John Kasich to be Republican Presidential Nominee in 2012,1,0.2,May/17/2010 10:10:36
682977,2012.REP.NOM.KASICH,John Kasich to be Republican Presidential Nominee in 2012,1,0.2,May/17/2010 10:10:45
682977,2012.REP.NOM.KASICH,John Kasich to be Republican Presidential Nominee in 2012,1,0.2,May/17/2010 10:10:57
682977,2012.REP.NOM.KASICH,John Kasich to be Republican Presidential Nominee in 2012,1,0.2,May/17/2010 10:11:07
682977,2012.REP.NOM.KASICH,John Kasich to be Republican Presidential Nominee in 2012,2,0.2,May/17/2010 10:11:15
682977,2012.REP.NOM.KASICH,John Kasich to be Republican Presidential Nominee in 2012,1,0.2,May/17/2010 10:11:24
682977,2012.REP.NOM.KASICH,John Kasich to be Republican Presidential Nominee in 2012,1,0.2,May/17/2010 10:11:33
682977,2012.REP.NOM.KASICH,John Kasich to be Republican Presidential Nominee in 2012,1,0.1,May/17/2010 10:11:42
682977,2012.REP.NOM.KASICH,John Kasich to be Republican Presidential Nominee in 2012,3,0.1,May/17/2010 10:11:51
682977,2012.REP.NOM.KASICH,John Kasich to be Republican Presidential Nominee in 2012,1,0.1,May/17/2010 10:12:45
682977,2012.REP.NOM.KASICH,John Kasich to be Republican Presidential Nominee in 2012,1,0.1,May/17/2010 10:13:03
682977,2012.REP.NOM.KASICH,John Kasich to be Republican Presidential Nominee in 2012,1,0.1,May/17/2010 10:13:16
682977,2012.REP.NOM.KASICH,John Kasich to be Republican Presidential Nominee in 2012,1,0.1,May/17/2010 10:13:26
682977,2012.REP.NOM.KASICH,John Kasich to be Republican Presidential Nominee in 2012,1,0.1,May/17/2010 10:13:31
682977,2012.REP.NOM.KASICH,John Kasich to be Republican Presidential Nominee in 2012,1,0.1,May/17/2010 10:13:36
682977,2012.REP.NOM.KASICH,John Kasich to be Republican Presidential Nominee in 2012,1,0.1,May/17/2010 10:13:41
682977,2012.REP.NOM.KASICH,John Kasich to be Republican Presidential Nominee in 2012,1,0.1,May/17/2010 10:13:53
682977,2012.REP.NOM.KASICH,John Kasich to be Republican Presidential Nominee in 2012,1,0.1,May/17/2010 10:14:04
682977,2012.REP.NOM.KASICH,John Kasich to be Republican Presidential Nominee in 2012,1,0.1,May/17/2010 10:14:13
682977,2012.REP.NOM.KASICH,John Kasich to be Republican Presidential Nominee in 2012,2,0.1,May/17/2010 10:14:23
682977,2012.REP.NOM.KASICH,John Kasich to be Republican Presidential Nominee in 2012,1,0.1,May/17/2010 10:14:30
682977,2012.REP.NOM.KASICH,John Kasich to be Republican Presidential Nominee in 2012,1,0.1,May/17/2010 10:14:41
682977,2012.REP.NOM.KASICH,John Kasich to be Republican Presidential Nominee in 2012,1,0.1,May/17/2010 10:14:50
682977,2012.REP.NOM.KASICH,John Kasich to be Republican Presidential Nominee in 2012,2,0.1,May/17/2010 10:14:59
682977,2012.REP.NOM.KASICH,John Kasich to be Republican Presidential Nominee in 2012,1,0.1,May/17/2010 10:15:09
682977,2012.REP.NOM.KASICH,John Kasich to be Republican Presidential Nominee in 2012,1,0.1,May/17/2010 10:15:17
682977,2012.REP.NOM.KASICH,John Kasich to be Republican Presidential Nominee in 2012,1,0.1,May/17/2010 10:15:27
682977,2012.REP.NOM.KASICH,John Kasich to be Republican Presidential Nominee in 2012,1,0.1,May/17/2010 10:15:38
682977,2012.REP.NOM.KASICH,John Kasich to be Republican Presidential Nominee in 2012,1,0.1,May/17/2010 10:15:48
682977,2012.REP.NOM.KASICH,John Kasich to be Republican Presidential Nominee in 2012,50,0.1,May/27/2010 11:27:07
682977,2012.REP.NOM.KASICH,John Kasich to be Republican Presidential Nominee in 2012,19,0.1,May/28/2010 12:32:47
682977,2012.REP.NOM.KASICH,John Kasich to be Republican Presidential Nominee in 2012,5,0.1,May/28/2010 12:32:47
682977,2012.REP.NOM.KASICH,John Kasich to be Republican Presidential Nominee in 2012,20,0.1,Jun/01/2010 17:35:51
682977,2012.REP.NOM.KASICH,John Kasich to be Republican Presidential Nominee in 2012,4,0.1,Jun/01/2010 20:39:59
682977,2012.REP.NOM.KASICH,John Kasich to be Republican Presidential Nominee in 2012,1,0.1,Jun/02/2010 10:26:01
682977,2012.REP.NOM.KASICH,John Kasich to be Republican Presidential Nominee in 2012,5,0.1,Jun/03/2010 12:27:36
682977,2012.REP.NOM.KASICH,John Kasich to be Republican Presidential Nominee in 2012,2,0.1,Jun/03/2010 20:17:06
682977,2012.REP.NOM.KASICH,John Kasich to be Republican Presidential Nominee in 2012,31,0.1,Jun/04/2010 10:36:03
682977,2012.REP.NOM.KASICH,John Kasich to be Republican Presidential Nominee in 2012,18,0.1,Jun/04/2010 21:46:22
682977,2012.REP.NOM.KASICH,John Kasich to be Republican Presidential Nominee in 2012,2,0.1,Jun/04/2010 21:46:22
682977,2012.REP.NOM.KASICH,John Kasich to be Republican Presidential Nominee in 2012,20,0.1,Jun/04/2010 22:55:46
682977,2012.REP.NOM.KASICH,John Kasich to be Republican Presidential Nominee in 2012,8,0.1,Jun/09/2010 20:22:32
682977,2012.REP.NOM.KASICH,John Kasich to be Republican Presidential Nominee in 2012,1,0.1,Jun/11/2010 09:56:15
682977,2012.REP.NOM.KASICH,John Kasich to be Republican Presidential Nominee in 2012,22,0.1,Jun/29/2010 10:47:22
682977,2012.REP.NOM.KASICH,John Kasich to be Republican Presidential Nominee in 2012,8,0.1,Jun/29/2010 10:47:41
682977,2012.REP.NOM.KASICH,John Kasich to be Republican Presidential Nominee in 2012,39,0.1,Jul/12/2010 06:43:04
682977,2012.REP.NOM.KASICH,John Kasich to be Republican Presidential Nominee in 2012,28,0.1,Jul/12/2010 06:43:04
682977,2012.REP.NOM.KASICH,John Kasich to be Republican Presidential Nominee in 2012,18,0.1,Jul/12/2010 21:16:43
682977,2012.REP.NOM.KASICH,John Kasich to be Republican Presidential Nominee in 2012,3,0.1,Jul/12/2010 21:16:54
682977,2012.REP.NOM.KASICH,John Kasich to be Republican Presidential Nominee in 2012,2,0.1,Jul/13/2010 05:45:27
682977,2012.REP.NOM.KASICH,John Kasich to be Republican Presidential Nominee in 2012,39,0.1,Jul/13/2010 19:28:18
682977,2012.REP.NOM.KASICH,John Kasich to be Republican Presidential Nominee in 2012,100,0.1,Jul/17/2010 19:13:30
682977,2012.REP.NOM.KASICH,John Kasich to be Republican Presidential Nominee in 2012,7,0.1,Nov/15/2010 17:45:25
682977,2012.REP.NOM.KASICH,John Kasich to be Republican Presidential Nominee in 2012,100,0.1,Nov/16/2010 06:57:04
682977,2012.REP.NOM.KASICH,John Kasich to be Republican Presidential Nominee in 2012,10,0.1,Dec/29/2010 14:06:40
682977,2012.REP.NOM.KASICH,John Kasich to be Republican Presidential Nominee in 2012,12,0.1,Dec/29/2010 22:45:56
682977,2012.REP.NOM.KASICH,John Kasich to be Republican Presidential Nominee in 2012,168,0.1,Jan/01/2011 12:39:41
682977,2012.REP.NOM.KASICH,John Kasich to be Republican Presidential Nominee in 2012,45,0.1,Jan/05/2011 19:15:47
682977,2012.REP.NOM.KASICH,John Kasich to be Republican Presidential Nominee in 2012,10,0.1,Jan/05/2011 22:27:59
682977,2012.REP.NOM.KASICH,John Kasich to be Republican Presidential Nominee in 2012,15,0.1,Jan/06/2011 03:52:29
682977,2012.REP.NOM.KASICH,John Kasich to be Republican Presidential Nominee in 2012,10,0.1,Jan/06/2011 19:32:24
682977,2012.REP.NOM.KASICH,John Kasich to be Republican Presidential Nominee in 2012,20,0.1,Jan/06/2011 23:58:59
682977,2012.REP.NOM.KASICH,John Kasich to be Republican Presidential Nominee in 2012,10,0.1,Jan/23/2011 19:58:53
682977,2012.REP.NOM.KASICH,John Kasich to be Republican Presidential Nominee in 2012,65,0.1,Jan/23/2011 19:58:53
682977,2012.REP.NOM.KASICH,John Kasich to be Republican Presidential Nominee in 2012,60,0.1,Jan/23/2011 19:58:53
682977,2012.REP.NOM.KASICH,John Kasich to be Republican Presidential Nominee in 2012,5,0.1,Jan/23/2011 19:58:53
682977,2012.REP.NOM.KASICH,John Kasich to be Republican Presidential Nominee in 2012,60,0.1,Jan/23/2011 19:58:53
682977,2012.REP.NOM.KASICH,John Kasich to be Republican Presidential Nominee in 2012,140,0.1,Jan/25/2011 04:43:22
682977,2012.REP.NOM.KASICH,John Kasich to be Republican Presidential Nominee in 2012,110,0.1,Jan/25/2011 04:43:22
682977,2012.REP.NOM.KASICH,John Kasich to be Republican Presidential Nominee in 2012,140,0.1,Jan/25/2011 04:43:22
682977,2012.REP.NOM.KASICH,John Kasich to be Republican Presidential Nominee in 2012,90,0.1,Feb/15/2011 02:22:30
682977,2012.REP.NOM.KASICH,John Kasich to be Republican Presidential Nominee in 2012,10,0.1,Feb/15/2011 02:22:30
682977,2012.REP.NOM.KASICH,John Kasich to be Republican Presidential Nominee in 2012,20,0.1,Feb/20/2011 19:10:01
682977,2012.REP.NOM.KASICH,John Kasich to be Republican Presidential Nominee in 2012,30,0.1,Feb/20/2011 19:10:01
682977,2012.REP.NOM.KASICH,John Kasich to be Republican Presidential Nominee in 2012,1,0.1,Jun/01/2011 15:10:39
682977,2012.REP.NOM.KASICH,John Kasich to be Republican Presidential Nominee in 2012,1,0.1,Jun/16/2011 01:07:13
682977,2012.REP.NOM.KASICH,John Kasich to be Republican Presidential Nominee in 2012,1,0.1,Jun/16/2011 01:27:36
682977,2012.REP.NOM.KASICH,John Kasich to be Republican Presidential Nominee in 2012,20,0.1,Jul/04/2011 01:49:32
682977,2012.REP.NOM.KASICH,John Kasich to be Republican Presidential Nominee in 2012,5,0.1,Nov/27/2011 21:49:10
682977,2012.REP.NOM.KASICH,John Kasich to be Republican Presidential Nominee in 2012,550,0.1,Dec/03/2011 21:51:42
682977,2012.REP.NOM.KASICH,John Kasich to be Republican Presidential Nominee in 2012,450,0.1,Dec/03/2011 21:51:42
682977,2012.REP.NOM.KASICH,John Kasich to be Republican Presidential Nominee in 2012,100,0.1,Jan/21/2012 06:53:43
682977,2012.REP.NOM.KASICH,John Kasich to be Republican Presidential Nominee in 2012,1,0.1,Jan/21/2012 17:28:40
682977,2012.REP.NOM.KASICH,John Kasich to be Republican Presidential Nominee in 2012,500,0.1,Jan/21/2012 18:20:37
682977,2012.REP.NOM.KASICH,John Kasich to be Republican Presidential Nominee in 2012,400,0.1,Feb/09/2012 05:43:55
682977,2012.REP.NOM.KASICH,John Kasich to be Republican Presidential Nominee in 2012,2400,0.1,Feb/13/2012 02:38:48
682977,2012.REP.NOM.KASICH,John Kasich to be Republican Presidential Nominee in 2012,100,0.1,Feb/13/2012 14:55:08
682977,2012.REP.NOM.KASICH,John Kasich to be Republican Presidential Nominee in 2012,1049,0.1,Feb/14/2012 01:02:39
682977,2012.REP.NOM.KASICH,John Kasich to be Republican Presidential Nominee in 2012,951,0.1,Feb/14/2012 01:02:39
682977,2012.REP.NOM.KASICH,John Kasich to be Republican Presidential Nominee in 2012,178,0.1,Feb/15/2012 00:46:02
682977,2012.REP.NOM.KASICH,John Kasich to be Republican Presidential Nominee in 2012,20,0.1,Feb/15/2012 00:46:02
682977,2012.REP.NOM.KASICH,John Kasich to be Republican Presidential Nominee in 2012,302,0.1,Feb/15/2012 00:46:02
682977,2012.REP.NOM.KASICH,John Kasich to be Republican Presidential Nominee in 2012,500,0.1,Feb/15/2012 19:23:45
682977,2012.REP.NOM.KASICH,John Kasich to be Republican Presidential Nominee in 2012,5,0.1,Mar/07/2012 23:34:59
682977,2012.REP.NOM.KASICH,John Kasich to be Republican Presidential Nominee in 2012,5,0.1,Mar/07/2012 23:36:27
682977,2012.REP.NOM.KASICH,John Kasich to be Republican Presidential Nominee in 2012,5,0.1,Mar/07/2012 23:37:49
682977,2012.REP.NOM.KASICH,John Kasich to be Republican Presidential Nominee in 2012,5,0.1,Mar/11/2012 16:58:48
682977,2012.REP.NOM.KASICH,John Kasich to be Republican Presidential Nominee in 2012,178,0.1,Aug/10/2012 15:20:20
682977,2012.REP.NOM.KASICH,John Kasich to be Republican Presidential Nominee in 2012,822,0.1,Aug/10/2012 15:20:20
