market id,market symbol,market name,trade quantity,trade price,date/time [utc]
713090,2012.REP.NOM.DeMINT,Jim DeMint to be Republican Presidential Nominee in 2012,1,0.1,Feb/19/2010 17:58:35
713090,2012.REP.NOM.DeMINT,Jim DeMint to be Republican Presidential Nominee in 2012,1,0.1,Feb/19/2010 18:00:06
713090,2012.REP.NOM.DeMINT,Jim DeMint to be Republican Presidential Nominee in 2012,1,0.1,Feb/19/2010 18:00:17
713090,2012.REP.NOM.DeMINT,Jim DeMint to be Republican Presidential Nominee in 2012,1,0.1,Feb/19/2010 18:00:25
713090,2012.REP.NOM.DeMINT,Jim DeMint to be Republican Presidential Nominee in 2012,1,0.1,Feb/19/2010 18:00:31
713090,2012.REP.NOM.DeMINT,Jim DeMint to be Republican Presidential Nominee in 2012,1,0.1,Feb/19/2010 18:00:37
713090,2012.REP.NOM.DeMINT,Jim DeMint to be Republican Presidential Nominee in 2012,1,0.1,Feb/19/2010 18:00:45
713090,2012.REP.NOM.DeMINT,Jim DeMint to be Republican Presidential Nominee in 2012,1,0.1,Feb/19/2010 18:01:08
713090,2012.REP.NOM.DeMINT,Jim DeMint to be Republican Presidential Nominee in 2012,3,0.1,Feb/19/2010 18:01:14
713090,2012.REP.NOM.DeMINT,Jim DeMint to be Republican Presidential Nominee in 2012,1,0.1,Feb/19/2010 18:01:21
713090,2012.REP.NOM.DeMINT,Jim DeMint to be Republican Presidential Nominee in 2012,1,0.1,Feb/19/2010 18:01:28
713090,2012.REP.NOM.DeMINT,Jim DeMint to be Republican Presidential Nominee in 2012,2,0.1,Feb/19/2010 18:01:36
713090,2012.REP.NOM.DeMINT,Jim DeMint to be Republican Presidential Nominee in 2012,1,1.1,Feb/24/2010 11:35:13
713090,2012.REP.NOM.DeMINT,Jim DeMint to be Republican Presidential Nominee in 2012,1,1.0,Feb/24/2010 11:35:21
713090,2012.REP.NOM.DeMINT,Jim DeMint to be Republican Presidential Nominee in 2012,1,1.0,Feb/24/2010 11:35:26
713090,2012.REP.NOM.DeMINT,Jim DeMint to be Republican Presidential Nominee in 2012,1,1.0,Feb/24/2010 11:35:33
713090,2012.REP.NOM.DeMINT,Jim DeMint to be Republican Presidential Nominee in 2012,1,1.0,Feb/24/2010 11:35:38
713090,2012.REP.NOM.DeMINT,Jim DeMint to be Republican Presidential Nominee in 2012,2,1.0,Feb/24/2010 11:35:43
713090,2012.REP.NOM.DeMINT,Jim DeMint to be Republican Presidential Nominee in 2012,1,1.0,Feb/24/2010 11:35:48
713090,2012.REP.NOM.DeMINT,Jim DeMint to be Republican Presidential Nominee in 2012,1,1.0,Feb/24/2010 11:35:53
713090,2012.REP.NOM.DeMINT,Jim DeMint to be Republican Presidential Nominee in 2012,1,1.0,Feb/24/2010 11:35:58
713090,2012.REP.NOM.DeMINT,Jim DeMint to be Republican Presidential Nominee in 2012,1,1.0,Feb/24/2010 11:36:03
713090,2012.REP.NOM.DeMINT,Jim DeMint to be Republican Presidential Nominee in 2012,1,1.0,Feb/24/2010 11:36:09
713090,2012.REP.NOM.DeMINT,Jim DeMint to be Republican Presidential Nominee in 2012,1,1.0,Feb/24/2010 11:36:15
713090,2012.REP.NOM.DeMINT,Jim DeMint to be Republican Presidential Nominee in 2012,6,1.0,Feb/24/2010 11:36:21
713090,2012.REP.NOM.DeMINT,Jim DeMint to be Republican Presidential Nominee in 2012,1,1.0,Feb/24/2010 11:36:26
713090,2012.REP.NOM.DeMINT,Jim DeMint to be Republican Presidential Nominee in 2012,1,1.0,Feb/24/2010 11:36:31
713090,2012.REP.NOM.DeMINT,Jim DeMint to be Republican Presidential Nominee in 2012,3,0.6,Feb/24/2010 11:36:38
713090,2012.REP.NOM.DeMINT,Jim DeMint to be Republican Presidential Nominee in 2012,3,0.6,Feb/24/2010 11:36:52
713090,2012.REP.NOM.DeMINT,Jim DeMint to be Republican Presidential Nominee in 2012,2,0.6,Feb/24/2010 11:37:00
713090,2012.REP.NOM.DeMINT,Jim DeMint to be Republican Presidential Nominee in 2012,1,0.6,Feb/24/2010 11:37:05
713090,2012.REP.NOM.DeMINT,Jim DeMint to be Republican Presidential Nominee in 2012,1,0.6,Feb/24/2010 11:37:10
713090,2012.REP.NOM.DeMINT,Jim DeMint to be Republican Presidential Nominee in 2012,2,0.6,Feb/24/2010 11:37:16
713090,2012.REP.NOM.DeMINT,Jim DeMint to be Republican Presidential Nominee in 2012,3,0.6,Feb/24/2010 11:37:32
713090,2012.REP.NOM.DeMINT,Jim DeMint to be Republican Presidential Nominee in 2012,4,0.6,Feb/24/2010 11:37:38
713090,2012.REP.NOM.DeMINT,Jim DeMint to be Republican Presidential Nominee in 2012,1,0.6,Feb/24/2010 11:37:44
713090,2012.REP.NOM.DeMINT,Jim DeMint to be Republican Presidential Nominee in 2012,1,0.3,Feb/24/2010 11:37:51
713090,2012.REP.NOM.DeMINT,Jim DeMint to be Republican Presidential Nominee in 2012,3,0.3,Feb/24/2010 11:38:07
713090,2012.REP.NOM.DeMINT,Jim DeMint to be Republican Presidential Nominee in 2012,1,0.3,Feb/24/2010 11:38:15
713090,2012.REP.NOM.DeMINT,Jim DeMint to be Republican Presidential Nominee in 2012,3,0.3,Feb/24/2010 11:38:15
713090,2012.REP.NOM.DeMINT,Jim DeMint to be Republican Presidential Nominee in 2012,20,2.0,Feb/24/2010 12:50:41
713090,2012.REP.NOM.DeMINT,Jim DeMint to be Republican Presidential Nominee in 2012,1,0.3,Feb/24/2010 16:58:16
713090,2012.REP.NOM.DeMINT,Jim DeMint to be Republican Presidential Nominee in 2012,1,0.3,Feb/24/2010 16:58:51
713090,2012.REP.NOM.DeMINT,Jim DeMint to be Republican Presidential Nominee in 2012,1,0.3,Feb/24/2010 16:58:51
713090,2012.REP.NOM.DeMINT,Jim DeMint to be Republican Presidential Nominee in 2012,2,0.3,Feb/24/2010 16:59:06
713090,2012.REP.NOM.DeMINT,Jim DeMint to be Republican Presidential Nominee in 2012,1,0.3,Mar/01/2010 06:00:50
713090,2012.REP.NOM.DeMINT,Jim DeMint to be Republican Presidential Nominee in 2012,1,0.3,Mar/01/2010 06:00:55
713090,2012.REP.NOM.DeMINT,Jim DeMint to be Republican Presidential Nominee in 2012,1,0.3,Mar/01/2010 06:02:22
713090,2012.REP.NOM.DeMINT,Jim DeMint to be Republican Presidential Nominee in 2012,1,0.3,Mar/01/2010 06:02:28
713090,2012.REP.NOM.DeMINT,Jim DeMint to be Republican Presidential Nominee in 2012,1,0.3,Mar/01/2010 06:02:34
713090,2012.REP.NOM.DeMINT,Jim DeMint to be Republican Presidential Nominee in 2012,1,0.3,Mar/01/2010 06:02:43
713090,2012.REP.NOM.DeMINT,Jim DeMint to be Republican Presidential Nominee in 2012,1,0.3,Mar/01/2010 06:02:49
713090,2012.REP.NOM.DeMINT,Jim DeMint to be Republican Presidential Nominee in 2012,1,0.3,Mar/04/2010 07:34:23
713090,2012.REP.NOM.DeMINT,Jim DeMint to be Republican Presidential Nominee in 2012,1,0.3,Mar/04/2010 07:35:27
713090,2012.REP.NOM.DeMINT,Jim DeMint to be Republican Presidential Nominee in 2012,1,0.3,Mar/04/2010 07:35:34
713090,2012.REP.NOM.DeMINT,Jim DeMint to be Republican Presidential Nominee in 2012,1,0.3,Mar/04/2010 07:35:40
713090,2012.REP.NOM.DeMINT,Jim DeMint to be Republican Presidential Nominee in 2012,1,0.3,Mar/04/2010 07:36:01
713090,2012.REP.NOM.DeMINT,Jim DeMint to be Republican Presidential Nominee in 2012,1,0.3,Mar/04/2010 07:36:06
713090,2012.REP.NOM.DeMINT,Jim DeMint to be Republican Presidential Nominee in 2012,1,0.3,Mar/04/2010 07:36:12
713090,2012.REP.NOM.DeMINT,Jim DeMint to be Republican Presidential Nominee in 2012,1,0.3,Mar/04/2010 07:36:19
713090,2012.REP.NOM.DeMINT,Jim DeMint to be Republican Presidential Nominee in 2012,2,0.3,Mar/04/2010 07:36:26
713090,2012.REP.NOM.DeMINT,Jim DeMint to be Republican Presidential Nominee in 2012,2,0.3,Mar/04/2010 07:36:32
713090,2012.REP.NOM.DeMINT,Jim DeMint to be Republican Presidential Nominee in 2012,1,0.3,Mar/04/2010 07:36:44
713090,2012.REP.NOM.DeMINT,Jim DeMint to be Republican Presidential Nominee in 2012,1,0.3,Mar/04/2010 07:36:49
713090,2012.REP.NOM.DeMINT,Jim DeMint to be Republican Presidential Nominee in 2012,2,0.3,Mar/04/2010 07:36:55
713090,2012.REP.NOM.DeMINT,Jim DeMint to be Republican Presidential Nominee in 2012,1,0.3,Mar/04/2010 07:37:02
713090,2012.REP.NOM.DeMINT,Jim DeMint to be Republican Presidential Nominee in 2012,3,0.3,Mar/04/2010 07:37:10
713090,2012.REP.NOM.DeMINT,Jim DeMint to be Republican Presidential Nominee in 2012,2,0.3,Mar/04/2010 07:37:16
713090,2012.REP.NOM.DeMINT,Jim DeMint to be Republican Presidential Nominee in 2012,2,0.3,Mar/04/2010 07:37:22
713090,2012.REP.NOM.DeMINT,Jim DeMint to be Republican Presidential Nominee in 2012,1,0.3,Mar/04/2010 07:37:28
713090,2012.REP.NOM.DeMINT,Jim DeMint to be Republican Presidential Nominee in 2012,1,0.3,Mar/04/2010 07:37:35
713090,2012.REP.NOM.DeMINT,Jim DeMint to be Republican Presidential Nominee in 2012,1,0.3,Mar/04/2010 07:37:43
713090,2012.REP.NOM.DeMINT,Jim DeMint to be Republican Presidential Nominee in 2012,1,0.3,Mar/04/2010 07:37:49
713090,2012.REP.NOM.DeMINT,Jim DeMint to be Republican Presidential Nominee in 2012,2,0.3,Mar/04/2010 07:37:54
713090,2012.REP.NOM.DeMINT,Jim DeMint to be Republican Presidential Nominee in 2012,2,0.2,Mar/04/2010 07:38:00
713090,2012.REP.NOM.DeMINT,Jim DeMint to be Republican Presidential Nominee in 2012,3,0.2,Mar/04/2010 07:38:10
713090,2012.REP.NOM.DeMINT,Jim DeMint to be Republican Presidential Nominee in 2012,2,0.2,Mar/04/2010 07:38:20
713090,2012.REP.NOM.DeMINT,Jim DeMint to be Republican Presidential Nominee in 2012,2,0.2,Mar/04/2010 07:38:26
713090,2012.REP.NOM.DeMINT,Jim DeMint to be Republican Presidential Nominee in 2012,2,0.2,Mar/04/2010 07:38:37
713090,2012.REP.NOM.DeMINT,Jim DeMint to be Republican Presidential Nominee in 2012,2,0.2,Mar/04/2010 07:38:44
713090,2012.REP.NOM.DeMINT,Jim DeMint to be Republican Presidential Nominee in 2012,2,0.2,Mar/04/2010 07:38:49
713090,2012.REP.NOM.DeMINT,Jim DeMint to be Republican Presidential Nominee in 2012,2,0.2,Mar/04/2010 07:38:56
713090,2012.REP.NOM.DeMINT,Jim DeMint to be Republican Presidential Nominee in 2012,1,0.2,Mar/04/2010 07:39:04
713090,2012.REP.NOM.DeMINT,Jim DeMint to be Republican Presidential Nominee in 2012,1,0.3,Mar/05/2010 14:51:16
713090,2012.REP.NOM.DeMINT,Jim DeMint to be Republican Presidential Nominee in 2012,1,0.3,Mar/05/2010 14:51:23
713090,2012.REP.NOM.DeMINT,Jim DeMint to be Republican Presidential Nominee in 2012,2,0.3,Mar/05/2010 14:51:27
713090,2012.REP.NOM.DeMINT,Jim DeMint to be Republican Presidential Nominee in 2012,3,0.3,Mar/05/2010 14:51:33
713090,2012.REP.NOM.DeMINT,Jim DeMint to be Republican Presidential Nominee in 2012,1,0.3,Mar/05/2010 14:51:39
713090,2012.REP.NOM.DeMINT,Jim DeMint to be Republican Presidential Nominee in 2012,1,0.3,Mar/05/2010 14:51:45
713090,2012.REP.NOM.DeMINT,Jim DeMint to be Republican Presidential Nominee in 2012,1,0.3,Mar/05/2010 14:51:50
713090,2012.REP.NOM.DeMINT,Jim DeMint to be Republican Presidential Nominee in 2012,1,0.3,Mar/05/2010 14:51:57
713090,2012.REP.NOM.DeMINT,Jim DeMint to be Republican Presidential Nominee in 2012,1,0.3,Mar/05/2010 14:52:03
713090,2012.REP.NOM.DeMINT,Jim DeMint to be Republican Presidential Nominee in 2012,1,0.3,Mar/05/2010 14:52:09
713090,2012.REP.NOM.DeMINT,Jim DeMint to be Republican Presidential Nominee in 2012,1,0.3,Mar/05/2010 14:52:14
713090,2012.REP.NOM.DeMINT,Jim DeMint to be Republican Presidential Nominee in 2012,1,0.3,Mar/05/2010 14:52:21
713090,2012.REP.NOM.DeMINT,Jim DeMint to be Republican Presidential Nominee in 2012,2,0.3,Mar/05/2010 14:52:26
713090,2012.REP.NOM.DeMINT,Jim DeMint to be Republican Presidential Nominee in 2012,1,0.3,Mar/05/2010 14:52:31
713090,2012.REP.NOM.DeMINT,Jim DeMint to be Republican Presidential Nominee in 2012,1,0.3,Mar/05/2010 14:52:37
713090,2012.REP.NOM.DeMINT,Jim DeMint to be Republican Presidential Nominee in 2012,2,0.3,Mar/05/2010 14:52:42
713090,2012.REP.NOM.DeMINT,Jim DeMint to be Republican Presidential Nominee in 2012,1,0.3,Mar/08/2010 05:45:28
713090,2012.REP.NOM.DeMINT,Jim DeMint to be Republican Presidential Nominee in 2012,1,0.3,Mar/08/2010 05:45:33
713090,2012.REP.NOM.DeMINT,Jim DeMint to be Republican Presidential Nominee in 2012,1,0.3,Mar/08/2010 05:45:38
713090,2012.REP.NOM.DeMINT,Jim DeMint to be Republican Presidential Nominee in 2012,1,0.3,Mar/08/2010 05:45:45
713090,2012.REP.NOM.DeMINT,Jim DeMint to be Republican Presidential Nominee in 2012,1,0.3,Mar/08/2010 05:45:49
713090,2012.REP.NOM.DeMINT,Jim DeMint to be Republican Presidential Nominee in 2012,1,0.3,Mar/08/2010 05:45:53
713090,2012.REP.NOM.DeMINT,Jim DeMint to be Republican Presidential Nominee in 2012,1,0.3,Mar/08/2010 05:46:13
713090,2012.REP.NOM.DeMINT,Jim DeMint to be Republican Presidential Nominee in 2012,2,0.3,Mar/08/2010 05:46:22
713090,2012.REP.NOM.DeMINT,Jim DeMint to be Republican Presidential Nominee in 2012,1,0.3,Mar/08/2010 05:46:30
713090,2012.REP.NOM.DeMINT,Jim DeMint to be Republican Presidential Nominee in 2012,1,0.3,Mar/08/2010 05:46:49
713090,2012.REP.NOM.DeMINT,Jim DeMint to be Republican Presidential Nominee in 2012,1,0.3,Mar/08/2010 05:46:54
713090,2012.REP.NOM.DeMINT,Jim DeMint to be Republican Presidential Nominee in 2012,1,0.3,Mar/08/2010 05:46:59
713090,2012.REP.NOM.DeMINT,Jim DeMint to be Republican Presidential Nominee in 2012,1,0.3,Mar/08/2010 05:47:03
713090,2012.REP.NOM.DeMINT,Jim DeMint to be Republican Presidential Nominee in 2012,1,0.3,Mar/08/2010 05:47:16
713090,2012.REP.NOM.DeMINT,Jim DeMint to be Republican Presidential Nominee in 2012,1,0.3,Mar/08/2010 05:47:25
713090,2012.REP.NOM.DeMINT,Jim DeMint to be Republican Presidential Nominee in 2012,1,0.2,Mar/08/2010 05:47:30
713090,2012.REP.NOM.DeMINT,Jim DeMint to be Republican Presidential Nominee in 2012,1,0.2,Mar/08/2010 05:47:38
713090,2012.REP.NOM.DeMINT,Jim DeMint to be Republican Presidential Nominee in 2012,1,0.2,Mar/08/2010 05:47:44
713090,2012.REP.NOM.DeMINT,Jim DeMint to be Republican Presidential Nominee in 2012,4,0.2,Mar/08/2010 05:47:50
713090,2012.REP.NOM.DeMINT,Jim DeMint to be Republican Presidential Nominee in 2012,1,0.2,Mar/08/2010 05:48:11
713090,2012.REP.NOM.DeMINT,Jim DeMint to be Republican Presidential Nominee in 2012,1,0.2,Mar/08/2010 05:48:19
713090,2012.REP.NOM.DeMINT,Jim DeMint to be Republican Presidential Nominee in 2012,5,0.2,Mar/08/2010 05:48:26
713090,2012.REP.NOM.DeMINT,Jim DeMint to be Republican Presidential Nominee in 2012,4,0.2,Mar/08/2010 05:48:38
713090,2012.REP.NOM.DeMINT,Jim DeMint to be Republican Presidential Nominee in 2012,1,0.2,Mar/08/2010 05:48:48
713090,2012.REP.NOM.DeMINT,Jim DeMint to be Republican Presidential Nominee in 2012,1,0.2,Mar/08/2010 05:48:56
713090,2012.REP.NOM.DeMINT,Jim DeMint to be Republican Presidential Nominee in 2012,1,0.2,Mar/08/2010 05:49:04
713090,2012.REP.NOM.DeMINT,Jim DeMint to be Republican Presidential Nominee in 2012,1,0.2,Mar/08/2010 05:49:13
713090,2012.REP.NOM.DeMINT,Jim DeMint to be Republican Presidential Nominee in 2012,1,0.2,Mar/08/2010 05:49:22
713090,2012.REP.NOM.DeMINT,Jim DeMint to be Republican Presidential Nominee in 2012,1,0.2,Mar/10/2010 07:41:54
713090,2012.REP.NOM.DeMINT,Jim DeMint to be Republican Presidential Nominee in 2012,1,0.2,Mar/10/2010 07:42:02
713090,2012.REP.NOM.DeMINT,Jim DeMint to be Republican Presidential Nominee in 2012,1,0.2,Mar/10/2010 07:42:09
713090,2012.REP.NOM.DeMINT,Jim DeMint to be Republican Presidential Nominee in 2012,3,0.2,Mar/10/2010 07:42:14
713090,2012.REP.NOM.DeMINT,Jim DeMint to be Republican Presidential Nominee in 2012,1,0.2,Mar/10/2010 07:42:39
713090,2012.REP.NOM.DeMINT,Jim DeMint to be Republican Presidential Nominee in 2012,2,0.2,Mar/10/2010 07:42:48
713090,2012.REP.NOM.DeMINT,Jim DeMint to be Republican Presidential Nominee in 2012,1,0.2,Mar/10/2010 07:42:54
713090,2012.REP.NOM.DeMINT,Jim DeMint to be Republican Presidential Nominee in 2012,15,0.6,Mar/13/2010 04:35:00
713090,2012.REP.NOM.DeMINT,Jim DeMint to be Republican Presidential Nominee in 2012,22,0.7,Mar/13/2010 04:35:12
713090,2012.REP.NOM.DeMINT,Jim DeMint to be Republican Presidential Nominee in 2012,20,1.8,Mar/13/2010 04:35:52
713090,2012.REP.NOM.DeMINT,Jim DeMint to be Republican Presidential Nominee in 2012,50,1.9,Mar/13/2010 04:36:37
713090,2012.REP.NOM.DeMINT,Jim DeMint to be Republican Presidential Nominee in 2012,10,1.9,Mar/22/2010 03:38:43
713090,2012.REP.NOM.DeMINT,Jim DeMint to be Republican Presidential Nominee in 2012,1,0.4,Mar/23/2010 06:56:34
713090,2012.REP.NOM.DeMINT,Jim DeMint to be Republican Presidential Nominee in 2012,1,0.4,Mar/23/2010 06:56:42
713090,2012.REP.NOM.DeMINT,Jim DeMint to be Republican Presidential Nominee in 2012,1,0.4,Mar/23/2010 06:56:50
713090,2012.REP.NOM.DeMINT,Jim DeMint to be Republican Presidential Nominee in 2012,1,0.4,Mar/23/2010 06:57:12
713090,2012.REP.NOM.DeMINT,Jim DeMint to be Republican Presidential Nominee in 2012,1,0.4,Mar/23/2010 06:57:21
713090,2012.REP.NOM.DeMINT,Jim DeMint to be Republican Presidential Nominee in 2012,3,0.4,Mar/23/2010 06:57:31
713090,2012.REP.NOM.DeMINT,Jim DeMint to be Republican Presidential Nominee in 2012,1,0.4,Mar/23/2010 06:57:45
713090,2012.REP.NOM.DeMINT,Jim DeMint to be Republican Presidential Nominee in 2012,1,0.4,Mar/23/2010 06:57:51
713090,2012.REP.NOM.DeMINT,Jim DeMint to be Republican Presidential Nominee in 2012,1,0.4,Mar/23/2010 06:58:04
713090,2012.REP.NOM.DeMINT,Jim DeMint to be Republican Presidential Nominee in 2012,1,0.4,Mar/23/2010 06:58:17
713090,2012.REP.NOM.DeMINT,Jim DeMint to be Republican Presidential Nominee in 2012,1,0.4,Mar/23/2010 06:58:25
713090,2012.REP.NOM.DeMINT,Jim DeMint to be Republican Presidential Nominee in 2012,1,0.4,Mar/23/2010 06:58:32
713090,2012.REP.NOM.DeMINT,Jim DeMint to be Republican Presidential Nominee in 2012,1,0.4,Mar/23/2010 06:58:39
713090,2012.REP.NOM.DeMINT,Jim DeMint to be Republican Presidential Nominee in 2012,1,0.4,Mar/23/2010 06:58:47
713090,2012.REP.NOM.DeMINT,Jim DeMint to be Republican Presidential Nominee in 2012,4,0.4,Mar/23/2010 06:58:55
713090,2012.REP.NOM.DeMINT,Jim DeMint to be Republican Presidential Nominee in 2012,2,0.4,Mar/23/2010 06:59:03
713090,2012.REP.NOM.DeMINT,Jim DeMint to be Republican Presidential Nominee in 2012,1,0.4,Mar/23/2010 06:59:10
713090,2012.REP.NOM.DeMINT,Jim DeMint to be Republican Presidential Nominee in 2012,3,1.3,Mar/25/2010 19:10:41
713090,2012.REP.NOM.DeMINT,Jim DeMint to be Republican Presidential Nominee in 2012,4,1.3,Mar/25/2010 19:11:05
713090,2012.REP.NOM.DeMINT,Jim DeMint to be Republican Presidential Nominee in 2012,1,0.7,Mar/25/2010 22:40:56
713090,2012.REP.NOM.DeMINT,Jim DeMint to be Republican Presidential Nominee in 2012,1,0.7,Mar/25/2010 22:41:01
713090,2012.REP.NOM.DeMINT,Jim DeMint to be Republican Presidential Nominee in 2012,3,0.7,Mar/25/2010 22:41:19
713090,2012.REP.NOM.DeMINT,Jim DeMint to be Republican Presidential Nominee in 2012,2,0.7,Mar/25/2010 22:41:27
713090,2012.REP.NOM.DeMINT,Jim DeMint to be Republican Presidential Nominee in 2012,1,0.6,Mar/25/2010 22:41:34
713090,2012.REP.NOM.DeMINT,Jim DeMint to be Republican Presidential Nominee in 2012,2,0.6,Mar/25/2010 22:41:40
713090,2012.REP.NOM.DeMINT,Jim DeMint to be Republican Presidential Nominee in 2012,1,0.6,Mar/25/2010 22:42:05
713090,2012.REP.NOM.DeMINT,Jim DeMint to be Republican Presidential Nominee in 2012,2,0.6,Mar/25/2010 22:42:12
713090,2012.REP.NOM.DeMINT,Jim DeMint to be Republican Presidential Nominee in 2012,2,0.6,Mar/25/2010 22:42:18
713090,2012.REP.NOM.DeMINT,Jim DeMint to be Republican Presidential Nominee in 2012,1,0.6,Mar/25/2010 22:42:26
713090,2012.REP.NOM.DeMINT,Jim DeMint to be Republican Presidential Nominee in 2012,1,0.6,Mar/25/2010 22:42:33
713090,2012.REP.NOM.DeMINT,Jim DeMint to be Republican Presidential Nominee in 2012,1,0.6,Mar/25/2010 22:42:40
713090,2012.REP.NOM.DeMINT,Jim DeMint to be Republican Presidential Nominee in 2012,1,0.6,Mar/25/2010 22:42:47
713090,2012.REP.NOM.DeMINT,Jim DeMint to be Republican Presidential Nominee in 2012,1,0.6,Mar/25/2010 22:42:55
713090,2012.REP.NOM.DeMINT,Jim DeMint to be Republican Presidential Nominee in 2012,1,0.6,Mar/25/2010 22:43:02
713090,2012.REP.NOM.DeMINT,Jim DeMint to be Republican Presidential Nominee in 2012,1,0.6,Mar/25/2010 22:43:09
713090,2012.REP.NOM.DeMINT,Jim DeMint to be Republican Presidential Nominee in 2012,1,0.6,Mar/25/2010 22:43:16
713090,2012.REP.NOM.DeMINT,Jim DeMint to be Republican Presidential Nominee in 2012,1,0.6,Mar/25/2010 22:43:24
713090,2012.REP.NOM.DeMINT,Jim DeMint to be Republican Presidential Nominee in 2012,1,0.6,Mar/25/2010 22:43:31
713090,2012.REP.NOM.DeMINT,Jim DeMint to be Republican Presidential Nominee in 2012,1,0.6,Mar/25/2010 22:43:39
713090,2012.REP.NOM.DeMINT,Jim DeMint to be Republican Presidential Nominee in 2012,1,0.6,Mar/25/2010 22:43:47
713090,2012.REP.NOM.DeMINT,Jim DeMint to be Republican Presidential Nominee in 2012,13,1.3,Mar/28/2010 12:19:23
713090,2012.REP.NOM.DeMINT,Jim DeMint to be Republican Presidential Nominee in 2012,7,1.3,Mar/28/2010 12:19:23
713090,2012.REP.NOM.DeMINT,Jim DeMint to be Republican Presidential Nominee in 2012,40,1.4,Mar/28/2010 12:19:44
713090,2012.REP.NOM.DeMINT,Jim DeMint to be Republican Presidential Nominee in 2012,2,0.8,Apr/20/2010 20:17:27
713090,2012.REP.NOM.DeMINT,Jim DeMint to be Republican Presidential Nominee in 2012,1,0.7,Apr/20/2010 20:17:37
713090,2012.REP.NOM.DeMINT,Jim DeMint to be Republican Presidential Nominee in 2012,10,0.7,Apr/20/2010 20:17:37
713090,2012.REP.NOM.DeMINT,Jim DeMint to be Republican Presidential Nominee in 2012,7,0.6,Apr/20/2010 20:17:57
713090,2012.REP.NOM.DeMINT,Jim DeMint to be Republican Presidential Nominee in 2012,1,1.2,May/09/2010 19:59:55
713090,2012.REP.NOM.DeMINT,Jim DeMint to be Republican Presidential Nominee in 2012,1,1.2,May/17/2010 10:08:12
713090,2012.REP.NOM.DeMINT,Jim DeMint to be Republican Presidential Nominee in 2012,1,1.2,May/17/2010 10:09:33
713090,2012.REP.NOM.DeMINT,Jim DeMint to be Republican Presidential Nominee in 2012,1,1.2,May/17/2010 10:09:40
713090,2012.REP.NOM.DeMINT,Jim DeMint to be Republican Presidential Nominee in 2012,1,1.2,May/17/2010 10:10:09
713090,2012.REP.NOM.DeMINT,Jim DeMint to be Republican Presidential Nominee in 2012,1,1.2,May/17/2010 10:10:24
713090,2012.REP.NOM.DeMINT,Jim DeMint to be Republican Presidential Nominee in 2012,1,1.2,May/17/2010 10:10:36
713090,2012.REP.NOM.DeMINT,Jim DeMint to be Republican Presidential Nominee in 2012,1,1.2,May/17/2010 10:10:45
713090,2012.REP.NOM.DeMINT,Jim DeMint to be Republican Presidential Nominee in 2012,1,1.2,May/17/2010 10:10:57
713090,2012.REP.NOM.DeMINT,Jim DeMint to be Republican Presidential Nominee in 2012,1,1.2,May/17/2010 10:11:07
713090,2012.REP.NOM.DeMINT,Jim DeMint to be Republican Presidential Nominee in 2012,2,1.1,May/17/2010 10:11:15
713090,2012.REP.NOM.DeMINT,Jim DeMint to be Republican Presidential Nominee in 2012,1,1.1,May/17/2010 10:11:24
713090,2012.REP.NOM.DeMINT,Jim DeMint to be Republican Presidential Nominee in 2012,1,1.1,May/17/2010 10:11:33
713090,2012.REP.NOM.DeMINT,Jim DeMint to be Republican Presidential Nominee in 2012,1,1.1,May/17/2010 10:11:42
713090,2012.REP.NOM.DeMINT,Jim DeMint to be Republican Presidential Nominee in 2012,3,1.1,May/17/2010 10:11:51
713090,2012.REP.NOM.DeMINT,Jim DeMint to be Republican Presidential Nominee in 2012,1,1.1,May/17/2010 10:12:45
713090,2012.REP.NOM.DeMINT,Jim DeMint to be Republican Presidential Nominee in 2012,1,1.1,May/17/2010 10:13:03
713090,2012.REP.NOM.DeMINT,Jim DeMint to be Republican Presidential Nominee in 2012,1,1.1,May/17/2010 10:13:16
713090,2012.REP.NOM.DeMINT,Jim DeMint to be Republican Presidential Nominee in 2012,1,1.1,May/17/2010 10:13:26
713090,2012.REP.NOM.DeMINT,Jim DeMint to be Republican Presidential Nominee in 2012,1,1.1,May/17/2010 10:13:31
713090,2012.REP.NOM.DeMINT,Jim DeMint to be Republican Presidential Nominee in 2012,1,1.1,May/17/2010 10:13:36
713090,2012.REP.NOM.DeMINT,Jim DeMint to be Republican Presidential Nominee in 2012,1,1.1,May/17/2010 10:13:41
713090,2012.REP.NOM.DeMINT,Jim DeMint to be Republican Presidential Nominee in 2012,1,1.1,May/17/2010 10:13:53
713090,2012.REP.NOM.DeMINT,Jim DeMint to be Republican Presidential Nominee in 2012,1,1.1,May/17/2010 10:14:04
713090,2012.REP.NOM.DeMINT,Jim DeMint to be Republican Presidential Nominee in 2012,1,1.1,May/17/2010 10:14:13
713090,2012.REP.NOM.DeMINT,Jim DeMint to be Republican Presidential Nominee in 2012,2,1.1,May/17/2010 10:14:23
713090,2012.REP.NOM.DeMINT,Jim DeMint to be Republican Presidential Nominee in 2012,1,1.1,May/17/2010 10:14:30
713090,2012.REP.NOM.DeMINT,Jim DeMint to be Republican Presidential Nominee in 2012,1,1.1,May/17/2010 10:14:41
713090,2012.REP.NOM.DeMINT,Jim DeMint to be Republican Presidential Nominee in 2012,1,1.1,May/17/2010 10:14:50
713090,2012.REP.NOM.DeMINT,Jim DeMint to be Republican Presidential Nominee in 2012,2,1.1,May/17/2010 10:14:59
713090,2012.REP.NOM.DeMINT,Jim DeMint to be Republican Presidential Nominee in 2012,1,1.1,May/17/2010 10:15:09
713090,2012.REP.NOM.DeMINT,Jim DeMint to be Republican Presidential Nominee in 2012,1,1.1,May/17/2010 10:15:17
713090,2012.REP.NOM.DeMINT,Jim DeMint to be Republican Presidential Nominee in 2012,1,1.1,May/17/2010 10:15:27
713090,2012.REP.NOM.DeMINT,Jim DeMint to be Republican Presidential Nominee in 2012,1,1.1,May/17/2010 10:15:38
713090,2012.REP.NOM.DeMINT,Jim DeMint to be Republican Presidential Nominee in 2012,1,1.1,May/17/2010 10:15:48
713090,2012.REP.NOM.DeMINT,Jim DeMint to be Republican Presidential Nominee in 2012,5,1.7,May/19/2010 12:17:48
713090,2012.REP.NOM.DeMINT,Jim DeMint to be Republican Presidential Nominee in 2012,2,1.5,May/19/2010 12:17:48
713090,2012.REP.NOM.DeMINT,Jim DeMint to be Republican Presidential Nominee in 2012,1,1.3,May/19/2010 12:17:48
713090,2012.REP.NOM.DeMINT,Jim DeMint to be Republican Presidential Nominee in 2012,1,1.2,May/19/2010 12:17:48
713090,2012.REP.NOM.DeMINT,Jim DeMint to be Republican Presidential Nominee in 2012,6,1.6,May/19/2010 12:17:48
713090,2012.REP.NOM.DeMINT,Jim DeMint to be Republican Presidential Nominee in 2012,286,2.0,May/19/2010 12:18:32
713090,2012.REP.NOM.DeMINT,Jim DeMint to be Republican Presidential Nominee in 2012,10,1.8,May/19/2010 12:18:32
713090,2012.REP.NOM.DeMINT,Jim DeMint to be Republican Presidential Nominee in 2012,9,1.9,May/19/2010 12:18:32
713090,2012.REP.NOM.DeMINT,Jim DeMint to be Republican Presidential Nominee in 2012,5,4.9,May/19/2010 12:28:15
713090,2012.REP.NOM.DeMINT,Jim DeMint to be Republican Presidential Nominee in 2012,39,1.1,May/27/2010 11:27:07
713090,2012.REP.NOM.DeMINT,Jim DeMint to be Republican Presidential Nominee in 2012,10,1.2,May/27/2010 11:27:07
713090,2012.REP.NOM.DeMINT,Jim DeMint to be Republican Presidential Nominee in 2012,1,1.3,May/27/2010 11:27:07
713090,2012.REP.NOM.DeMINT,Jim DeMint to be Republican Presidential Nominee in 2012,24,1.1,May/28/2010 12:32:47
713090,2012.REP.NOM.DeMINT,Jim DeMint to be Republican Presidential Nominee in 2012,7,1.1,Jun/01/2010 17:35:51
713090,2012.REP.NOM.DeMINT,Jim DeMint to be Republican Presidential Nominee in 2012,13,1.1,Jun/01/2010 17:35:51
713090,2012.REP.NOM.DeMINT,Jim DeMint to be Republican Presidential Nominee in 2012,4,1.1,Jun/01/2010 20:39:59
713090,2012.REP.NOM.DeMINT,Jim DeMint to be Republican Presidential Nominee in 2012,1,1.1,Jun/02/2010 10:26:01
713090,2012.REP.NOM.DeMINT,Jim DeMint to be Republican Presidential Nominee in 2012,5,1.1,Jun/03/2010 12:27:36
713090,2012.REP.NOM.DeMINT,Jim DeMint to be Republican Presidential Nominee in 2012,2,1.1,Jun/03/2010 20:17:06
713090,2012.REP.NOM.DeMINT,Jim DeMint to be Republican Presidential Nominee in 2012,31,1.1,Jun/04/2010 10:36:03
713090,2012.REP.NOM.DeMINT,Jim DeMint to be Republican Presidential Nominee in 2012,5,1.1,Jun/04/2010 21:46:22
713090,2012.REP.NOM.DeMINT,Jim DeMint to be Republican Presidential Nominee in 2012,15,1.2,Jun/04/2010 21:46:22
713090,2012.REP.NOM.DeMINT,Jim DeMint to be Republican Presidential Nominee in 2012,20,1.1,Jun/04/2010 22:55:46
713090,2012.REP.NOM.DeMINT,Jim DeMint to be Republican Presidential Nominee in 2012,8,1.1,Jun/09/2010 20:22:32
713090,2012.REP.NOM.DeMINT,Jim DeMint to be Republican Presidential Nominee in 2012,1,1.1,Jun/11/2010 09:56:15
713090,2012.REP.NOM.DeMINT,Jim DeMint to be Republican Presidential Nominee in 2012,13,3.2,Jun/19/2010 01:22:05
713090,2012.REP.NOM.DeMINT,Jim DeMint to be Republican Presidential Nominee in 2012,1,3.1,Jun/19/2010 01:22:05
713090,2012.REP.NOM.DeMINT,Jim DeMint to be Republican Presidential Nominee in 2012,1,3.0,Jun/19/2010 01:22:05
713090,2012.REP.NOM.DeMINT,Jim DeMint to be Republican Presidential Nominee in 2012,6,1.1,Jun/29/2010 10:47:22
713090,2012.REP.NOM.DeMINT,Jim DeMint to be Republican Presidential Nominee in 2012,2,1.3,Jun/29/2010 10:47:22
713090,2012.REP.NOM.DeMINT,Jim DeMint to be Republican Presidential Nominee in 2012,13,1.3,Jun/29/2010 10:47:22
713090,2012.REP.NOM.DeMINT,Jim DeMint to be Republican Presidential Nominee in 2012,1,1.4,Jun/29/2010 10:47:22
713090,2012.REP.NOM.DeMINT,Jim DeMint to be Republican Presidential Nominee in 2012,3,0.9,Jun/29/2010 10:47:41
713090,2012.REP.NOM.DeMINT,Jim DeMint to be Republican Presidential Nominee in 2012,4,1.1,Jun/29/2010 10:47:41
713090,2012.REP.NOM.DeMINT,Jim DeMint to be Republican Presidential Nominee in 2012,1,1.1,Jun/29/2010 10:47:41
713090,2012.REP.NOM.DeMINT,Jim DeMint to be Republican Presidential Nominee in 2012,30,0.7,Jul/04/2010 19:00:53
713090,2012.REP.NOM.DeMINT,Jim DeMint to be Republican Presidential Nominee in 2012,1,0.8,Jul/04/2010 19:00:53
713090,2012.REP.NOM.DeMINT,Jim DeMint to be Republican Presidential Nominee in 2012,1,0.8,Jul/04/2010 19:00:53
713090,2012.REP.NOM.DeMINT,Jim DeMint to be Republican Presidential Nominee in 2012,2,0.9,Jul/04/2010 19:00:53
713090,2012.REP.NOM.DeMINT,Jim DeMint to be Republican Presidential Nominee in 2012,20,0.8,Jul/12/2010 06:43:04
713090,2012.REP.NOM.DeMINT,Jim DeMint to be Republican Presidential Nominee in 2012,47,0.8,Jul/12/2010 06:43:04
713090,2012.REP.NOM.DeMINT,Jim DeMint to be Republican Presidential Nominee in 2012,5,0.7,Jul/12/2010 21:16:43
713090,2012.REP.NOM.DeMINT,Jim DeMint to be Republican Presidential Nominee in 2012,13,0.8,Jul/12/2010 21:16:43
713090,2012.REP.NOM.DeMINT,Jim DeMint to be Republican Presidential Nominee in 2012,3,0.7,Jul/12/2010 21:16:54
713090,2012.REP.NOM.DeMINT,Jim DeMint to be Republican Presidential Nominee in 2012,2,0.7,Jul/13/2010 05:45:27
713090,2012.REP.NOM.DeMINT,Jim DeMint to be Republican Presidential Nominee in 2012,29,0.7,Jul/13/2010 19:28:18
713090,2012.REP.NOM.DeMINT,Jim DeMint to be Republican Presidential Nominee in 2012,10,0.8,Jul/13/2010 19:28:18
713090,2012.REP.NOM.DeMINT,Jim DeMint to be Republican Presidential Nominee in 2012,39,0.2,Jul/17/2010 19:13:30
713090,2012.REP.NOM.DeMINT,Jim DeMint to be Republican Presidential Nominee in 2012,1,0.2,Jul/17/2010 19:13:30
713090,2012.REP.NOM.DeMINT,Jim DeMint to be Republican Presidential Nominee in 2012,17,0.4,Jul/17/2010 19:13:30
713090,2012.REP.NOM.DeMINT,Jim DeMint to be Republican Presidential Nominee in 2012,31,0.7,Jul/17/2010 19:13:30
713090,2012.REP.NOM.DeMINT,Jim DeMint to be Republican Presidential Nominee in 2012,2,0.5,Jul/17/2010 19:13:30
713090,2012.REP.NOM.DeMINT,Jim DeMint to be Republican Presidential Nominee in 2012,10,0.3,Jul/17/2010 19:13:30
713090,2012.REP.NOM.DeMINT,Jim DeMint to be Republican Presidential Nominee in 2012,10,1.0,Aug/18/2010 20:57:38
713090,2012.REP.NOM.DeMINT,Jim DeMint to be Republican Presidential Nominee in 2012,10,1.5,Sep/17/2010 21:53:25
713090,2012.REP.NOM.DeMINT,Jim DeMint to be Republican Presidential Nominee in 2012,6,1.6,Sep/18/2010 19:21:00
713090,2012.REP.NOM.DeMINT,Jim DeMint to be Republican Presidential Nominee in 2012,2,2.0,Sep/18/2010 19:21:00
713090,2012.REP.NOM.DeMINT,Jim DeMint to be Republican Presidential Nominee in 2012,2,1.8,Sep/18/2010 19:21:00
713090,2012.REP.NOM.DeMINT,Jim DeMint to be Republican Presidential Nominee in 2012,10,2.0,Sep/18/2010 23:23:23
713090,2012.REP.NOM.DeMINT,Jim DeMint to be Republican Presidential Nominee in 2012,100,2.0,Sep/20/2010 19:59:28
713090,2012.REP.NOM.DeMINT,Jim DeMint to be Republican Presidential Nominee in 2012,9,1.9,Sep/25/2010 07:23:11
713090,2012.REP.NOM.DeMINT,Jim DeMint to be Republican Presidential Nominee in 2012,13,2.0,Sep/25/2010 07:23:20
713090,2012.REP.NOM.DeMINT,Jim DeMint to be Republican Presidential Nominee in 2012,200,2.0,Sep/25/2010 07:24:00
713090,2012.REP.NOM.DeMINT,Jim DeMint to be Republican Presidential Nominee in 2012,3,2.1,Sep/25/2010 07:24:06
713090,2012.REP.NOM.DeMINT,Jim DeMint to be Republican Presidential Nominee in 2012,1,2.2,Oct/01/2010 04:20:01
713090,2012.REP.NOM.DeMINT,Jim DeMint to be Republican Presidential Nominee in 2012,1,2.2,Oct/28/2010 01:38:20
713090,2012.REP.NOM.DeMINT,Jim DeMint to be Republican Presidential Nominee in 2012,15,2.7,Oct/29/2010 02:05:51
713090,2012.REP.NOM.DeMINT,Jim DeMint to be Republican Presidential Nominee in 2012,6,2.2,Oct/29/2010 02:05:51
713090,2012.REP.NOM.DeMINT,Jim DeMint to be Republican Presidential Nominee in 2012,1,2.8,Oct/29/2010 21:22:18
713090,2012.REP.NOM.DeMINT,Jim DeMint to be Republican Presidential Nominee in 2012,1,3.4,Oct/29/2010 21:22:18
713090,2012.REP.NOM.DeMINT,Jim DeMint to be Republican Presidential Nominee in 2012,1,3.9,Oct/29/2010 21:22:18
713090,2012.REP.NOM.DeMINT,Jim DeMint to be Republican Presidential Nominee in 2012,1,4.4,Oct/29/2010 21:22:18
713090,2012.REP.NOM.DeMINT,Jim DeMint to be Republican Presidential Nominee in 2012,1,3.0,Nov/04/2010 15:48:50
713090,2012.REP.NOM.DeMINT,Jim DeMint to be Republican Presidential Nominee in 2012,1,4.3,Nov/04/2010 21:46:02
713090,2012.REP.NOM.DeMINT,Jim DeMint to be Republican Presidential Nominee in 2012,2,4.3,Nov/04/2010 21:46:02
713090,2012.REP.NOM.DeMINT,Jim DeMint to be Republican Presidential Nominee in 2012,1,3.0,Nov/05/2010 15:03:28
713090,2012.REP.NOM.DeMINT,Jim DeMint to be Republican Presidential Nominee in 2012,1,3.0,Nov/05/2010 15:12:12
713090,2012.REP.NOM.DeMINT,Jim DeMint to be Republican Presidential Nominee in 2012,2,3.0,Nov/05/2010 15:35:25
713090,2012.REP.NOM.DeMINT,Jim DeMint to be Republican Presidential Nominee in 2012,3,2.8,Nov/05/2010 15:35:25
713090,2012.REP.NOM.DeMINT,Jim DeMint to be Republican Presidential Nominee in 2012,5,2.8,Nov/05/2010 16:08:24
713090,2012.REP.NOM.DeMINT,Jim DeMint to be Republican Presidential Nominee in 2012,3,2.8,Nov/05/2010 16:22:35
713090,2012.REP.NOM.DeMINT,Jim DeMint to be Republican Presidential Nominee in 2012,15,2.6,Nov/05/2010 17:48:57
713090,2012.REP.NOM.DeMINT,Jim DeMint to be Republican Presidential Nominee in 2012,21,2.4,Nov/05/2010 17:48:57
713090,2012.REP.NOM.DeMINT,Jim DeMint to be Republican Presidential Nominee in 2012,31,2.2,Nov/05/2010 17:48:57
713090,2012.REP.NOM.DeMINT,Jim DeMint to be Republican Presidential Nominee in 2012,4,2.0,Nov/05/2010 17:48:57
713090,2012.REP.NOM.DeMINT,Jim DeMint to be Republican Presidential Nominee in 2012,40,2.0,Nov/05/2010 17:50:56
713090,2012.REP.NOM.DeMINT,Jim DeMint to be Republican Presidential Nominee in 2012,38,1.8,Nov/05/2010 17:50:56
713090,2012.REP.NOM.DeMINT,Jim DeMint to be Republican Presidential Nominee in 2012,9,1.8,Nov/05/2010 17:53:39
713090,2012.REP.NOM.DeMINT,Jim DeMint to be Republican Presidential Nominee in 2012,2,1.8,Nov/05/2010 18:00:37
713090,2012.REP.NOM.DeMINT,Jim DeMint to be Republican Presidential Nominee in 2012,20,1.5,Nov/05/2010 22:26:27
713090,2012.REP.NOM.DeMINT,Jim DeMint to be Republican Presidential Nominee in 2012,1,1.7,Nov/05/2010 22:26:27
713090,2012.REP.NOM.DeMINT,Jim DeMint to be Republican Presidential Nominee in 2012,5,1.6,Nov/05/2010 22:26:27
713090,2012.REP.NOM.DeMINT,Jim DeMint to be Republican Presidential Nominee in 2012,10,1.6,Nov/05/2010 22:26:27
713090,2012.REP.NOM.DeMINT,Jim DeMint to be Republican Presidential Nominee in 2012,4,1.5,Nov/05/2010 22:26:27
713090,2012.REP.NOM.DeMINT,Jim DeMint to be Republican Presidential Nominee in 2012,5,1.5,Nov/06/2010 19:00:59
713090,2012.REP.NOM.DeMINT,Jim DeMint to be Republican Presidential Nominee in 2012,14,1.0,Nov/06/2010 21:37:19
713090,2012.REP.NOM.DeMINT,Jim DeMint to be Republican Presidential Nominee in 2012,10,1.3,Nov/06/2010 21:37:19
713090,2012.REP.NOM.DeMINT,Jim DeMint to be Republican Presidential Nominee in 2012,10,1.4,Nov/06/2010 21:37:19
713090,2012.REP.NOM.DeMINT,Jim DeMint to be Republican Presidential Nominee in 2012,9,1.3,Nov/06/2010 21:37:19
713090,2012.REP.NOM.DeMINT,Jim DeMint to be Republican Presidential Nominee in 2012,1,1.1,Nov/06/2010 21:37:19
713090,2012.REP.NOM.DeMINT,Jim DeMint to be Republican Presidential Nominee in 2012,1,1.2,Nov/06/2010 21:37:19
713090,2012.REP.NOM.DeMINT,Jim DeMint to be Republican Presidential Nominee in 2012,5,1.5,Nov/06/2010 21:37:19
713090,2012.REP.NOM.DeMINT,Jim DeMint to be Republican Presidential Nominee in 2012,20,1.1,Nov/07/2010 21:41:40
713090,2012.REP.NOM.DeMINT,Jim DeMint to be Republican Presidential Nominee in 2012,20,1.1,Nov/08/2010 06:10:33
713090,2012.REP.NOM.DeMINT,Jim DeMint to be Republican Presidential Nominee in 2012,5,1.0,Nov/08/2010 11:41:38
713090,2012.REP.NOM.DeMINT,Jim DeMint to be Republican Presidential Nominee in 2012,40,1.1,Nov/09/2010 21:22:01
713090,2012.REP.NOM.DeMINT,Jim DeMint to be Republican Presidential Nominee in 2012,19,1.0,Nov/10/2010 06:54:40
713090,2012.REP.NOM.DeMINT,Jim DeMint to be Republican Presidential Nominee in 2012,10,1.1,Nov/10/2010 06:54:40
713090,2012.REP.NOM.DeMINT,Jim DeMint to be Republican Presidential Nominee in 2012,40,1.1,Nov/10/2010 14:02:05
713090,2012.REP.NOM.DeMINT,Jim DeMint to be Republican Presidential Nominee in 2012,6,1.1,Nov/10/2010 17:23:28
713090,2012.REP.NOM.DeMINT,Jim DeMint to be Republican Presidential Nominee in 2012,5,1.2,Nov/10/2010 19:46:02
713090,2012.REP.NOM.DeMINT,Jim DeMint to be Republican Presidential Nominee in 2012,5,1.2,Nov/10/2010 19:46:02
713090,2012.REP.NOM.DeMINT,Jim DeMint to be Republican Presidential Nominee in 2012,5,1.2,Nov/10/2010 19:46:02
713090,2012.REP.NOM.DeMINT,Jim DeMint to be Republican Presidential Nominee in 2012,5,1.3,Nov/10/2010 22:09:25
713090,2012.REP.NOM.DeMINT,Jim DeMint to be Republican Presidential Nominee in 2012,3,1.4,Nov/10/2010 22:09:56
713090,2012.REP.NOM.DeMINT,Jim DeMint to be Republican Presidential Nominee in 2012,3,1.1,Nov/11/2010 07:51:56
713090,2012.REP.NOM.DeMINT,Jim DeMint to be Republican Presidential Nominee in 2012,5,1.3,Nov/11/2010 07:51:56
713090,2012.REP.NOM.DeMINT,Jim DeMint to be Republican Presidential Nominee in 2012,5,1.2,Nov/12/2010 02:11:00
713090,2012.REP.NOM.DeMINT,Jim DeMint to be Republican Presidential Nominee in 2012,3,1.3,Nov/13/2010 18:56:24
713090,2012.REP.NOM.DeMINT,Jim DeMint to be Republican Presidential Nominee in 2012,5,1.3,Nov/13/2010 18:56:24
713090,2012.REP.NOM.DeMINT,Jim DeMint to be Republican Presidential Nominee in 2012,2,1.3,Nov/13/2010 18:56:24
713090,2012.REP.NOM.DeMINT,Jim DeMint to be Republican Presidential Nominee in 2012,43,1.1,Nov/15/2010 08:03:10
713090,2012.REP.NOM.DeMINT,Jim DeMint to be Republican Presidential Nominee in 2012,10,1.2,Nov/15/2010 08:03:10
713090,2012.REP.NOM.DeMINT,Jim DeMint to be Republican Presidential Nominee in 2012,2,1.4,Nov/15/2010 15:15:42
713090,2012.REP.NOM.DeMINT,Jim DeMint to be Republican Presidential Nominee in 2012,3,1.4,Nov/15/2010 15:15:42
713090,2012.REP.NOM.DeMINT,Jim DeMint to be Republican Presidential Nominee in 2012,5,1.4,Nov/15/2010 15:15:42
713090,2012.REP.NOM.DeMINT,Jim DeMint to be Republican Presidential Nominee in 2012,5,1.3,Nov/15/2010 15:15:42
713090,2012.REP.NOM.DeMINT,Jim DeMint to be Republican Presidential Nominee in 2012,5,1.4,Nov/15/2010 15:15:42
713090,2012.REP.NOM.DeMINT,Jim DeMint to be Republican Presidential Nominee in 2012,3,1.4,Nov/15/2010 17:57:50
713090,2012.REP.NOM.DeMINT,Jim DeMint to be Republican Presidential Nominee in 2012,7,1.1,Nov/16/2010 07:19:42
713090,2012.REP.NOM.DeMINT,Jim DeMint to be Republican Presidential Nominee in 2012,10,1.2,Nov/16/2010 07:19:42
713090,2012.REP.NOM.DeMINT,Jim DeMint to be Republican Presidential Nominee in 2012,1,1.1,Nov/16/2010 09:41:41
713090,2012.REP.NOM.DeMINT,Jim DeMint to be Republican Presidential Nominee in 2012,1,1.1,Nov/16/2010 09:41:45
713090,2012.REP.NOM.DeMINT,Jim DeMint to be Republican Presidential Nominee in 2012,1,1.1,Nov/16/2010 09:41:49
713090,2012.REP.NOM.DeMINT,Jim DeMint to be Republican Presidential Nominee in 2012,1,1.1,Nov/16/2010 09:42:14
713090,2012.REP.NOM.DeMINT,Jim DeMint to be Republican Presidential Nominee in 2012,1,1.1,Nov/16/2010 09:42:18
713090,2012.REP.NOM.DeMINT,Jim DeMint to be Republican Presidential Nominee in 2012,1,1.1,Nov/16/2010 09:42:21
713090,2012.REP.NOM.DeMINT,Jim DeMint to be Republican Presidential Nominee in 2012,1,1.1,Nov/16/2010 09:42:24
713090,2012.REP.NOM.DeMINT,Jim DeMint to be Republican Presidential Nominee in 2012,1,1.1,Nov/16/2010 09:42:30
713090,2012.REP.NOM.DeMINT,Jim DeMint to be Republican Presidential Nominee in 2012,1,1.1,Nov/16/2010 09:42:36
713090,2012.REP.NOM.DeMINT,Jim DeMint to be Republican Presidential Nominee in 2012,1,1.1,Nov/16/2010 09:42:39
713090,2012.REP.NOM.DeMINT,Jim DeMint to be Republican Presidential Nominee in 2012,1,1.1,Nov/16/2010 09:42:43
713090,2012.REP.NOM.DeMINT,Jim DeMint to be Republican Presidential Nominee in 2012,1,1.1,Nov/16/2010 09:42:50
713090,2012.REP.NOM.DeMINT,Jim DeMint to be Republican Presidential Nominee in 2012,1,1.1,Nov/16/2010 09:42:54
713090,2012.REP.NOM.DeMINT,Jim DeMint to be Republican Presidential Nominee in 2012,33,1.1,Nov/17/2010 07:36:28
713090,2012.REP.NOM.DeMINT,Jim DeMint to be Republican Presidential Nominee in 2012,1,1.2,Nov/17/2010 07:36:28
713090,2012.REP.NOM.DeMINT,Jim DeMint to be Republican Presidential Nominee in 2012,10,1.2,Nov/17/2010 07:36:28
713090,2012.REP.NOM.DeMINT,Jim DeMint to be Republican Presidential Nominee in 2012,10,1.1,Nov/19/2010 08:32:39
713090,2012.REP.NOM.DeMINT,Jim DeMint to be Republican Presidential Nominee in 2012,10,1.1,Nov/19/2010 08:32:44
713090,2012.REP.NOM.DeMINT,Jim DeMint to be Republican Presidential Nominee in 2012,1,1.2,Nov/19/2010 19:17:48
713090,2012.REP.NOM.DeMINT,Jim DeMint to be Republican Presidential Nominee in 2012,3,1.1,Nov/19/2010 19:18:11
713090,2012.REP.NOM.DeMINT,Jim DeMint to be Republican Presidential Nominee in 2012,9,1.2,Nov/19/2010 19:18:11
713090,2012.REP.NOM.DeMINT,Jim DeMint to be Republican Presidential Nominee in 2012,10,1.1,Nov/20/2010 18:38:38
713090,2012.REP.NOM.DeMINT,Jim DeMint to be Republican Presidential Nominee in 2012,10,1.1,Nov/21/2010 08:46:22
713090,2012.REP.NOM.DeMINT,Jim DeMint to be Republican Presidential Nominee in 2012,11,1.1,Nov/21/2010 23:02:38
713090,2012.REP.NOM.DeMINT,Jim DeMint to be Republican Presidential Nominee in 2012,5,1.3,Nov/22/2010 23:20:42
713090,2012.REP.NOM.DeMINT,Jim DeMint to be Republican Presidential Nominee in 2012,7,1.4,Nov/22/2010 23:21:37
713090,2012.REP.NOM.DeMINT,Jim DeMint to be Republican Presidential Nominee in 2012,3,1.4,Nov/22/2010 23:21:37
713090,2012.REP.NOM.DeMINT,Jim DeMint to be Republican Presidential Nominee in 2012,1,1.1,Nov/23/2010 16:39:47
713090,2012.REP.NOM.DeMINT,Jim DeMint to be Republican Presidential Nominee in 2012,1,1.3,Nov/23/2010 16:39:47
713090,2012.REP.NOM.DeMINT,Jim DeMint to be Republican Presidential Nominee in 2012,3,1.1,Nov/23/2010 16:39:47
713090,2012.REP.NOM.DeMINT,Jim DeMint to be Republican Presidential Nominee in 2012,10,1.2,Nov/23/2010 16:39:47
713090,2012.REP.NOM.DeMINT,Jim DeMint to be Republican Presidential Nominee in 2012,23,1.0,Nov/24/2010 10:16:52
713090,2012.REP.NOM.DeMINT,Jim DeMint to be Republican Presidential Nominee in 2012,7,1.1,Nov/24/2010 10:16:52
713090,2012.REP.NOM.DeMINT,Jim DeMint to be Republican Presidential Nominee in 2012,10,1.1,Nov/24/2010 10:16:52
713090,2012.REP.NOM.DeMINT,Jim DeMint to be Republican Presidential Nominee in 2012,1,1.0,Nov/24/2010 19:17:13
713090,2012.REP.NOM.DeMINT,Jim DeMint to be Republican Presidential Nominee in 2012,10,0.8,Dec/29/2010 14:06:40
713090,2012.REP.NOM.DeMINT,Jim DeMint to be Republican Presidential Nominee in 2012,12,0.8,Dec/29/2010 22:45:56
713090,2012.REP.NOM.DeMINT,Jim DeMint to be Republican Presidential Nominee in 2012,1,0.8,Jan/01/2011 12:29:31
713090,2012.REP.NOM.DeMINT,Jim DeMint to be Republican Presidential Nominee in 2012,10,0.8,Jan/01/2011 12:31:48
713090,2012.REP.NOM.DeMINT,Jim DeMint to be Republican Presidential Nominee in 2012,10,0.8,Jan/01/2011 14:15:13
713090,2012.REP.NOM.DeMINT,Jim DeMint to be Republican Presidential Nominee in 2012,10,0.8,Jan/01/2011 14:30:08
713090,2012.REP.NOM.DeMINT,Jim DeMint to be Republican Presidential Nominee in 2012,13,1.0,Jan/01/2011 14:36:03
713090,2012.REP.NOM.DeMINT,Jim DeMint to be Republican Presidential Nominee in 2012,9,1.0,Jan/01/2011 14:36:03
713090,2012.REP.NOM.DeMINT,Jim DeMint to be Republican Presidential Nominee in 2012,5,0.9,Jan/01/2011 14:36:03
713090,2012.REP.NOM.DeMINT,Jim DeMint to be Republican Presidential Nominee in 2012,5,0.9,Jan/01/2011 14:36:03
713090,2012.REP.NOM.DeMINT,Jim DeMint to be Republican Presidential Nominee in 2012,5,0.9,Jan/01/2011 14:36:03
713090,2012.REP.NOM.DeMINT,Jim DeMint to be Republican Presidential Nominee in 2012,5,0.9,Jan/01/2011 14:36:03
713090,2012.REP.NOM.DeMINT,Jim DeMint to be Republican Presidential Nominee in 2012,5,0.9,Jan/01/2011 14:36:03
713090,2012.REP.NOM.DeMINT,Jim DeMint to be Republican Presidential Nominee in 2012,5,0.9,Jan/01/2011 14:36:03
713090,2012.REP.NOM.DeMINT,Jim DeMint to be Republican Presidential Nominee in 2012,5,0.9,Jan/01/2011 14:36:03
713090,2012.REP.NOM.DeMINT,Jim DeMint to be Republican Presidential Nominee in 2012,5,0.9,Jan/01/2011 14:36:03
713090,2012.REP.NOM.DeMINT,Jim DeMint to be Republican Presidential Nominee in 2012,5,0.9,Jan/01/2011 14:36:03
713090,2012.REP.NOM.DeMINT,Jim DeMint to be Republican Presidential Nominee in 2012,28,0.9,Jan/01/2011 14:36:03
713090,2012.REP.NOM.DeMINT,Jim DeMint to be Republican Presidential Nominee in 2012,5,0.9,Jan/01/2011 14:36:03
713090,2012.REP.NOM.DeMINT,Jim DeMint to be Republican Presidential Nominee in 2012,1,0.8,Jan/01/2011 19:27:36
713090,2012.REP.NOM.DeMINT,Jim DeMint to be Republican Presidential Nominee in 2012,1,0.8,Jan/01/2011 19:30:40
713090,2012.REP.NOM.DeMINT,Jim DeMint to be Republican Presidential Nominee in 2012,23,0.7,Jan/01/2011 21:57:52
713090,2012.REP.NOM.DeMINT,Jim DeMint to be Republican Presidential Nominee in 2012,131,0.5,Jan/02/2011 04:41:56
713090,2012.REP.NOM.DeMINT,Jim DeMint to be Republican Presidential Nominee in 2012,100,0.6,Jan/02/2011 04:41:56
713090,2012.REP.NOM.DeMINT,Jim DeMint to be Republican Presidential Nominee in 2012,10,0.4,Jan/03/2011 03:11:29
713090,2012.REP.NOM.DeMINT,Jim DeMint to be Republican Presidential Nominee in 2012,50,0.5,Jan/03/2011 03:11:57
713090,2012.REP.NOM.DeMINT,Jim DeMint to be Republican Presidential Nominee in 2012,100,0.5,Jan/03/2011 03:12:15
713090,2012.REP.NOM.DeMINT,Jim DeMint to be Republican Presidential Nominee in 2012,100,0.5,Jan/03/2011 03:12:27
713090,2012.REP.NOM.DeMINT,Jim DeMint to be Republican Presidential Nominee in 2012,19,0.5,Jan/03/2011 03:13:05
713090,2012.REP.NOM.DeMINT,Jim DeMint to be Republican Presidential Nominee in 2012,12,0.7,Jan/03/2011 03:13:21
713090,2012.REP.NOM.DeMINT,Jim DeMint to be Republican Presidential Nominee in 2012,6,0.8,Jan/03/2011 03:14:29
713090,2012.REP.NOM.DeMINT,Jim DeMint to be Republican Presidential Nominee in 2012,10,0.8,Jan/03/2011 03:14:29
713090,2012.REP.NOM.DeMINT,Jim DeMint to be Republican Presidential Nominee in 2012,15,0.8,Jan/03/2011 03:16:00
713090,2012.REP.NOM.DeMINT,Jim DeMint to be Republican Presidential Nominee in 2012,15,0.8,Jan/03/2011 03:16:22
713090,2012.REP.NOM.DeMINT,Jim DeMint to be Republican Presidential Nominee in 2012,4,0.8,Jan/03/2011 03:16:50
713090,2012.REP.NOM.DeMINT,Jim DeMint to be Republican Presidential Nominee in 2012,1,0.3,Jan/03/2011 18:16:15
713090,2012.REP.NOM.DeMINT,Jim DeMint to be Republican Presidential Nominee in 2012,1,0.5,Jan/04/2011 21:01:14
713090,2012.REP.NOM.DeMINT,Jim DeMint to be Republican Presidential Nominee in 2012,10,0.5,Jan/04/2011 21:01:14
713090,2012.REP.NOM.DeMINT,Jim DeMint to be Republican Presidential Nominee in 2012,1,0.5,Jan/08/2011 17:40:18
713090,2012.REP.NOM.DeMINT,Jim DeMint to be Republican Presidential Nominee in 2012,6,0.5,Jan/08/2011 17:40:25
713090,2012.REP.NOM.DeMINT,Jim DeMint to be Republican Presidential Nominee in 2012,1,0.5,Jan/08/2011 17:47:44
713090,2012.REP.NOM.DeMINT,Jim DeMint to be Republican Presidential Nominee in 2012,2,0.5,Jan/08/2011 17:47:50
713090,2012.REP.NOM.DeMINT,Jim DeMint to be Republican Presidential Nominee in 2012,10,0.5,Jan/08/2011 17:47:56
713090,2012.REP.NOM.DeMINT,Jim DeMint to be Republican Presidential Nominee in 2012,2,0.5,Jan/08/2011 17:48:02
713090,2012.REP.NOM.DeMINT,Jim DeMint to be Republican Presidential Nominee in 2012,4,0.5,Jan/08/2011 17:48:08
713090,2012.REP.NOM.DeMINT,Jim DeMint to be Republican Presidential Nominee in 2012,3,0.5,Jan/08/2011 17:48:14
713090,2012.REP.NOM.DeMINT,Jim DeMint to be Republican Presidential Nominee in 2012,1,0.5,Jan/08/2011 17:48:20
713090,2012.REP.NOM.DeMINT,Jim DeMint to be Republican Presidential Nominee in 2012,2,0.5,Jan/08/2011 17:48:26
713090,2012.REP.NOM.DeMINT,Jim DeMint to be Republican Presidential Nominee in 2012,1,0.5,Jan/08/2011 17:48:32
713090,2012.REP.NOM.DeMINT,Jim DeMint to be Republican Presidential Nominee in 2012,2,0.5,Jan/08/2011 17:48:38
713090,2012.REP.NOM.DeMINT,Jim DeMint to be Republican Presidential Nominee in 2012,4,0.5,Jan/08/2011 17:48:44
713090,2012.REP.NOM.DeMINT,Jim DeMint to be Republican Presidential Nominee in 2012,2,0.4,Jan/08/2011 17:48:50
713090,2012.REP.NOM.DeMINT,Jim DeMint to be Republican Presidential Nominee in 2012,1,0.4,Jan/08/2011 17:48:56
713090,2012.REP.NOM.DeMINT,Jim DeMint to be Republican Presidential Nominee in 2012,10,0.4,Jan/08/2011 17:49:02
713090,2012.REP.NOM.DeMINT,Jim DeMint to be Republican Presidential Nominee in 2012,11,0.4,Jan/08/2011 18:08:55
713090,2012.REP.NOM.DeMINT,Jim DeMint to be Republican Presidential Nominee in 2012,10,0.5,Jan/09/2011 23:21:22
713090,2012.REP.NOM.DeMINT,Jim DeMint to be Republican Presidential Nominee in 2012,10,0.5,Jan/09/2011 23:21:22
713090,2012.REP.NOM.DeMINT,Jim DeMint to be Republican Presidential Nominee in 2012,10,0.5,Jan/09/2011 23:21:22
713090,2012.REP.NOM.DeMINT,Jim DeMint to be Republican Presidential Nominee in 2012,30,0.5,Jan/09/2011 23:21:22
713090,2012.REP.NOM.DeMINT,Jim DeMint to be Republican Presidential Nominee in 2012,10,0.6,Jan/09/2011 23:21:49
713090,2012.REP.NOM.DeMINT,Jim DeMint to be Republican Presidential Nominee in 2012,10,0.6,Jan/09/2011 23:21:49
713090,2012.REP.NOM.DeMINT,Jim DeMint to be Republican Presidential Nominee in 2012,10,0.6,Jan/09/2011 23:21:49
713090,2012.REP.NOM.DeMINT,Jim DeMint to be Republican Presidential Nominee in 2012,10,0.6,Jan/09/2011 23:21:49
713090,2012.REP.NOM.DeMINT,Jim DeMint to be Republican Presidential Nominee in 2012,5,0.5,Jan/12/2011 03:06:20
713090,2012.REP.NOM.DeMINT,Jim DeMint to be Republican Presidential Nominee in 2012,15,0.7,Jan/12/2011 05:04:39
713090,2012.REP.NOM.DeMINT,Jim DeMint to be Republican Presidential Nominee in 2012,10,0.7,Jan/12/2011 05:04:39
713090,2012.REP.NOM.DeMINT,Jim DeMint to be Republican Presidential Nominee in 2012,10,0.7,Jan/12/2011 05:04:39
713090,2012.REP.NOM.DeMINT,Jim DeMint to be Republican Presidential Nominee in 2012,10,0.7,Jan/12/2011 05:04:39
713090,2012.REP.NOM.DeMINT,Jim DeMint to be Republican Presidential Nominee in 2012,10,0.6,Jan/12/2011 05:04:39
713090,2012.REP.NOM.DeMINT,Jim DeMint to be Republican Presidential Nominee in 2012,10,0.7,Jan/12/2011 05:04:39
713090,2012.REP.NOM.DeMINT,Jim DeMint to be Republican Presidential Nominee in 2012,10,0.7,Jan/12/2011 05:04:39
713090,2012.REP.NOM.DeMINT,Jim DeMint to be Republican Presidential Nominee in 2012,10,0.6,Jan/12/2011 05:04:39
713090,2012.REP.NOM.DeMINT,Jim DeMint to be Republican Presidential Nominee in 2012,10,0.7,Jan/12/2011 05:04:39
713090,2012.REP.NOM.DeMINT,Jim DeMint to be Republican Presidential Nominee in 2012,10,0.7,Jan/12/2011 05:04:39
713090,2012.REP.NOM.DeMINT,Jim DeMint to be Republican Presidential Nominee in 2012,10,0.6,Jan/12/2011 05:04:39
713090,2012.REP.NOM.DeMINT,Jim DeMint to be Republican Presidential Nominee in 2012,10,0.6,Jan/12/2011 05:04:39
713090,2012.REP.NOM.DeMINT,Jim DeMint to be Republican Presidential Nominee in 2012,10,0.6,Jan/12/2011 05:04:39
713090,2012.REP.NOM.DeMINT,Jim DeMint to be Republican Presidential Nominee in 2012,10,0.7,Jan/12/2011 05:04:39
713090,2012.REP.NOM.DeMINT,Jim DeMint to be Republican Presidential Nominee in 2012,5,0.6,Jan/12/2011 05:04:39
713090,2012.REP.NOM.DeMINT,Jim DeMint to be Republican Presidential Nominee in 2012,10,0.7,Jan/12/2011 05:04:39
713090,2012.REP.NOM.DeMINT,Jim DeMint to be Republican Presidential Nominee in 2012,5,0.5,Jan/13/2011 03:26:04
713090,2012.REP.NOM.DeMINT,Jim DeMint to be Republican Presidential Nominee in 2012,50,0.5,Jan/13/2011 22:31:24
713090,2012.REP.NOM.DeMINT,Jim DeMint to be Republican Presidential Nominee in 2012,10,0.7,Jan/15/2011 03:44:50
713090,2012.REP.NOM.DeMINT,Jim DeMint to be Republican Presidential Nominee in 2012,10,0.7,Jan/15/2011 03:44:50
713090,2012.REP.NOM.DeMINT,Jim DeMint to be Republican Presidential Nominee in 2012,10,0.7,Jan/15/2011 03:44:50
713090,2012.REP.NOM.DeMINT,Jim DeMint to be Republican Presidential Nominee in 2012,10,0.7,Jan/15/2011 03:44:50
713090,2012.REP.NOM.DeMINT,Jim DeMint to be Republican Presidential Nominee in 2012,45,0.5,Jan/15/2011 21:17:57
713090,2012.REP.NOM.DeMINT,Jim DeMint to be Republican Presidential Nominee in 2012,29,0.4,Jan/15/2011 21:18:19
713090,2012.REP.NOM.DeMINT,Jim DeMint to be Republican Presidential Nominee in 2012,1,0.4,Jan/19/2011 13:52:57
713090,2012.REP.NOM.DeMINT,Jim DeMint to be Republican Presidential Nominee in 2012,1,0.4,Jan/19/2011 13:53:03
713090,2012.REP.NOM.DeMINT,Jim DeMint to be Republican Presidential Nominee in 2012,2,0.4,Jan/19/2011 13:53:34
713090,2012.REP.NOM.DeMINT,Jim DeMint to be Republican Presidential Nominee in 2012,5,0.4,Jan/20/2011 15:03:55
713090,2012.REP.NOM.DeMINT,Jim DeMint to be Republican Presidential Nominee in 2012,4,0.4,Jan/20/2011 15:04:27
713090,2012.REP.NOM.DeMINT,Jim DeMint to be Republican Presidential Nominee in 2012,1,0.4,Jan/20/2011 15:07:50
713090,2012.REP.NOM.DeMINT,Jim DeMint to be Republican Presidential Nominee in 2012,1,0.4,Jan/20/2011 15:07:56
713090,2012.REP.NOM.DeMINT,Jim DeMint to be Republican Presidential Nominee in 2012,1,0.4,Jan/20/2011 15:08:26
713090,2012.REP.NOM.DeMINT,Jim DeMint to be Republican Presidential Nominee in 2012,1,0.4,Jan/20/2011 15:08:32
713090,2012.REP.NOM.DeMINT,Jim DeMint to be Republican Presidential Nominee in 2012,3,0.4,Jan/20/2011 15:09:07
713090,2012.REP.NOM.DeMINT,Jim DeMint to be Republican Presidential Nominee in 2012,2,0.4,Jan/20/2011 15:10:17
713090,2012.REP.NOM.DeMINT,Jim DeMint to be Republican Presidential Nominee in 2012,3,0.4,Jan/20/2011 15:10:23
713090,2012.REP.NOM.DeMINT,Jim DeMint to be Republican Presidential Nominee in 2012,3,0.4,Jan/20/2011 15:10:53
713090,2012.REP.NOM.DeMINT,Jim DeMint to be Republican Presidential Nominee in 2012,1,0.4,Jan/21/2011 19:22:27
713090,2012.REP.NOM.DeMINT,Jim DeMint to be Republican Presidential Nominee in 2012,4,0.4,Jan/21/2011 19:23:37
713090,2012.REP.NOM.DeMINT,Jim DeMint to be Republican Presidential Nominee in 2012,4,0.4,Jan/21/2011 19:24:08
713090,2012.REP.NOM.DeMINT,Jim DeMint to be Republican Presidential Nominee in 2012,1,0.4,Jan/21/2011 19:24:43
713090,2012.REP.NOM.DeMINT,Jim DeMint to be Republican Presidential Nominee in 2012,1,0.4,Jan/21/2011 19:26:13
713090,2012.REP.NOM.DeMINT,Jim DeMint to be Republican Presidential Nominee in 2012,2,0.4,Jan/21/2011 19:26:19
713090,2012.REP.NOM.DeMINT,Jim DeMint to be Republican Presidential Nominee in 2012,2,0.4,Jan/21/2011 19:26:21
713090,2012.REP.NOM.DeMINT,Jim DeMint to be Republican Presidential Nominee in 2012,104,0.4,Jan/21/2011 19:46:49
713090,2012.REP.NOM.DeMINT,Jim DeMint to be Republican Presidential Nominee in 2012,1,0.4,Jan/21/2011 19:46:49
713090,2012.REP.NOM.DeMINT,Jim DeMint to be Republican Presidential Nominee in 2012,45,0.4,Jan/21/2011 21:28:39
713090,2012.REP.NOM.DeMINT,Jim DeMint to be Republican Presidential Nominee in 2012,10,0.4,Jan/21/2011 21:28:39
713090,2012.REP.NOM.DeMINT,Jim DeMint to be Republican Presidential Nominee in 2012,10,0.5,Jan/21/2011 21:33:01
713090,2012.REP.NOM.DeMINT,Jim DeMint to be Republican Presidential Nominee in 2012,500,0.5,Jan/21/2011 21:33:01
713090,2012.REP.NOM.DeMINT,Jim DeMint to be Republican Presidential Nominee in 2012,1,0.5,Jan/21/2011 21:33:01
713090,2012.REP.NOM.DeMINT,Jim DeMint to be Republican Presidential Nominee in 2012,2,0.4,Jan/21/2011 21:52:06
713090,2012.REP.NOM.DeMINT,Jim DeMint to be Republican Presidential Nominee in 2012,3,0.4,Jan/21/2011 22:12:19
713090,2012.REP.NOM.DeMINT,Jim DeMint to be Republican Presidential Nominee in 2012,1,0.3,Jan/22/2011 00:01:33
713090,2012.REP.NOM.DeMINT,Jim DeMint to be Republican Presidential Nominee in 2012,1,0.3,Jan/22/2011 00:01:33
713090,2012.REP.NOM.DeMINT,Jim DeMint to be Republican Presidential Nominee in 2012,8,0.3,Jan/22/2011 00:08:05
713090,2012.REP.NOM.DeMINT,Jim DeMint to be Republican Presidential Nominee in 2012,3,0.3,Jan/22/2011 00:08:11
713090,2012.REP.NOM.DeMINT,Jim DeMint to be Republican Presidential Nominee in 2012,10,0.3,Jan/22/2011 03:58:50
713090,2012.REP.NOM.DeMINT,Jim DeMint to be Republican Presidential Nominee in 2012,1,0.3,Jan/23/2011 16:18:29
713090,2012.REP.NOM.DeMINT,Jim DeMint to be Republican Presidential Nominee in 2012,1,0.3,Jan/23/2011 16:19:00
713090,2012.REP.NOM.DeMINT,Jim DeMint to be Republican Presidential Nominee in 2012,1,0.3,Jan/23/2011 16:19:25
713090,2012.REP.NOM.DeMINT,Jim DeMint to be Republican Presidential Nominee in 2012,1,0.3,Jan/23/2011 16:19:32
713090,2012.REP.NOM.DeMINT,Jim DeMint to be Republican Presidential Nominee in 2012,1,0.3,Jan/23/2011 16:19:38
713090,2012.REP.NOM.DeMINT,Jim DeMint to be Republican Presidential Nominee in 2012,1,0.3,Jan/23/2011 16:19:59
713090,2012.REP.NOM.DeMINT,Jim DeMint to be Republican Presidential Nominee in 2012,1,0.3,Jan/23/2011 16:20:55
713090,2012.REP.NOM.DeMINT,Jim DeMint to be Republican Presidential Nominee in 2012,1,0.3,Jan/23/2011 16:21:00
713090,2012.REP.NOM.DeMINT,Jim DeMint to be Republican Presidential Nominee in 2012,1,0.3,Jan/23/2011 16:21:06
713090,2012.REP.NOM.DeMINT,Jim DeMint to be Republican Presidential Nominee in 2012,1,0.3,Jan/23/2011 16:21:43
713090,2012.REP.NOM.DeMINT,Jim DeMint to be Republican Presidential Nominee in 2012,7,0.4,Jan/23/2011 17:52:11
713090,2012.REP.NOM.DeMINT,Jim DeMint to be Republican Presidential Nominee in 2012,1,0.4,Jan/25/2011 11:31:16
713090,2012.REP.NOM.DeMINT,Jim DeMint to be Republican Presidential Nominee in 2012,2,0.4,Jan/25/2011 11:31:22
713090,2012.REP.NOM.DeMINT,Jim DeMint to be Republican Presidential Nominee in 2012,2,0.4,Jan/25/2011 11:31:28
713090,2012.REP.NOM.DeMINT,Jim DeMint to be Republican Presidential Nominee in 2012,2,0.4,Jan/25/2011 11:31:34
713090,2012.REP.NOM.DeMINT,Jim DeMint to be Republican Presidential Nominee in 2012,2,0.5,Jan/26/2011 20:14:06
713090,2012.REP.NOM.DeMINT,Jim DeMint to be Republican Presidential Nominee in 2012,3,0.5,Jan/26/2011 20:14:06
713090,2012.REP.NOM.DeMINT,Jim DeMint to be Republican Presidential Nominee in 2012,5,0.5,Jan/26/2011 22:02:03
713090,2012.REP.NOM.DeMINT,Jim DeMint to be Republican Presidential Nominee in 2012,10,0.6,Jan/27/2011 16:12:15
713090,2012.REP.NOM.DeMINT,Jim DeMint to be Republican Presidential Nominee in 2012,10,0.6,Jan/27/2011 16:12:15
713090,2012.REP.NOM.DeMINT,Jim DeMint to be Republican Presidential Nominee in 2012,10,0.6,Jan/27/2011 16:12:15
713090,2012.REP.NOM.DeMINT,Jim DeMint to be Republican Presidential Nominee in 2012,10,0.7,Jan/27/2011 16:12:15
713090,2012.REP.NOM.DeMINT,Jim DeMint to be Republican Presidential Nominee in 2012,10,0.7,Jan/27/2011 16:12:15
713090,2012.REP.NOM.DeMINT,Jim DeMint to be Republican Presidential Nominee in 2012,10,0.7,Jan/27/2011 16:12:15
713090,2012.REP.NOM.DeMINT,Jim DeMint to be Republican Presidential Nominee in 2012,10,0.7,Jan/27/2011 16:12:15
713090,2012.REP.NOM.DeMINT,Jim DeMint to be Republican Presidential Nominee in 2012,10,0.7,Jan/27/2011 16:12:15
713090,2012.REP.NOM.DeMINT,Jim DeMint to be Republican Presidential Nominee in 2012,1,0.6,Jan/27/2011 16:12:15
713090,2012.REP.NOM.DeMINT,Jim DeMint to be Republican Presidential Nominee in 2012,10,0.7,Jan/27/2011 16:12:15
713090,2012.REP.NOM.DeMINT,Jim DeMint to be Republican Presidential Nominee in 2012,9,0.7,Jan/27/2011 16:12:15
713090,2012.REP.NOM.DeMINT,Jim DeMint to be Republican Presidential Nominee in 2012,1,0.7,Jan/27/2011 18:05:59
713090,2012.REP.NOM.DeMINT,Jim DeMint to be Republican Presidential Nominee in 2012,9,0.7,Jan/27/2011 18:05:59
713090,2012.REP.NOM.DeMINT,Jim DeMint to be Republican Presidential Nominee in 2012,1,0.7,Jan/27/2011 22:19:39
713090,2012.REP.NOM.DeMINT,Jim DeMint to be Republican Presidential Nominee in 2012,10,0.7,Jan/27/2011 22:19:39
713090,2012.REP.NOM.DeMINT,Jim DeMint to be Republican Presidential Nominee in 2012,10,0.7,Jan/27/2011 22:19:39
713090,2012.REP.NOM.DeMINT,Jim DeMint to be Republican Presidential Nominee in 2012,10,0.8,Jan/27/2011 22:20:05
713090,2012.REP.NOM.DeMINT,Jim DeMint to be Republican Presidential Nominee in 2012,9,0.8,Jan/27/2011 22:20:05
713090,2012.REP.NOM.DeMINT,Jim DeMint to be Republican Presidential Nominee in 2012,1,0.8,Jan/27/2011 22:21:23
713090,2012.REP.NOM.DeMINT,Jim DeMint to be Republican Presidential Nominee in 2012,10,0.8,Jan/27/2011 22:21:23
713090,2012.REP.NOM.DeMINT,Jim DeMint to be Republican Presidential Nominee in 2012,10,0.8,Jan/27/2011 22:21:23
713090,2012.REP.NOM.DeMINT,Jim DeMint to be Republican Presidential Nominee in 2012,10,0.8,Jan/27/2011 22:21:23
713090,2012.REP.NOM.DeMINT,Jim DeMint to be Republican Presidential Nominee in 2012,10,0.8,Jan/27/2011 22:21:23
713090,2012.REP.NOM.DeMINT,Jim DeMint to be Republican Presidential Nominee in 2012,9,0.8,Jan/27/2011 22:21:23
713090,2012.REP.NOM.DeMINT,Jim DeMint to be Republican Presidential Nominee in 2012,1,0.8,Jan/27/2011 22:21:39
713090,2012.REP.NOM.DeMINT,Jim DeMint to be Republican Presidential Nominee in 2012,10,0.8,Jan/27/2011 22:21:39
713090,2012.REP.NOM.DeMINT,Jim DeMint to be Republican Presidential Nominee in 2012,10,0.8,Jan/27/2011 22:21:39
713090,2012.REP.NOM.DeMINT,Jim DeMint to be Republican Presidential Nominee in 2012,10,0.8,Jan/27/2011 22:21:39
713090,2012.REP.NOM.DeMINT,Jim DeMint to be Republican Presidential Nominee in 2012,10,0.8,Jan/27/2011 22:21:39
713090,2012.REP.NOM.DeMINT,Jim DeMint to be Republican Presidential Nominee in 2012,10,0.8,Jan/27/2011 22:21:39
713090,2012.REP.NOM.DeMINT,Jim DeMint to be Republican Presidential Nominee in 2012,10,0.8,Jan/27/2011 22:21:39
713090,2012.REP.NOM.DeMINT,Jim DeMint to be Republican Presidential Nominee in 2012,10,0.8,Jan/27/2011 22:21:39
713090,2012.REP.NOM.DeMINT,Jim DeMint to be Republican Presidential Nominee in 2012,10,0.8,Jan/27/2011 22:21:39
713090,2012.REP.NOM.DeMINT,Jim DeMint to be Republican Presidential Nominee in 2012,300,0.9,Jan/27/2011 22:25:34
713090,2012.REP.NOM.DeMINT,Jim DeMint to be Republican Presidential Nominee in 2012,10,0.9,Jan/27/2011 22:32:17
713090,2012.REP.NOM.DeMINT,Jim DeMint to be Republican Presidential Nominee in 2012,40,0.9,Jan/27/2011 22:49:36
713090,2012.REP.NOM.DeMINT,Jim DeMint to be Republican Presidential Nominee in 2012,350,0.9,Jan/28/2011 03:08:40
713090,2012.REP.NOM.DeMINT,Jim DeMint to be Republican Presidential Nominee in 2012,10,1.0,Jan/28/2011 04:15:15
713090,2012.REP.NOM.DeMINT,Jim DeMint to be Republican Presidential Nominee in 2012,10,1.0,Jan/28/2011 04:15:15
713090,2012.REP.NOM.DeMINT,Jim DeMint to be Republican Presidential Nominee in 2012,10,1.0,Jan/28/2011 04:15:15
713090,2012.REP.NOM.DeMINT,Jim DeMint to be Republican Presidential Nominee in 2012,10,1.0,Jan/28/2011 04:15:15
713090,2012.REP.NOM.DeMINT,Jim DeMint to be Republican Presidential Nominee in 2012,10,1.0,Jan/28/2011 04:15:15
713090,2012.REP.NOM.DeMINT,Jim DeMint to be Republican Presidential Nominee in 2012,10,1.0,Jan/28/2011 04:45:30
713090,2012.REP.NOM.DeMINT,Jim DeMint to be Republican Presidential Nominee in 2012,10,1.0,Jan/28/2011 04:45:30
713090,2012.REP.NOM.DeMINT,Jim DeMint to be Republican Presidential Nominee in 2012,10,1.0,Jan/28/2011 04:45:30
713090,2012.REP.NOM.DeMINT,Jim DeMint to be Republican Presidential Nominee in 2012,17,1.1,Jan/28/2011 15:02:12
713090,2012.REP.NOM.DeMINT,Jim DeMint to be Republican Presidential Nominee in 2012,5,1.3,Jan/28/2011 15:03:11
713090,2012.REP.NOM.DeMINT,Jim DeMint to be Republican Presidential Nominee in 2012,20,1.4,Jan/28/2011 15:03:11
713090,2012.REP.NOM.DeMINT,Jim DeMint to be Republican Presidential Nominee in 2012,5,1.4,Jan/28/2011 15:03:11
713090,2012.REP.NOM.DeMINT,Jim DeMint to be Republican Presidential Nominee in 2012,5,1.4,Jan/28/2011 15:03:51
713090,2012.REP.NOM.DeMINT,Jim DeMint to be Republican Presidential Nominee in 2012,5,1.5,Jan/28/2011 15:04:28
713090,2012.REP.NOM.DeMINT,Jim DeMint to be Republican Presidential Nominee in 2012,10,1.5,Jan/28/2011 15:04:28
713090,2012.REP.NOM.DeMINT,Jim DeMint to be Republican Presidential Nominee in 2012,10,1.5,Jan/28/2011 15:05:19
713090,2012.REP.NOM.DeMINT,Jim DeMint to be Republican Presidential Nominee in 2012,300,1.6,Jan/29/2011 20:07:18
713090,2012.REP.NOM.DeMINT,Jim DeMint to be Republican Presidential Nominee in 2012,10,1.5,Jan/29/2011 20:07:18
713090,2012.REP.NOM.DeMINT,Jim DeMint to be Republican Presidential Nominee in 2012,10,1.5,Jan/29/2011 20:07:18
713090,2012.REP.NOM.DeMINT,Jim DeMint to be Republican Presidential Nominee in 2012,10,1.5,Jan/29/2011 20:07:18
713090,2012.REP.NOM.DeMINT,Jim DeMint to be Republican Presidential Nominee in 2012,9,1.4,Jan/29/2011 20:07:18
713090,2012.REP.NOM.DeMINT,Jim DeMint to be Republican Presidential Nominee in 2012,10,1.3,Jan/29/2011 20:07:18
713090,2012.REP.NOM.DeMINT,Jim DeMint to be Republican Presidential Nominee in 2012,10,1.1,Jan/29/2011 20:07:18
713090,2012.REP.NOM.DeMINT,Jim DeMint to be Republican Presidential Nominee in 2012,10,1.1,Jan/29/2011 20:07:18
713090,2012.REP.NOM.DeMINT,Jim DeMint to be Republican Presidential Nominee in 2012,1,1.7,Jan/29/2011 21:13:44
713090,2012.REP.NOM.DeMINT,Jim DeMint to be Republican Presidential Nominee in 2012,6,1.7,Jan/29/2011 21:13:44
713090,2012.REP.NOM.DeMINT,Jim DeMint to be Republican Presidential Nominee in 2012,10,1.7,Jan/29/2011 21:13:44
713090,2012.REP.NOM.DeMINT,Jim DeMint to be Republican Presidential Nominee in 2012,100,1.7,Jan/30/2011 18:10:45
713090,2012.REP.NOM.DeMINT,Jim DeMint to be Republican Presidential Nominee in 2012,15,1.6,Jan/30/2011 18:10:45
713090,2012.REP.NOM.DeMINT,Jim DeMint to be Republican Presidential Nominee in 2012,25,1.7,Jan/30/2011 18:10:45
713090,2012.REP.NOM.DeMINT,Jim DeMint to be Republican Presidential Nominee in 2012,10,1.6,Jan/30/2011 18:10:45
713090,2012.REP.NOM.DeMINT,Jim DeMint to be Republican Presidential Nominee in 2012,15,1.4,Feb/01/2011 14:51:06
713090,2012.REP.NOM.DeMINT,Jim DeMint to be Republican Presidential Nominee in 2012,10,1.5,Feb/01/2011 14:51:35
713090,2012.REP.NOM.DeMINT,Jim DeMint to be Republican Presidential Nominee in 2012,10,1.6,Feb/01/2011 14:54:09
713090,2012.REP.NOM.DeMINT,Jim DeMint to be Republican Presidential Nominee in 2012,10,1.6,Feb/01/2011 14:54:09
713090,2012.REP.NOM.DeMINT,Jim DeMint to be Republican Presidential Nominee in 2012,20,1.4,Feb/02/2011 15:59:29
713090,2012.REP.NOM.DeMINT,Jim DeMint to be Republican Presidential Nominee in 2012,20,1.5,Feb/02/2011 16:00:06
713090,2012.REP.NOM.DeMINT,Jim DeMint to be Republican Presidential Nominee in 2012,20,1.5,Feb/02/2011 16:00:06
713090,2012.REP.NOM.DeMINT,Jim DeMint to be Republican Presidential Nominee in 2012,10,1.6,Feb/02/2011 16:00:48
713090,2012.REP.NOM.DeMINT,Jim DeMint to be Republican Presidential Nominee in 2012,20,1.6,Feb/02/2011 16:00:48
713090,2012.REP.NOM.DeMINT,Jim DeMint to be Republican Presidential Nominee in 2012,10,1.8,Feb/03/2011 04:42:22
713090,2012.REP.NOM.DeMINT,Jim DeMint to be Republican Presidential Nominee in 2012,4,1.8,Feb/03/2011 04:42:22
713090,2012.REP.NOM.DeMINT,Jim DeMint to be Republican Presidential Nominee in 2012,17,1.7,Feb/03/2011 04:42:22
713090,2012.REP.NOM.DeMINT,Jim DeMint to be Republican Presidential Nominee in 2012,10,1.7,Feb/03/2011 04:42:22
713090,2012.REP.NOM.DeMINT,Jim DeMint to be Republican Presidential Nominee in 2012,10,1.7,Feb/03/2011 04:42:22
713090,2012.REP.NOM.DeMINT,Jim DeMint to be Republican Presidential Nominee in 2012,10,1.7,Feb/03/2011 04:42:22
713090,2012.REP.NOM.DeMINT,Jim DeMint to be Republican Presidential Nominee in 2012,10,1.7,Feb/03/2011 04:42:22
713090,2012.REP.NOM.DeMINT,Jim DeMint to be Republican Presidential Nominee in 2012,10,1.6,Feb/03/2011 04:42:22
713090,2012.REP.NOM.DeMINT,Jim DeMint to be Republican Presidential Nominee in 2012,20,1.6,Feb/03/2011 04:42:22
713090,2012.REP.NOM.DeMINT,Jim DeMint to be Republican Presidential Nominee in 2012,20,1.6,Feb/03/2011 04:42:22
713090,2012.REP.NOM.DeMINT,Jim DeMint to be Republican Presidential Nominee in 2012,19,1.5,Feb/03/2011 04:42:22
713090,2012.REP.NOM.DeMINT,Jim DeMint to be Republican Presidential Nominee in 2012,20,1.4,Feb/03/2011 04:42:22
713090,2012.REP.NOM.DeMINT,Jim DeMint to be Republican Presidential Nominee in 2012,20,1.3,Feb/03/2011 04:42:22
713090,2012.REP.NOM.DeMINT,Jim DeMint to be Republican Presidential Nominee in 2012,20,1.4,Feb/03/2011 04:42:22
713090,2012.REP.NOM.DeMINT,Jim DeMint to be Republican Presidential Nominee in 2012,329,1.8,Feb/03/2011 04:42:51
713090,2012.REP.NOM.DeMINT,Jim DeMint to be Republican Presidential Nominee in 2012,20,1.6,Feb/03/2011 21:23:39
713090,2012.REP.NOM.DeMINT,Jim DeMint to be Republican Presidential Nominee in 2012,5,1.6,Feb/03/2011 21:51:33
713090,2012.REP.NOM.DeMINT,Jim DeMint to be Republican Presidential Nominee in 2012,1,1.5,Feb/03/2011 22:20:30
713090,2012.REP.NOM.DeMINT,Jim DeMint to be Republican Presidential Nominee in 2012,9,1.5,Feb/03/2011 22:36:10
713090,2012.REP.NOM.DeMINT,Jim DeMint to be Republican Presidential Nominee in 2012,11,1.5,Feb/04/2011 15:12:49
713090,2012.REP.NOM.DeMINT,Jim DeMint to be Republican Presidential Nominee in 2012,3,1.6,Feb/04/2011 15:13:10
713090,2012.REP.NOM.DeMINT,Jim DeMint to be Republican Presidential Nominee in 2012,10,1.6,Feb/04/2011 15:13:10
713090,2012.REP.NOM.DeMINT,Jim DeMint to be Republican Presidential Nominee in 2012,1,1.4,Feb/04/2011 22:04:10
713090,2012.REP.NOM.DeMINT,Jim DeMint to be Republican Presidential Nominee in 2012,5,2.0,Feb/06/2011 09:14:55
713090,2012.REP.NOM.DeMINT,Jim DeMint to be Republican Presidential Nominee in 2012,5,2.0,Feb/06/2011 09:14:55
713090,2012.REP.NOM.DeMINT,Jim DeMint to be Republican Presidential Nominee in 2012,8,1.8,Feb/06/2011 09:14:55
713090,2012.REP.NOM.DeMINT,Jim DeMint to be Republican Presidential Nominee in 2012,17,1.7,Feb/06/2011 09:14:55
713090,2012.REP.NOM.DeMINT,Jim DeMint to be Republican Presidential Nominee in 2012,5,1.9,Feb/06/2011 09:14:55
713090,2012.REP.NOM.DeMINT,Jim DeMint to be Republican Presidential Nominee in 2012,5,2.0,Feb/06/2011 09:14:55
713090,2012.REP.NOM.DeMINT,Jim DeMint to be Republican Presidential Nominee in 2012,10,1.9,Feb/06/2011 09:14:55
713090,2012.REP.NOM.DeMINT,Jim DeMint to be Republican Presidential Nominee in 2012,20,1.8,Feb/06/2011 09:14:55
713090,2012.REP.NOM.DeMINT,Jim DeMint to be Republican Presidential Nominee in 2012,20,1.9,Feb/06/2011 09:14:55
713090,2012.REP.NOM.DeMINT,Jim DeMint to be Republican Presidential Nominee in 2012,5,2.0,Feb/06/2011 12:38:57
713090,2012.REP.NOM.DeMINT,Jim DeMint to be Republican Presidential Nominee in 2012,2,1.5,Feb/07/2011 21:45:40
713090,2012.REP.NOM.DeMINT,Jim DeMint to be Republican Presidential Nominee in 2012,1,1.5,Feb/07/2011 21:45:46
713090,2012.REP.NOM.DeMINT,Jim DeMint to be Republican Presidential Nominee in 2012,1,1.5,Feb/07/2011 21:45:52
713090,2012.REP.NOM.DeMINT,Jim DeMint to be Republican Presidential Nominee in 2012,1,1.5,Feb/07/2011 21:50:56
713090,2012.REP.NOM.DeMINT,Jim DeMint to be Republican Presidential Nominee in 2012,1,1.4,Feb/07/2011 21:51:02
713090,2012.REP.NOM.DeMINT,Jim DeMint to be Republican Presidential Nominee in 2012,1,1.4,Feb/09/2011 13:50:55
713090,2012.REP.NOM.DeMINT,Jim DeMint to be Republican Presidential Nominee in 2012,1,1.5,Feb/10/2011 02:27:32
713090,2012.REP.NOM.DeMINT,Jim DeMint to be Republican Presidential Nominee in 2012,1,1.5,Feb/10/2011 02:27:52
713090,2012.REP.NOM.DeMINT,Jim DeMint to be Republican Presidential Nominee in 2012,12,1.4,Feb/10/2011 20:45:14
713090,2012.REP.NOM.DeMINT,Jim DeMint to be Republican Presidential Nominee in 2012,48,1.4,Feb/10/2011 20:45:14
713090,2012.REP.NOM.DeMINT,Jim DeMint to be Republican Presidential Nominee in 2012,18,1.5,Feb/11/2011 15:10:48
713090,2012.REP.NOM.DeMINT,Jim DeMint to be Republican Presidential Nominee in 2012,20,1.5,Feb/11/2011 15:10:48
713090,2012.REP.NOM.DeMINT,Jim DeMint to be Republican Presidential Nominee in 2012,10,1.5,Feb/11/2011 15:10:48
713090,2012.REP.NOM.DeMINT,Jim DeMint to be Republican Presidential Nominee in 2012,20,1.4,Feb/13/2011 00:57:49
713090,2012.REP.NOM.DeMINT,Jim DeMint to be Republican Presidential Nominee in 2012,20,1.4,Feb/13/2011 01:05:58
713090,2012.REP.NOM.DeMINT,Jim DeMint to be Republican Presidential Nominee in 2012,12,1.4,Feb/13/2011 06:22:24
713090,2012.REP.NOM.DeMINT,Jim DeMint to be Republican Presidential Nominee in 2012,20,1.0,Feb/13/2011 22:09:44
713090,2012.REP.NOM.DeMINT,Jim DeMint to be Republican Presidential Nominee in 2012,20,1.0,Feb/13/2011 22:09:44
713090,2012.REP.NOM.DeMINT,Jim DeMint to be Republican Presidential Nominee in 2012,333,0.6,Feb/14/2011 13:37:59
713090,2012.REP.NOM.DeMINT,Jim DeMint to be Republican Presidential Nominee in 2012,22,0.7,Feb/14/2011 13:37:59
713090,2012.REP.NOM.DeMINT,Jim DeMint to be Republican Presidential Nominee in 2012,1,0.9,Feb/14/2011 13:37:59
713090,2012.REP.NOM.DeMINT,Jim DeMint to be Republican Presidential Nominee in 2012,10,1.0,Feb/14/2011 13:37:59
713090,2012.REP.NOM.DeMINT,Jim DeMint to be Republican Presidential Nominee in 2012,30,1.0,Feb/14/2011 13:37:59
713090,2012.REP.NOM.DeMINT,Jim DeMint to be Republican Presidential Nominee in 2012,8,1.4,Feb/14/2011 17:04:10
713090,2012.REP.NOM.DeMINT,Jim DeMint to be Republican Presidential Nominee in 2012,20,1.4,Feb/14/2011 17:04:10
713090,2012.REP.NOM.DeMINT,Jim DeMint to be Republican Presidential Nominee in 2012,17,1.3,Feb/14/2011 17:04:10
713090,2012.REP.NOM.DeMINT,Jim DeMint to be Republican Presidential Nominee in 2012,19,1.1,Feb/14/2011 17:04:10
713090,2012.REP.NOM.DeMINT,Jim DeMint to be Republican Presidential Nominee in 2012,20,1.1,Feb/14/2011 17:04:10
713090,2012.REP.NOM.DeMINT,Jim DeMint to be Republican Presidential Nominee in 2012,20,1.0,Feb/14/2011 17:04:10
713090,2012.REP.NOM.DeMINT,Jim DeMint to be Republican Presidential Nominee in 2012,1,1.1,Feb/14/2011 17:04:10
713090,2012.REP.NOM.DeMINT,Jim DeMint to be Republican Presidential Nominee in 2012,1,1.2,Feb/14/2011 17:04:10
713090,2012.REP.NOM.DeMINT,Jim DeMint to be Republican Presidential Nominee in 2012,1,1.3,Feb/14/2011 17:04:10
713090,2012.REP.NOM.DeMINT,Jim DeMint to be Republican Presidential Nominee in 2012,1,1.7,Feb/14/2011 17:05:54
713090,2012.REP.NOM.DeMINT,Jim DeMint to be Republican Presidential Nominee in 2012,10,1.6,Feb/14/2011 17:05:54
713090,2012.REP.NOM.DeMINT,Jim DeMint to be Republican Presidential Nominee in 2012,10,1.5,Feb/14/2011 17:05:54
713090,2012.REP.NOM.DeMINT,Jim DeMint to be Republican Presidential Nominee in 2012,8,1.8,Feb/14/2011 17:06:08
713090,2012.REP.NOM.DeMINT,Jim DeMint to be Republican Presidential Nominee in 2012,20,1.8,Feb/14/2011 17:06:08
713090,2012.REP.NOM.DeMINT,Jim DeMint to be Republican Presidential Nominee in 2012,13,2.0,Feb/14/2011 17:07:41
713090,2012.REP.NOM.DeMINT,Jim DeMint to be Republican Presidential Nominee in 2012,80,2.0,Feb/14/2011 17:07:41
713090,2012.REP.NOM.DeMINT,Jim DeMint to be Republican Presidential Nominee in 2012,5,1.0,Feb/15/2011 13:01:40
713090,2012.REP.NOM.DeMINT,Jim DeMint to be Republican Presidential Nominee in 2012,100,0.8,Feb/15/2011 14:46:58
713090,2012.REP.NOM.DeMINT,Jim DeMint to be Republican Presidential Nominee in 2012,200,0.7,Feb/15/2011 14:46:58
713090,2012.REP.NOM.DeMINT,Jim DeMint to be Republican Presidential Nominee in 2012,15,1.0,Feb/15/2011 14:46:58
713090,2012.REP.NOM.DeMINT,Jim DeMint to be Republican Presidential Nominee in 2012,283,0.4,Feb/15/2011 15:11:20
713090,2012.REP.NOM.DeMINT,Jim DeMint to be Republican Presidential Nominee in 2012,1,0.5,Feb/15/2011 15:11:20
713090,2012.REP.NOM.DeMINT,Jim DeMint to be Republican Presidential Nominee in 2012,34,0.6,Feb/15/2011 15:11:20
713090,2012.REP.NOM.DeMINT,Jim DeMint to be Republican Presidential Nominee in 2012,20,1.7,Feb/15/2011 17:43:55
713090,2012.REP.NOM.DeMINT,Jim DeMint to be Republican Presidential Nominee in 2012,200,1.7,Feb/15/2011 17:43:55
713090,2012.REP.NOM.DeMINT,Jim DeMint to be Republican Presidential Nominee in 2012,20,1.1,Feb/16/2011 16:33:47
713090,2012.REP.NOM.DeMINT,Jim DeMint to be Republican Presidential Nominee in 2012,20,1.1,Feb/16/2011 16:35:21
713090,2012.REP.NOM.DeMINT,Jim DeMint to be Republican Presidential Nominee in 2012,1,1.0,Feb/17/2011 06:18:54
713090,2012.REP.NOM.DeMINT,Jim DeMint to be Republican Presidential Nominee in 2012,20,1.1,Feb/17/2011 07:50:36
713090,2012.REP.NOM.DeMINT,Jim DeMint to be Republican Presidential Nominee in 2012,1,1.0,Feb/17/2011 14:52:31
713090,2012.REP.NOM.DeMINT,Jim DeMint to be Republican Presidential Nominee in 2012,1,1.0,Feb/17/2011 14:53:47
713090,2012.REP.NOM.DeMINT,Jim DeMint to be Republican Presidential Nominee in 2012,3,1.0,Feb/17/2011 14:53:57
713090,2012.REP.NOM.DeMINT,Jim DeMint to be Republican Presidential Nominee in 2012,4,1.0,Feb/17/2011 14:54:22
713090,2012.REP.NOM.DeMINT,Jim DeMint to be Republican Presidential Nominee in 2012,20,1.1,Feb/19/2011 14:30:39
713090,2012.REP.NOM.DeMINT,Jim DeMint to be Republican Presidential Nominee in 2012,20,1.1,Feb/19/2011 15:46:42
713090,2012.REP.NOM.DeMINT,Jim DeMint to be Republican Presidential Nominee in 2012,23,1.0,Feb/19/2011 19:59:13
713090,2012.REP.NOM.DeMINT,Jim DeMint to be Republican Presidential Nominee in 2012,37,1.0,Feb/19/2011 21:35:38
713090,2012.REP.NOM.DeMINT,Jim DeMint to be Republican Presidential Nominee in 2012,20,1.0,Feb/19/2011 22:41:06
713090,2012.REP.NOM.DeMINT,Jim DeMint to be Republican Presidential Nominee in 2012,5,0.9,Feb/20/2011 06:50:39
713090,2012.REP.NOM.DeMINT,Jim DeMint to be Republican Presidential Nominee in 2012,5,1.0,Feb/20/2011 19:37:13
713090,2012.REP.NOM.DeMINT,Jim DeMint to be Republican Presidential Nominee in 2012,20,0.9,Feb/20/2011 19:58:56
713090,2012.REP.NOM.DeMINT,Jim DeMint to be Republican Presidential Nominee in 2012,30,0.9,Feb/20/2011 22:38:39
713090,2012.REP.NOM.DeMINT,Jim DeMint to be Republican Presidential Nominee in 2012,47,0.8,Feb/20/2011 22:38:39
713090,2012.REP.NOM.DeMINT,Jim DeMint to be Republican Presidential Nominee in 2012,20,0.9,Feb/21/2011 19:29:40
713090,2012.REP.NOM.DeMINT,Jim DeMint to be Republican Presidential Nominee in 2012,1,0.6,Feb/22/2011 16:22:44
713090,2012.REP.NOM.DeMINT,Jim DeMint to be Republican Presidential Nominee in 2012,1,0.6,Feb/22/2011 16:22:49
713090,2012.REP.NOM.DeMINT,Jim DeMint to be Republican Presidential Nominee in 2012,4,0.9,Feb/23/2011 00:28:43
713090,2012.REP.NOM.DeMINT,Jim DeMint to be Republican Presidential Nominee in 2012,1,0.9,Feb/23/2011 00:29:18
713090,2012.REP.NOM.DeMINT,Jim DeMint to be Republican Presidential Nominee in 2012,15,0.9,Feb/23/2011 02:41:48
713090,2012.REP.NOM.DeMINT,Jim DeMint to be Republican Presidential Nominee in 2012,20,0.9,Feb/23/2011 16:27:04
713090,2012.REP.NOM.DeMINT,Jim DeMint to be Republican Presidential Nominee in 2012,15,1.0,Feb/24/2011 05:26:59
713090,2012.REP.NOM.DeMINT,Jim DeMint to be Republican Presidential Nominee in 2012,20,1.0,Feb/24/2011 05:26:59
713090,2012.REP.NOM.DeMINT,Jim DeMint to be Republican Presidential Nominee in 2012,20,1.0,Feb/24/2011 05:26:59
713090,2012.REP.NOM.DeMINT,Jim DeMint to be Republican Presidential Nominee in 2012,20,1.0,Feb/24/2011 05:26:59
713090,2012.REP.NOM.DeMINT,Jim DeMint to be Republican Presidential Nominee in 2012,20,1.0,Feb/24/2011 05:26:59
713090,2012.REP.NOM.DeMINT,Jim DeMint to be Republican Presidential Nominee in 2012,20,1.0,Feb/24/2011 05:26:59
713090,2012.REP.NOM.DeMINT,Jim DeMint to be Republican Presidential Nominee in 2012,5,0.9,Feb/24/2011 06:34:54
713090,2012.REP.NOM.DeMINT,Jim DeMint to be Republican Presidential Nominee in 2012,40,0.9,Mar/01/2011 07:53:23
713090,2012.REP.NOM.DeMINT,Jim DeMint to be Republican Presidential Nominee in 2012,20,0.9,Mar/01/2011 07:53:23
713090,2012.REP.NOM.DeMINT,Jim DeMint to be Republican Presidential Nominee in 2012,20,0.9,Mar/01/2011 07:53:23
713090,2012.REP.NOM.DeMINT,Jim DeMint to be Republican Presidential Nominee in 2012,20,0.9,Mar/01/2011 07:53:23
713090,2012.REP.NOM.DeMINT,Jim DeMint to be Republican Presidential Nominee in 2012,200,0.9,Mar/02/2011 02:14:51
713090,2012.REP.NOM.DeMINT,Jim DeMint to be Republican Presidential Nominee in 2012,20,0.9,Mar/02/2011 12:24:48
713090,2012.REP.NOM.DeMINT,Jim DeMint to be Republican Presidential Nominee in 2012,10,1.0,Mar/02/2011 19:29:44
713090,2012.REP.NOM.DeMINT,Jim DeMint to be Republican Presidential Nominee in 2012,10,1.0,Mar/02/2011 23:26:35
713090,2012.REP.NOM.DeMINT,Jim DeMint to be Republican Presidential Nominee in 2012,5,1.1,Mar/03/2011 02:26:21
713090,2012.REP.NOM.DeMINT,Jim DeMint to be Republican Presidential Nominee in 2012,20,1.0,Mar/03/2011 03:10:42
713090,2012.REP.NOM.DeMINT,Jim DeMint to be Republican Presidential Nominee in 2012,20,1.0,Mar/03/2011 15:33:50
713090,2012.REP.NOM.DeMINT,Jim DeMint to be Republican Presidential Nominee in 2012,20,1.0,Mar/04/2011 22:45:00
713090,2012.REP.NOM.DeMINT,Jim DeMint to be Republican Presidential Nominee in 2012,20,1.0,Mar/05/2011 01:53:53
713090,2012.REP.NOM.DeMINT,Jim DeMint to be Republican Presidential Nominee in 2012,10,0.8,Mar/06/2011 23:17:52
713090,2012.REP.NOM.DeMINT,Jim DeMint to be Republican Presidential Nominee in 2012,10,0.8,Mar/06/2011 23:17:52
713090,2012.REP.NOM.DeMINT,Jim DeMint to be Republican Presidential Nominee in 2012,5,0.8,Mar/06/2011 23:17:52
713090,2012.REP.NOM.DeMINT,Jim DeMint to be Republican Presidential Nominee in 2012,1,0.7,Mar/08/2011 12:39:56
713090,2012.REP.NOM.DeMINT,Jim DeMint to be Republican Presidential Nominee in 2012,1,0.7,Mar/08/2011 12:41:45
713090,2012.REP.NOM.DeMINT,Jim DeMint to be Republican Presidential Nominee in 2012,1,0.7,Mar/08/2011 12:41:51
713090,2012.REP.NOM.DeMINT,Jim DeMint to be Republican Presidential Nominee in 2012,1,0.7,Mar/08/2011 12:43:32
713090,2012.REP.NOM.DeMINT,Jim DeMint to be Republican Presidential Nominee in 2012,48,0.6,Mar/10/2011 18:00:14
713090,2012.REP.NOM.DeMINT,Jim DeMint to be Republican Presidential Nominee in 2012,10,0.5,Mar/11/2011 23:18:59
713090,2012.REP.NOM.DeMINT,Jim DeMint to be Republican Presidential Nominee in 2012,40,0.5,Mar/11/2011 23:25:48
713090,2012.REP.NOM.DeMINT,Jim DeMint to be Republican Presidential Nominee in 2012,20,0.5,Mar/12/2011 02:59:05
713090,2012.REP.NOM.DeMINT,Jim DeMint to be Republican Presidential Nominee in 2012,800,0.4,Mar/12/2011 19:58:44
713090,2012.REP.NOM.DeMINT,Jim DeMint to be Republican Presidential Nominee in 2012,1,0.4,Mar/14/2011 15:19:41
713090,2012.REP.NOM.DeMINT,Jim DeMint to be Republican Presidential Nominee in 2012,1,0.4,Mar/14/2011 15:19:46
713090,2012.REP.NOM.DeMINT,Jim DeMint to be Republican Presidential Nominee in 2012,2,0.4,Mar/14/2011 15:21:02
713090,2012.REP.NOM.DeMINT,Jim DeMint to be Republican Presidential Nominee in 2012,75,0.8,Mar/15/2011 16:20:56
713090,2012.REP.NOM.DeMINT,Jim DeMint to be Republican Presidential Nominee in 2012,20,0.8,Mar/15/2011 16:20:56
713090,2012.REP.NOM.DeMINT,Jim DeMint to be Republican Presidential Nominee in 2012,5,0.8,Mar/15/2011 16:20:56
713090,2012.REP.NOM.DeMINT,Jim DeMint to be Republican Presidential Nominee in 2012,100,0.7,Mar/19/2011 16:59:12
713090,2012.REP.NOM.DeMINT,Jim DeMint to be Republican Presidential Nominee in 2012,20,0.7,Mar/19/2011 20:20:45
713090,2012.REP.NOM.DeMINT,Jim DeMint to be Republican Presidential Nominee in 2012,100,0.7,Mar/19/2011 21:34:03
713090,2012.REP.NOM.DeMINT,Jim DeMint to be Republican Presidential Nominee in 2012,50,0.7,Mar/21/2011 19:28:44
713090,2012.REP.NOM.DeMINT,Jim DeMint to be Republican Presidential Nominee in 2012,20,0.7,Mar/21/2011 19:28:44
713090,2012.REP.NOM.DeMINT,Jim DeMint to be Republican Presidential Nominee in 2012,20,0.7,Mar/21/2011 19:28:44
713090,2012.REP.NOM.DeMINT,Jim DeMint to be Republican Presidential Nominee in 2012,20,0.7,Mar/21/2011 19:28:44
713090,2012.REP.NOM.DeMINT,Jim DeMint to be Republican Presidential Nominee in 2012,15,0.8,Mar/21/2011 19:39:36
713090,2012.REP.NOM.DeMINT,Jim DeMint to be Republican Presidential Nominee in 2012,40,0.8,Mar/21/2011 19:39:36
713090,2012.REP.NOM.DeMINT,Jim DeMint to be Republican Presidential Nominee in 2012,20,0.8,Mar/21/2011 19:39:36
713090,2012.REP.NOM.DeMINT,Jim DeMint to be Republican Presidential Nominee in 2012,15,0.8,Mar/21/2011 19:39:36
713090,2012.REP.NOM.DeMINT,Jim DeMint to be Republican Presidential Nominee in 2012,11,0.6,Mar/22/2011 08:57:27
713090,2012.REP.NOM.DeMINT,Jim DeMint to be Republican Presidential Nominee in 2012,100,0.6,Mar/24/2011 17:58:54
713090,2012.REP.NOM.DeMINT,Jim DeMint to be Republican Presidential Nominee in 2012,100,0.6,Mar/24/2011 19:12:36
713090,2012.REP.NOM.DeMINT,Jim DeMint to be Republican Presidential Nominee in 2012,100,0.6,Mar/24/2011 20:21:48
713090,2012.REP.NOM.DeMINT,Jim DeMint to be Republican Presidential Nominee in 2012,199,0.4,Mar/24/2011 20:22:04
713090,2012.REP.NOM.DeMINT,Jim DeMint to be Republican Presidential Nominee in 2012,5,0.4,Mar/24/2011 20:22:04
713090,2012.REP.NOM.DeMINT,Jim DeMint to be Republican Presidential Nominee in 2012,50,0.7,Mar/24/2011 20:32:14
713090,2012.REP.NOM.DeMINT,Jim DeMint to be Republican Presidential Nominee in 2012,20,0.4,Mar/24/2011 20:32:14
713090,2012.REP.NOM.DeMINT,Jim DeMint to be Republican Presidential Nominee in 2012,30,0.5,Mar/24/2011 20:32:14
713090,2012.REP.NOM.DeMINT,Jim DeMint to be Republican Presidential Nominee in 2012,100,0.6,Mar/24/2011 20:32:14
713090,2012.REP.NOM.DeMINT,Jim DeMint to be Republican Presidential Nominee in 2012,150,0.3,Mar/24/2011 21:26:42
713090,2012.REP.NOM.DeMINT,Jim DeMint to be Republican Presidential Nominee in 2012,8,0.3,Mar/24/2011 22:09:54
713090,2012.REP.NOM.DeMINT,Jim DeMint to be Republican Presidential Nominee in 2012,878,0.3,Mar/24/2011 22:09:54
713090,2012.REP.NOM.DeMINT,Jim DeMint to be Republican Presidential Nominee in 2012,100,0.3,Mar/24/2011 22:10:58
713090,2012.REP.NOM.DeMINT,Jim DeMint to be Republican Presidential Nominee in 2012,20,0.3,Mar/24/2011 22:23:29
713090,2012.REP.NOM.DeMINT,Jim DeMint to be Republican Presidential Nominee in 2012,8,0.3,Mar/24/2011 23:35:21
713090,2012.REP.NOM.DeMINT,Jim DeMint to be Republican Presidential Nominee in 2012,20,0.3,Mar/26/2011 14:57:22
713090,2012.REP.NOM.DeMINT,Jim DeMint to be Republican Presidential Nominee in 2012,20,0.3,Mar/26/2011 20:00:56
713090,2012.REP.NOM.DeMINT,Jim DeMint to be Republican Presidential Nominee in 2012,20,0.3,Mar/27/2011 15:19:35
713090,2012.REP.NOM.DeMINT,Jim DeMint to be Republican Presidential Nominee in 2012,40,0.3,Mar/27/2011 18:08:05
713090,2012.REP.NOM.DeMINT,Jim DeMint to be Republican Presidential Nominee in 2012,20,0.3,Mar/28/2011 03:24:57
713090,2012.REP.NOM.DeMINT,Jim DeMint to be Republican Presidential Nominee in 2012,20,0.3,Mar/28/2011 16:24:44
713090,2012.REP.NOM.DeMINT,Jim DeMint to be Republican Presidential Nominee in 2012,4,0.3,Mar/29/2011 02:11:46
713090,2012.REP.NOM.DeMINT,Jim DeMint to be Republican Presidential Nominee in 2012,16,0.2,Apr/04/2011 21:11:51
713090,2012.REP.NOM.DeMINT,Jim DeMint to be Republican Presidential Nominee in 2012,20,0.2,Apr/04/2011 21:11:51
713090,2012.REP.NOM.DeMINT,Jim DeMint to be Republican Presidential Nominee in 2012,20,0.2,Apr/04/2011 21:11:51
713090,2012.REP.NOM.DeMINT,Jim DeMint to be Republican Presidential Nominee in 2012,20,0.2,Apr/04/2011 21:11:51
713090,2012.REP.NOM.DeMINT,Jim DeMint to be Republican Presidential Nominee in 2012,20,0.2,Apr/04/2011 21:11:51
713090,2012.REP.NOM.DeMINT,Jim DeMint to be Republican Presidential Nominee in 2012,20,0.2,Apr/04/2011 21:11:51
713090,2012.REP.NOM.DeMINT,Jim DeMint to be Republican Presidential Nominee in 2012,20,0.2,Apr/04/2011 21:11:51
713090,2012.REP.NOM.DeMINT,Jim DeMint to be Republican Presidential Nominee in 2012,20,0.2,Apr/04/2011 21:11:51
713090,2012.REP.NOM.DeMINT,Jim DeMint to be Republican Presidential Nominee in 2012,20,0.2,Apr/04/2011 22:10:26
713090,2012.REP.NOM.DeMINT,Jim DeMint to be Republican Presidential Nominee in 2012,4,0.2,Apr/05/2011 14:27:16
713090,2012.REP.NOM.DeMINT,Jim DeMint to be Republican Presidential Nominee in 2012,1,0.1,Apr/06/2011 23:21:13
713090,2012.REP.NOM.DeMINT,Jim DeMint to be Republican Presidential Nominee in 2012,2,0.1,Apr/06/2011 23:21:19
713090,2012.REP.NOM.DeMINT,Jim DeMint to be Republican Presidential Nominee in 2012,2,0.1,Apr/06/2011 23:22:22
713090,2012.REP.NOM.DeMINT,Jim DeMint to be Republican Presidential Nominee in 2012,5,0.2,Apr/14/2011 17:59:16
713090,2012.REP.NOM.DeMINT,Jim DeMint to be Republican Presidential Nominee in 2012,18,0.2,Apr/14/2011 17:59:16
713090,2012.REP.NOM.DeMINT,Jim DeMint to be Republican Presidential Nominee in 2012,5,0.1,Apr/15/2011 17:53:28
713090,2012.REP.NOM.DeMINT,Jim DeMint to be Republican Presidential Nominee in 2012,10,0.1,Apr/15/2011 17:53:28
713090,2012.REP.NOM.DeMINT,Jim DeMint to be Republican Presidential Nominee in 2012,485,0.1,Apr/15/2011 17:53:28
713090,2012.REP.NOM.DeMINT,Jim DeMint to be Republican Presidential Nominee in 2012,6,0.2,Apr/20/2011 03:55:15
713090,2012.REP.NOM.DeMINT,Jim DeMint to be Republican Presidential Nominee in 2012,200,0.1,Apr/21/2011 04:46:00
713090,2012.REP.NOM.DeMINT,Jim DeMint to be Republican Presidential Nominee in 2012,100,0.2,Apr/26/2011 22:30:44
713090,2012.REP.NOM.DeMINT,Jim DeMint to be Republican Presidential Nominee in 2012,15,0.2,May/01/2011 00:27:56
713090,2012.REP.NOM.DeMINT,Jim DeMint to be Republican Presidential Nominee in 2012,5,0.1,May/03/2011 13:58:40
713090,2012.REP.NOM.DeMINT,Jim DeMint to be Republican Presidential Nominee in 2012,1,0.1,May/04/2011 17:31:37
713090,2012.REP.NOM.DeMINT,Jim DeMint to be Republican Presidential Nominee in 2012,1,0.1,May/04/2011 17:31:57
713090,2012.REP.NOM.DeMINT,Jim DeMint to be Republican Presidential Nominee in 2012,1,0.1,May/04/2011 17:33:42
713090,2012.REP.NOM.DeMINT,Jim DeMint to be Republican Presidential Nominee in 2012,1,0.1,May/04/2011 17:33:57
713090,2012.REP.NOM.DeMINT,Jim DeMint to be Republican Presidential Nominee in 2012,1,0.1,May/04/2011 17:34:12
713090,2012.REP.NOM.DeMINT,Jim DeMint to be Republican Presidential Nominee in 2012,7,0.1,May/09/2011 03:14:24
713090,2012.REP.NOM.DeMINT,Jim DeMint to be Republican Presidential Nominee in 2012,1000,0.1,May/09/2011 16:15:44
713090,2012.REP.NOM.DeMINT,Jim DeMint to be Republican Presidential Nominee in 2012,1,0.1,May/09/2011 21:38:23
713090,2012.REP.NOM.DeMINT,Jim DeMint to be Republican Presidential Nominee in 2012,100,0.1,May/10/2011 16:16:19
713090,2012.REP.NOM.DeMINT,Jim DeMint to be Republican Presidential Nominee in 2012,100,0.1,May/10/2011 17:50:12
713090,2012.REP.NOM.DeMINT,Jim DeMint to be Republican Presidential Nominee in 2012,23,0.1,May/13/2011 21:31:34
713090,2012.REP.NOM.DeMINT,Jim DeMint to be Republican Presidential Nominee in 2012,100,0.1,May/15/2011 05:54:59
713090,2012.REP.NOM.DeMINT,Jim DeMint to be Republican Presidential Nominee in 2012,151,0.1,May/17/2011 18:28:05
713090,2012.REP.NOM.DeMINT,Jim DeMint to be Republican Presidential Nominee in 2012,149,0.1,May/17/2011 18:28:05
713090,2012.REP.NOM.DeMINT,Jim DeMint to be Republican Presidential Nominee in 2012,1,0.1,May/17/2011 20:56:35
713090,2012.REP.NOM.DeMINT,Jim DeMint to be Republican Presidential Nominee in 2012,10,0.1,May/18/2011 02:16:32
713090,2012.REP.NOM.DeMINT,Jim DeMint to be Republican Presidential Nominee in 2012,200,0.1,May/18/2011 11:23:44
713090,2012.REP.NOM.DeMINT,Jim DeMint to be Republican Presidential Nominee in 2012,90,0.1,May/19/2011 14:55:04
713090,2012.REP.NOM.DeMINT,Jim DeMint to be Republican Presidential Nominee in 2012,110,0.1,May/20/2011 14:37:20
713090,2012.REP.NOM.DeMINT,Jim DeMint to be Republican Presidential Nominee in 2012,90,0.1,May/20/2011 15:14:00
713090,2012.REP.NOM.DeMINT,Jim DeMint to be Republican Presidential Nominee in 2012,200,0.1,May/20/2011 15:14:00
713090,2012.REP.NOM.DeMINT,Jim DeMint to be Republican Presidential Nominee in 2012,10,0.1,May/21/2011 04:22:20
713090,2012.REP.NOM.DeMINT,Jim DeMint to be Republican Presidential Nominee in 2012,40,0.2,May/21/2011 04:22:36
713090,2012.REP.NOM.DeMINT,Jim DeMint to be Republican Presidential Nominee in 2012,60,0.1,May/21/2011 15:14:28
713090,2012.REP.NOM.DeMINT,Jim DeMint to be Republican Presidential Nominee in 2012,20,0.1,May/21/2011 15:18:56
713090,2012.REP.NOM.DeMINT,Jim DeMint to be Republican Presidential Nominee in 2012,100,0.1,May/22/2011 16:12:29
713090,2012.REP.NOM.DeMINT,Jim DeMint to be Republican Presidential Nominee in 2012,10,0.1,May/23/2011 20:09:50
713090,2012.REP.NOM.DeMINT,Jim DeMint to be Republican Presidential Nominee in 2012,20,0.1,May/28/2011 16:44:56
713090,2012.REP.NOM.DeMINT,Jim DeMint to be Republican Presidential Nominee in 2012,12,0.2,Jun/01/2011 10:54:50
713090,2012.REP.NOM.DeMINT,Jim DeMint to be Republican Presidential Nominee in 2012,2,0.2,Jun/01/2011 10:54:50
713090,2012.REP.NOM.DeMINT,Jim DeMint to be Republican Presidential Nominee in 2012,6,0.2,Jun/01/2011 10:54:50
713090,2012.REP.NOM.DeMINT,Jim DeMint to be Republican Presidential Nominee in 2012,980,0.2,Jun/01/2011 10:54:50
713090,2012.REP.NOM.DeMINT,Jim DeMint to be Republican Presidential Nominee in 2012,12,0.1,Jun/01/2011 10:54:50
713090,2012.REP.NOM.DeMINT,Jim DeMint to be Republican Presidential Nominee in 2012,59,0.2,Jun/01/2011 10:54:50
713090,2012.REP.NOM.DeMINT,Jim DeMint to be Republican Presidential Nominee in 2012,20,0.2,Jun/01/2011 10:54:50
713090,2012.REP.NOM.DeMINT,Jim DeMint to be Republican Presidential Nominee in 2012,500,0.1,Jun/01/2011 10:54:50
713090,2012.REP.NOM.DeMINT,Jim DeMint to be Republican Presidential Nominee in 2012,500,0.1,Jun/01/2011 10:54:50
713090,2012.REP.NOM.DeMINT,Jim DeMint to be Republican Presidential Nominee in 2012,5,0.1,Jun/01/2011 10:54:50
713090,2012.REP.NOM.DeMINT,Jim DeMint to be Republican Presidential Nominee in 2012,100,0.3,Jun/01/2011 12:09:41
713090,2012.REP.NOM.DeMINT,Jim DeMint to be Republican Presidential Nominee in 2012,100,0.4,Jun/01/2011 12:51:23
713090,2012.REP.NOM.DeMINT,Jim DeMint to be Republican Presidential Nominee in 2012,10,0.3,Jun/01/2011 12:51:23
713090,2012.REP.NOM.DeMINT,Jim DeMint to be Republican Presidential Nominee in 2012,10,0.4,Jun/01/2011 12:51:23
713090,2012.REP.NOM.DeMINT,Jim DeMint to be Republican Presidential Nominee in 2012,50,0.5,Jun/01/2011 13:11:23
713090,2012.REP.NOM.DeMINT,Jim DeMint to be Republican Presidential Nominee in 2012,10,0.4,Jun/01/2011 13:11:23
713090,2012.REP.NOM.DeMINT,Jim DeMint to be Republican Presidential Nominee in 2012,10,0.4,Jun/01/2011 13:55:32
713090,2012.REP.NOM.DeMINT,Jim DeMint to be Republican Presidential Nominee in 2012,10,0.5,Jun/01/2011 13:55:45
713090,2012.REP.NOM.DeMINT,Jim DeMint to be Republican Presidential Nominee in 2012,1,0.3,Jun/01/2011 14:19:37
713090,2012.REP.NOM.DeMINT,Jim DeMint to be Republican Presidential Nominee in 2012,1,0.3,Jun/01/2011 14:19:59
713090,2012.REP.NOM.DeMINT,Jim DeMint to be Republican Presidential Nominee in 2012,10,0.4,Jun/01/2011 14:30:52
713090,2012.REP.NOM.DeMINT,Jim DeMint to be Republican Presidential Nominee in 2012,100,0.4,Jun/01/2011 14:31:55
713090,2012.REP.NOM.DeMINT,Jim DeMint to be Republican Presidential Nominee in 2012,10,0.5,Jun/01/2011 14:32:56
713090,2012.REP.NOM.DeMINT,Jim DeMint to be Republican Presidential Nominee in 2012,1,0.4,Jun/01/2011 14:33:01
713090,2012.REP.NOM.DeMINT,Jim DeMint to be Republican Presidential Nominee in 2012,90,0.5,Jun/01/2011 14:37:22
713090,2012.REP.NOM.DeMINT,Jim DeMint to be Republican Presidential Nominee in 2012,10,0.5,Jun/01/2011 15:08:20
713090,2012.REP.NOM.DeMINT,Jim DeMint to be Republican Presidential Nominee in 2012,50,0.8,Jun/01/2011 15:17:23
713090,2012.REP.NOM.DeMINT,Jim DeMint to be Republican Presidential Nominee in 2012,10,0.7,Jun/01/2011 15:17:23
713090,2012.REP.NOM.DeMINT,Jim DeMint to be Republican Presidential Nominee in 2012,10,0.6,Jun/01/2011 15:17:23
713090,2012.REP.NOM.DeMINT,Jim DeMint to be Republican Presidential Nominee in 2012,1,1.8,Jun/01/2011 15:19:21
713090,2012.REP.NOM.DeMINT,Jim DeMint to be Republican Presidential Nominee in 2012,160,0.5,Jun/01/2011 15:41:08
713090,2012.REP.NOM.DeMINT,Jim DeMint to be Republican Presidential Nominee in 2012,8,0.5,Jun/01/2011 15:52:57
713090,2012.REP.NOM.DeMINT,Jim DeMint to be Republican Presidential Nominee in 2012,10,0.4,Jun/01/2011 15:56:04
713090,2012.REP.NOM.DeMINT,Jim DeMint to be Republican Presidential Nominee in 2012,5,0.4,Jun/01/2011 16:27:22
713090,2012.REP.NOM.DeMINT,Jim DeMint to be Republican Presidential Nominee in 2012,5,0.4,Jun/01/2011 16:53:40
713090,2012.REP.NOM.DeMINT,Jim DeMint to be Republican Presidential Nominee in 2012,75,0.5,Jun/01/2011 16:56:18
713090,2012.REP.NOM.DeMINT,Jim DeMint to be Republican Presidential Nominee in 2012,25,0.5,Jun/01/2011 17:00:43
713090,2012.REP.NOM.DeMINT,Jim DeMint to be Republican Presidential Nominee in 2012,10,0.5,Jun/01/2011 17:00:43
713090,2012.REP.NOM.DeMINT,Jim DeMint to be Republican Presidential Nominee in 2012,5,0.7,Jun/01/2011 17:01:20
713090,2012.REP.NOM.DeMINT,Jim DeMint to be Republican Presidential Nominee in 2012,10,0.6,Jun/01/2011 17:01:20
713090,2012.REP.NOM.DeMINT,Jim DeMint to be Republican Presidential Nominee in 2012,1,0.4,Jun/01/2011 17:05:08
713090,2012.REP.NOM.DeMINT,Jim DeMint to be Republican Presidential Nominee in 2012,1,0.4,Jun/01/2011 17:06:49
713090,2012.REP.NOM.DeMINT,Jim DeMint to be Republican Presidential Nominee in 2012,10,1.0,Jun/01/2011 17:08:07
713090,2012.REP.NOM.DeMINT,Jim DeMint to be Republican Presidential Nominee in 2012,40,1.0,Jun/01/2011 17:08:07
713090,2012.REP.NOM.DeMINT,Jim DeMint to be Republican Presidential Nominee in 2012,100,0.9,Jun/01/2011 17:08:07
713090,2012.REP.NOM.DeMINT,Jim DeMint to be Republican Presidential Nominee in 2012,10,0.8,Jun/01/2011 17:08:07
713090,2012.REP.NOM.DeMINT,Jim DeMint to be Republican Presidential Nominee in 2012,5,0.7,Jun/01/2011 17:08:07
713090,2012.REP.NOM.DeMINT,Jim DeMint to be Republican Presidential Nominee in 2012,10,0.8,Jun/01/2011 17:08:07
713090,2012.REP.NOM.DeMINT,Jim DeMint to be Republican Presidential Nominee in 2012,1,0.5,Jun/01/2011 17:11:08
713090,2012.REP.NOM.DeMINT,Jim DeMint to be Republican Presidential Nominee in 2012,3,0.4,Jun/01/2011 17:30:12
713090,2012.REP.NOM.DeMINT,Jim DeMint to be Republican Presidential Nominee in 2012,10,0.4,Jun/01/2011 17:30:12
713090,2012.REP.NOM.DeMINT,Jim DeMint to be Republican Presidential Nominee in 2012,9,0.5,Jun/01/2011 17:30:12
713090,2012.REP.NOM.DeMINT,Jim DeMint to be Republican Presidential Nominee in 2012,9,0.6,Jun/01/2011 18:30:51
713090,2012.REP.NOM.DeMINT,Jim DeMint to be Republican Presidential Nominee in 2012,10,0.6,Jun/01/2011 18:30:51
713090,2012.REP.NOM.DeMINT,Jim DeMint to be Republican Presidential Nominee in 2012,26,0.7,Jun/01/2011 18:31:21
