market id,market symbol,market name,trade quantity,trade price,date/time [utc]
756114,DEM.ELEC.COLLEGE.340+,Democratic nominee to win 340 or more Electoral College votes in 2012 Presidential Election,25,25.0,Apr/29/2012 16:38:04
756114,DEM.ELEC.COLLEGE.340+,Democratic nominee to win 340 or more Electoral College votes in 2012 Presidential Election,1,8.0,May/06/2012 22:11:38
756114,DEM.ELEC.COLLEGE.340+,Democratic nominee to win 340 or more Electoral College votes in 2012 Presidential Election,10,20.0,May/08/2012 23:39:17
756114,DEM.ELEC.COLLEGE.340+,Democratic nominee to win 340 or more Electoral College votes in 2012 Presidential Election,15,20.0,May/08/2012 23:39:45
756114,DEM.ELEC.COLLEGE.340+,Democratic nominee to win 340 or more Electoral College votes in 2012 Presidential Election,1,20.0,Jul/22/2012 00:57:25
756114,DEM.ELEC.COLLEGE.340+,Democratic nominee to win 340 or more Electoral College votes in 2012 Presidential Election,45,21.9,Sep/06/2012 19:17:09
756114,DEM.ELEC.COLLEGE.340+,Democratic nominee to win 340 or more Electoral College votes in 2012 Presidential Election,10,22.0,Sep/09/2012 16:15:55
756114,DEM.ELEC.COLLEGE.340+,Democratic nominee to win 340 or more Electoral College votes in 2012 Presidential Election,1,25.0,Sep/10/2012 11:28:45
756114,DEM.ELEC.COLLEGE.340+,Democratic nominee to win 340 or more Electoral College votes in 2012 Presidential Election,2,25.0,Sep/10/2012 11:28:45
756114,DEM.ELEC.COLLEGE.340+,Democratic nominee to win 340 or more Electoral College votes in 2012 Presidential Election,18,25.0,Sep/10/2012 15:59:26
756114,DEM.ELEC.COLLEGE.340+,Democratic nominee to win 340 or more Electoral College votes in 2012 Presidential Election,5,24.9,Sep/11/2012 15:19:41
756114,DEM.ELEC.COLLEGE.340+,Democratic nominee to win 340 or more Electoral College votes in 2012 Presidential Election,1,25.0,Sep/11/2012 15:32:59
756114,DEM.ELEC.COLLEGE.340+,Democratic nominee to win 340 or more Electoral College votes in 2012 Presidential Election,20,25.0,Sep/11/2012 15:36:22
756114,DEM.ELEC.COLLEGE.340+,Democratic nominee to win 340 or more Electoral College votes in 2012 Presidential Election,5,25.0,Sep/11/2012 19:04:47
756114,DEM.ELEC.COLLEGE.340+,Democratic nominee to win 340 or more Electoral College votes in 2012 Presidential Election,30,23.0,Sep/12/2012 04:33:16
756114,DEM.ELEC.COLLEGE.340+,Democratic nominee to win 340 or more Electoral College votes in 2012 Presidential Election,27,23.0,Sep/12/2012 04:33:16
756114,DEM.ELEC.COLLEGE.340+,Democratic nominee to win 340 or more Electoral College votes in 2012 Presidential Election,19,23.0,Sep/12/2012 08:26:53
756114,DEM.ELEC.COLLEGE.340+,Democratic nominee to win 340 or more Electoral College votes in 2012 Presidential Election,25,22.5,Sep/12/2012 08:27:11
756114,DEM.ELEC.COLLEGE.340+,Democratic nominee to win 340 or more Electoral College votes in 2012 Presidential Election,25,20.0,Sep/12/2012 08:27:50
756114,DEM.ELEC.COLLEGE.340+,Democratic nominee to win 340 or more Electoral College votes in 2012 Presidential Election,1,25.0,Sep/13/2012 07:22:52
756114,DEM.ELEC.COLLEGE.340+,Democratic nominee to win 340 or more Electoral College votes in 2012 Presidential Election,4,25.0,Sep/13/2012 17:00:04
756114,DEM.ELEC.COLLEGE.340+,Democratic nominee to win 340 or more Electoral College votes in 2012 Presidential Election,5,25.9,Sep/14/2012 03:36:58
756114,DEM.ELEC.COLLEGE.340+,Democratic nominee to win 340 or more Electoral College votes in 2012 Presidential Election,25,25.9,Sep/14/2012 03:36:58
756114,DEM.ELEC.COLLEGE.340+,Democratic nominee to win 340 or more Electoral College votes in 2012 Presidential Election,5,25.9,Sep/14/2012 16:30:31
756114,DEM.ELEC.COLLEGE.340+,Democratic nominee to win 340 or more Electoral College votes in 2012 Presidential Election,5,26.0,Sep/14/2012 23:41:59
756114,DEM.ELEC.COLLEGE.340+,Democratic nominee to win 340 or more Electoral College votes in 2012 Presidential Election,5,25.0,Sep/17/2012 11:11:21
756114,DEM.ELEC.COLLEGE.340+,Democratic nominee to win 340 or more Electoral College votes in 2012 Presidential Election,1,25.0,Sep/17/2012 11:11:21
756114,DEM.ELEC.COLLEGE.340+,Democratic nominee to win 340 or more Electoral College votes in 2012 Presidential Election,1,25.1,Sep/17/2012 11:11:21
756114,DEM.ELEC.COLLEGE.340+,Democratic nominee to win 340 or more Electoral College votes in 2012 Presidential Election,1,25.1,Sep/17/2012 11:11:21
756114,DEM.ELEC.COLLEGE.340+,Democratic nominee to win 340 or more Electoral College votes in 2012 Presidential Election,1,27.9,Sep/18/2012 04:16:49
756114,DEM.ELEC.COLLEGE.340+,Democratic nominee to win 340 or more Electoral College votes in 2012 Presidential Election,4,27.9,Sep/18/2012 05:13:32
756114,DEM.ELEC.COLLEGE.340+,Democratic nominee to win 340 or more Electoral College votes in 2012 Presidential Election,34,28.9,Sep/18/2012 05:13:32
756114,DEM.ELEC.COLLEGE.340+,Democratic nominee to win 340 or more Electoral College votes in 2012 Presidential Election,5,28.8,Sep/18/2012 05:13:32
756114,DEM.ELEC.COLLEGE.340+,Democratic nominee to win 340 or more Electoral College votes in 2012 Presidential Election,1,28.7,Sep/18/2012 05:13:32
756114,DEM.ELEC.COLLEGE.340+,Democratic nominee to win 340 or more Electoral College votes in 2012 Presidential Election,20,28.8,Sep/18/2012 05:13:32
756114,DEM.ELEC.COLLEGE.340+,Democratic nominee to win 340 or more Electoral College votes in 2012 Presidential Election,1,28.6,Sep/18/2012 05:13:32
756114,DEM.ELEC.COLLEGE.340+,Democratic nominee to win 340 or more Electoral College votes in 2012 Presidential Election,16,28.9,Sep/18/2012 05:13:57
756114,DEM.ELEC.COLLEGE.340+,Democratic nominee to win 340 or more Electoral College votes in 2012 Presidential Election,1,29.0,Sep/18/2012 05:17:44
756114,DEM.ELEC.COLLEGE.340+,Democratic nominee to win 340 or more Electoral College votes in 2012 Presidential Election,1,28.0,Sep/18/2012 11:41:19
756114,DEM.ELEC.COLLEGE.340+,Democratic nominee to win 340 or more Electoral College votes in 2012 Presidential Election,1,27.0,Sep/18/2012 11:41:19
756114,DEM.ELEC.COLLEGE.340+,Democratic nominee to win 340 or more Electoral College votes in 2012 Presidential Election,1,26.0,Sep/18/2012 22:30:24
756114,DEM.ELEC.COLLEGE.340+,Democratic nominee to win 340 or more Electoral College votes in 2012 Presidential Election,1,25.6,Sep/18/2012 22:30:36
756114,DEM.ELEC.COLLEGE.340+,Democratic nominee to win 340 or more Electoral College votes in 2012 Presidential Election,2,25.0,Sep/18/2012 22:30:51
756114,DEM.ELEC.COLLEGE.340+,Democratic nominee to win 340 or more Electoral College votes in 2012 Presidential Election,2,25.0,Sep/18/2012 22:30:51
756114,DEM.ELEC.COLLEGE.340+,Democratic nominee to win 340 or more Electoral College votes in 2012 Presidential Election,5,25.5,Sep/18/2012 22:30:51
756114,DEM.ELEC.COLLEGE.340+,Democratic nominee to win 340 or more Electoral College votes in 2012 Presidential Election,1,25.0,Sep/18/2012 22:30:51
756114,DEM.ELEC.COLLEGE.340+,Democratic nominee to win 340 or more Electoral College votes in 2012 Presidential Election,5,25.0,Sep/18/2012 22:34:07
756114,DEM.ELEC.COLLEGE.340+,Democratic nominee to win 340 or more Electoral College votes in 2012 Presidential Election,1,29.4,Sep/19/2012 06:09:43
756114,DEM.ELEC.COLLEGE.340+,Democratic nominee to win 340 or more Electoral College votes in 2012 Presidential Election,55,29.4,Sep/19/2012 15:52:53
756114,DEM.ELEC.COLLEGE.340+,Democratic nominee to win 340 or more Electoral College votes in 2012 Presidential Election,1,28.0,Sep/19/2012 15:52:53
756114,DEM.ELEC.COLLEGE.340+,Democratic nominee to win 340 or more Electoral College votes in 2012 Presidential Election,52,29.8,Sep/19/2012 15:52:53
756114,DEM.ELEC.COLLEGE.340+,Democratic nominee to win 340 or more Electoral College votes in 2012 Presidential Election,1,28.9,Sep/19/2012 15:52:53
756114,DEM.ELEC.COLLEGE.340+,Democratic nominee to win 340 or more Electoral College votes in 2012 Presidential Election,5,29.0,Sep/19/2012 15:52:53
756114,DEM.ELEC.COLLEGE.340+,Democratic nominee to win 340 or more Electoral College votes in 2012 Presidential Election,1,29.4,Sep/19/2012 15:52:53
756114,DEM.ELEC.COLLEGE.340+,Democratic nominee to win 340 or more Electoral College votes in 2012 Presidential Election,10,29.5,Sep/19/2012 15:52:53
756114,DEM.ELEC.COLLEGE.340+,Democratic nominee to win 340 or more Electoral College votes in 2012 Presidential Election,50,32.8,Sep/20/2012 03:25:49
756114,DEM.ELEC.COLLEGE.340+,Democratic nominee to win 340 or more Electoral College votes in 2012 Presidential Election,3,33.0,Sep/20/2012 03:25:49
756114,DEM.ELEC.COLLEGE.340+,Democratic nominee to win 340 or more Electoral College votes in 2012 Presidential Election,5,32.0,Sep/20/2012 09:31:05
756114,DEM.ELEC.COLLEGE.340+,Democratic nominee to win 340 or more Electoral College votes in 2012 Presidential Election,2,33.0,Sep/20/2012 09:31:05
756114,DEM.ELEC.COLLEGE.340+,Democratic nominee to win 340 or more Electoral College votes in 2012 Presidential Election,5,31.0,Sep/20/2012 09:31:05
756114,DEM.ELEC.COLLEGE.340+,Democratic nominee to win 340 or more Electoral College votes in 2012 Presidential Election,25,30.0,Sep/20/2012 15:04:02
756114,DEM.ELEC.COLLEGE.340+,Democratic nominee to win 340 or more Electoral College votes in 2012 Presidential Election,1,30.0,Sep/20/2012 15:04:02
756114,DEM.ELEC.COLLEGE.340+,Democratic nominee to win 340 or more Electoral College votes in 2012 Presidential Election,5,30.0,Sep/20/2012 15:04:02
756114,DEM.ELEC.COLLEGE.340+,Democratic nominee to win 340 or more Electoral College votes in 2012 Presidential Election,2,30.0,Sep/21/2012 00:20:01
756114,DEM.ELEC.COLLEGE.340+,Democratic nominee to win 340 or more Electoral College votes in 2012 Presidential Election,1,29.1,Sep/21/2012 01:38:37
756114,DEM.ELEC.COLLEGE.340+,Democratic nominee to win 340 or more Electoral College votes in 2012 Presidential Election,1,29.0,Sep/21/2012 01:38:37
756114,DEM.ELEC.COLLEGE.340+,Democratic nominee to win 340 or more Electoral College votes in 2012 Presidential Election,10,31.9,Sep/21/2012 15:35:18
756114,DEM.ELEC.COLLEGE.340+,Democratic nominee to win 340 or more Electoral College votes in 2012 Presidential Election,8,31.9,Sep/21/2012 15:35:18
756114,DEM.ELEC.COLLEGE.340+,Democratic nominee to win 340 or more Electoral College votes in 2012 Presidential Election,2,31.9,Sep/21/2012 15:35:18
756114,DEM.ELEC.COLLEGE.340+,Democratic nominee to win 340 or more Electoral College votes in 2012 Presidential Election,100,32.0,Sep/21/2012 15:35:18
756114,DEM.ELEC.COLLEGE.340+,Democratic nominee to win 340 or more Electoral College votes in 2012 Presidential Election,5,35.9,Sep/21/2012 18:10:00
756114,DEM.ELEC.COLLEGE.340+,Democratic nominee to win 340 or more Electoral College votes in 2012 Presidential Election,5,35.9,Sep/21/2012 18:10:32
756114,DEM.ELEC.COLLEGE.340+,Democratic nominee to win 340 or more Electoral College votes in 2012 Presidential Election,10,35.9,Sep/21/2012 18:27:28
756114,DEM.ELEC.COLLEGE.340+,Democratic nominee to win 340 or more Electoral College votes in 2012 Presidential Election,10,35.9,Sep/21/2012 19:51:42
756114,DEM.ELEC.COLLEGE.340+,Democratic nominee to win 340 or more Electoral College votes in 2012 Presidential Election,1,34.0,Sep/21/2012 21:17:30
756114,DEM.ELEC.COLLEGE.340+,Democratic nominee to win 340 or more Electoral College votes in 2012 Presidential Election,5,35.9,Sep/21/2012 23:30:20
756114,DEM.ELEC.COLLEGE.340+,Democratic nominee to win 340 or more Electoral College votes in 2012 Presidential Election,15,35.9,Sep/22/2012 05:01:41
756114,DEM.ELEC.COLLEGE.340+,Democratic nominee to win 340 or more Electoral College votes in 2012 Presidential Election,1,34.1,Sep/22/2012 14:12:03
756114,DEM.ELEC.COLLEGE.340+,Democratic nominee to win 340 or more Electoral College votes in 2012 Presidential Election,10,34.1,Sep/22/2012 14:12:03
756114,DEM.ELEC.COLLEGE.340+,Democratic nominee to win 340 or more Electoral College votes in 2012 Presidential Election,5,34.2,Sep/22/2012 14:12:03
756114,DEM.ELEC.COLLEGE.340+,Democratic nominee to win 340 or more Electoral College votes in 2012 Presidential Election,1,34.0,Sep/22/2012 14:12:03
756114,DEM.ELEC.COLLEGE.340+,Democratic nominee to win 340 or more Electoral College votes in 2012 Presidential Election,9,34.0,Sep/22/2012 14:12:03
756114,DEM.ELEC.COLLEGE.340+,Democratic nominee to win 340 or more Electoral College votes in 2012 Presidential Election,4,39.6,Sep/23/2012 01:43:26
756114,DEM.ELEC.COLLEGE.340+,Democratic nominee to win 340 or more Electoral College votes in 2012 Presidential Election,36,37.3,Sep/23/2012 22:21:26
756114,DEM.ELEC.COLLEGE.340+,Democratic nominee to win 340 or more Electoral College votes in 2012 Presidential Election,1,33.0,Sep/24/2012 12:51:31
756114,DEM.ELEC.COLLEGE.340+,Democratic nominee to win 340 or more Electoral College votes in 2012 Presidential Election,1,33.0,Sep/24/2012 12:51:31
756114,DEM.ELEC.COLLEGE.340+,Democratic nominee to win 340 or more Electoral College votes in 2012 Presidential Election,1,32.5,Sep/24/2012 13:11:05
756114,DEM.ELEC.COLLEGE.340+,Democratic nominee to win 340 or more Electoral College votes in 2012 Presidential Election,1,32.0,Sep/24/2012 13:11:36
756114,DEM.ELEC.COLLEGE.340+,Democratic nominee to win 340 or more Electoral College votes in 2012 Presidential Election,2,32.0,Sep/24/2012 14:11:08
756114,DEM.ELEC.COLLEGE.340+,Democratic nominee to win 340 or more Electoral College votes in 2012 Presidential Election,1,32.0,Sep/24/2012 14:11:08
756114,DEM.ELEC.COLLEGE.340+,Democratic nominee to win 340 or more Electoral College votes in 2012 Presidential Election,1,32.0,Sep/24/2012 14:34:44
756114,DEM.ELEC.COLLEGE.340+,Democratic nominee to win 340 or more Electoral College votes in 2012 Presidential Election,1,32.0,Sep/24/2012 18:00:35
756114,DEM.ELEC.COLLEGE.340+,Democratic nominee to win 340 or more Electoral College votes in 2012 Presidential Election,6,39.6,Sep/24/2012 18:59:24
756114,DEM.ELEC.COLLEGE.340+,Democratic nominee to win 340 or more Electoral College votes in 2012 Presidential Election,1,39.7,Sep/24/2012 18:59:48
756114,DEM.ELEC.COLLEGE.340+,Democratic nominee to win 340 or more Electoral College votes in 2012 Presidential Election,18,39.7,Sep/24/2012 18:59:48
756114,DEM.ELEC.COLLEGE.340+,Democratic nominee to win 340 or more Electoral College votes in 2012 Presidential Election,14,32.1,Sep/24/2012 20:56:16
756114,DEM.ELEC.COLLEGE.340+,Democratic nominee to win 340 or more Electoral College votes in 2012 Presidential Election,1,32.1,Sep/24/2012 20:56:16
756114,DEM.ELEC.COLLEGE.340+,Democratic nominee to win 340 or more Electoral College votes in 2012 Presidential Election,1,39.6,Sep/24/2012 23:10:03
756114,DEM.ELEC.COLLEGE.340+,Democratic nominee to win 340 or more Electoral College votes in 2012 Presidential Election,9,39.7,Sep/24/2012 23:10:30
756114,DEM.ELEC.COLLEGE.340+,Democratic nominee to win 340 or more Electoral College votes in 2012 Presidential Election,2,38.0,Sep/25/2012 01:29:08
756114,DEM.ELEC.COLLEGE.340+,Democratic nominee to win 340 or more Electoral College votes in 2012 Presidential Election,3,37.5,Sep/25/2012 11:57:03
756114,DEM.ELEC.COLLEGE.340+,Democratic nominee to win 340 or more Electoral College votes in 2012 Presidential Election,1,34.0,Sep/25/2012 14:27:30
756114,DEM.ELEC.COLLEGE.340+,Democratic nominee to win 340 or more Electoral College votes in 2012 Presidential Election,24,37.4,Sep/25/2012 15:20:21
756114,DEM.ELEC.COLLEGE.340+,Democratic nominee to win 340 or more Electoral College votes in 2012 Presidential Election,32,37.4,Sep/25/2012 15:32:07
756114,DEM.ELEC.COLLEGE.340+,Democratic nominee to win 340 or more Electoral College votes in 2012 Presidential Election,10,37.4,Sep/25/2012 16:17:38
756114,DEM.ELEC.COLLEGE.340+,Democratic nominee to win 340 or more Electoral College votes in 2012 Presidential Election,3,37.4,Sep/25/2012 16:47:07
756114,DEM.ELEC.COLLEGE.340+,Democratic nominee to win 340 or more Electoral College votes in 2012 Presidential Election,1,35.0,Sep/25/2012 17:29:08
756114,DEM.ELEC.COLLEGE.340+,Democratic nominee to win 340 or more Electoral College votes in 2012 Presidential Election,10,36.9,Sep/25/2012 18:04:10
756114,DEM.ELEC.COLLEGE.340+,Democratic nominee to win 340 or more Electoral College votes in 2012 Presidential Election,14,37.5,Sep/25/2012 18:04:28
756114,DEM.ELEC.COLLEGE.340+,Democratic nominee to win 340 or more Electoral College votes in 2012 Presidential Election,8,38.0,Sep/25/2012 20:14:21
756114,DEM.ELEC.COLLEGE.340+,Democratic nominee to win 340 or more Electoral College votes in 2012 Presidential Election,33,37.5,Sep/25/2012 20:14:21
756114,DEM.ELEC.COLLEGE.340+,Democratic nominee to win 340 or more Electoral College votes in 2012 Presidential Election,50,39.8,Sep/25/2012 20:14:21
756114,DEM.ELEC.COLLEGE.340+,Democratic nominee to win 340 or more Electoral College votes in 2012 Presidential Election,1,35.5,Sep/26/2012 05:13:04
756114,DEM.ELEC.COLLEGE.340+,Democratic nominee to win 340 or more Electoral College votes in 2012 Presidential Election,5,35.5,Sep/26/2012 05:14:11
756114,DEM.ELEC.COLLEGE.340+,Democratic nominee to win 340 or more Electoral College votes in 2012 Presidential Election,1,40.0,Sep/26/2012 14:33:54
756114,DEM.ELEC.COLLEGE.340+,Democratic nominee to win 340 or more Electoral College votes in 2012 Presidential Election,1,35.2,Sep/26/2012 14:54:31
756114,DEM.ELEC.COLLEGE.340+,Democratic nominee to win 340 or more Electoral College votes in 2012 Presidential Election,49,40.0,Sep/26/2012 22:14:04
756114,DEM.ELEC.COLLEGE.340+,Democratic nominee to win 340 or more Electoral College votes in 2012 Presidential Election,1,40.0,Sep/27/2012 01:37:02
756114,DEM.ELEC.COLLEGE.340+,Democratic nominee to win 340 or more Electoral College votes in 2012 Presidential Election,40,40.0,Sep/27/2012 13:46:00
756114,DEM.ELEC.COLLEGE.340+,Democratic nominee to win 340 or more Electoral College votes in 2012 Presidential Election,3,40.0,Sep/27/2012 13:46:00
756114,DEM.ELEC.COLLEGE.340+,Democratic nominee to win 340 or more Electoral College votes in 2012 Presidential Election,1,44.4,Sep/27/2012 18:35:03
756114,DEM.ELEC.COLLEGE.340+,Democratic nominee to win 340 or more Electoral College votes in 2012 Presidential Election,20,40.0,Sep/27/2012 21:28:49
756114,DEM.ELEC.COLLEGE.340+,Democratic nominee to win 340 or more Electoral College votes in 2012 Presidential Election,1,40.0,Sep/28/2012 00:48:26
756114,DEM.ELEC.COLLEGE.340+,Democratic nominee to win 340 or more Electoral College votes in 2012 Presidential Election,10,40.0,Sep/28/2012 01:26:51
756114,DEM.ELEC.COLLEGE.340+,Democratic nominee to win 340 or more Electoral College votes in 2012 Presidential Election,2,42.0,Sep/28/2012 03:48:14
756114,DEM.ELEC.COLLEGE.340+,Democratic nominee to win 340 or more Electoral College votes in 2012 Presidential Election,1,44.0,Sep/28/2012 12:20:09
756114,DEM.ELEC.COLLEGE.340+,Democratic nominee to win 340 or more Electoral College votes in 2012 Presidential Election,10,42.0,Sep/28/2012 13:48:40
756114,DEM.ELEC.COLLEGE.340+,Democratic nominee to win 340 or more Electoral College votes in 2012 Presidential Election,10,42.0,Sep/28/2012 13:48:53
756114,DEM.ELEC.COLLEGE.340+,Democratic nominee to win 340 or more Electoral College votes in 2012 Presidential Election,3,44.4,Sep/28/2012 15:42:37
756114,DEM.ELEC.COLLEGE.340+,Democratic nominee to win 340 or more Electoral College votes in 2012 Presidential Election,7,44.4,Sep/28/2012 16:32:09
756114,DEM.ELEC.COLLEGE.340+,Democratic nominee to win 340 or more Electoral College votes in 2012 Presidential Election,1,47.3,Sep/28/2012 20:55:10
756114,DEM.ELEC.COLLEGE.340+,Democratic nominee to win 340 or more Electoral College votes in 2012 Presidential Election,9,47.3,Sep/28/2012 20:56:27
756114,DEM.ELEC.COLLEGE.340+,Democratic nominee to win 340 or more Electoral College votes in 2012 Presidential Election,4,47.3,Sep/28/2012 21:05:28
756114,DEM.ELEC.COLLEGE.340+,Democratic nominee to win 340 or more Electoral College votes in 2012 Presidential Election,10,47.4,Sep/28/2012 22:35:19
756114,DEM.ELEC.COLLEGE.340+,Democratic nominee to win 340 or more Electoral College votes in 2012 Presidential Election,1,47.0,Sep/29/2012 04:07:05
756114,DEM.ELEC.COLLEGE.340+,Democratic nominee to win 340 or more Electoral College votes in 2012 Presidential Election,5,47.5,Sep/29/2012 04:07:50
756114,DEM.ELEC.COLLEGE.340+,Democratic nominee to win 340 or more Electoral College votes in 2012 Presidential Election,4,47.8,Sep/29/2012 04:08:48
756114,DEM.ELEC.COLLEGE.340+,Democratic nominee to win 340 or more Electoral College votes in 2012 Presidential Election,20,46.0,Sep/29/2012 06:54:57
756114,DEM.ELEC.COLLEGE.340+,Democratic nominee to win 340 or more Electoral College votes in 2012 Presidential Election,20,45.0,Sep/29/2012 06:55:15
756114,DEM.ELEC.COLLEGE.340+,Democratic nominee to win 340 or more Electoral College votes in 2012 Presidential Election,2,46.0,Sep/29/2012 21:19:26
756114,DEM.ELEC.COLLEGE.340+,Democratic nominee to win 340 or more Electoral College votes in 2012 Presidential Election,1,47.7,Sep/29/2012 21:19:36
756114,DEM.ELEC.COLLEGE.340+,Democratic nominee to win 340 or more Electoral College votes in 2012 Presidential Election,1,47.8,Sep/29/2012 21:19:52
756114,DEM.ELEC.COLLEGE.340+,Democratic nominee to win 340 or more Electoral College votes in 2012 Presidential Election,11,46.0,Sep/30/2012 16:43:41
756114,DEM.ELEC.COLLEGE.340+,Democratic nominee to win 340 or more Electoral College votes in 2012 Presidential Election,3,46.7,Sep/30/2012 18:14:03
756114,DEM.ELEC.COLLEGE.340+,Democratic nominee to win 340 or more Electoral College votes in 2012 Presidential Election,5,49.8,Sep/30/2012 18:48:52
756114,DEM.ELEC.COLLEGE.340+,Democratic nominee to win 340 or more Electoral College votes in 2012 Presidential Election,1,51.5,Sep/30/2012 19:13:22
756114,DEM.ELEC.COLLEGE.340+,Democratic nominee to win 340 or more Electoral College votes in 2012 Presidential Election,1,46.0,Oct/01/2012 00:47:57
756114,DEM.ELEC.COLLEGE.340+,Democratic nominee to win 340 or more Electoral College votes in 2012 Presidential Election,2,41.0,Oct/01/2012 01:04:40
756114,DEM.ELEC.COLLEGE.340+,Democratic nominee to win 340 or more Electoral College votes in 2012 Presidential Election,1,41.1,Oct/01/2012 02:11:42
756114,DEM.ELEC.COLLEGE.340+,Democratic nominee to win 340 or more Electoral College votes in 2012 Presidential Election,50,41.2,Oct/01/2012 17:50:30
756114,DEM.ELEC.COLLEGE.340+,Democratic nominee to win 340 or more Electoral College votes in 2012 Presidential Election,27,41.2,Oct/01/2012 18:04:52
756114,DEM.ELEC.COLLEGE.340+,Democratic nominee to win 340 or more Electoral College votes in 2012 Presidential Election,1,42.5,Oct/02/2012 01:10:12
756114,DEM.ELEC.COLLEGE.340+,Democratic nominee to win 340 or more Electoral College votes in 2012 Presidential Election,1,41.3,Oct/02/2012 01:11:10
756114,DEM.ELEC.COLLEGE.340+,Democratic nominee to win 340 or more Electoral College votes in 2012 Presidential Election,51,41.1,Oct/02/2012 01:11:53
756114,DEM.ELEC.COLLEGE.340+,Democratic nominee to win 340 or more Electoral College votes in 2012 Presidential Election,3,41.0,Oct/02/2012 01:14:14
756114,DEM.ELEC.COLLEGE.340+,Democratic nominee to win 340 or more Electoral College votes in 2012 Presidential Election,1,40.6,Oct/02/2012 01:50:39
756114,DEM.ELEC.COLLEGE.340+,Democratic nominee to win 340 or more Electoral College votes in 2012 Presidential Election,2,40.5,Oct/02/2012 01:50:39
756114,DEM.ELEC.COLLEGE.340+,Democratic nominee to win 340 or more Electoral College votes in 2012 Presidential Election,4,40.0,Oct/02/2012 11:55:22
756114,DEM.ELEC.COLLEGE.340+,Democratic nominee to win 340 or more Electoral College votes in 2012 Presidential Election,1,40.0,Oct/02/2012 11:55:22
756114,DEM.ELEC.COLLEGE.340+,Democratic nominee to win 340 or more Electoral College votes in 2012 Presidential Election,1,42.5,Oct/02/2012 15:04:01
756114,DEM.ELEC.COLLEGE.340+,Democratic nominee to win 340 or more Electoral College votes in 2012 Presidential Election,5,42.4,Oct/02/2012 15:04:01
756114,DEM.ELEC.COLLEGE.340+,Democratic nominee to win 340 or more Electoral College votes in 2012 Presidential Election,1,40.0,Oct/02/2012 17:04:20
756114,DEM.ELEC.COLLEGE.340+,Democratic nominee to win 340 or more Electoral College votes in 2012 Presidential Election,1,42.5,Oct/03/2012 12:54:54
756114,DEM.ELEC.COLLEGE.340+,Democratic nominee to win 340 or more Electoral College votes in 2012 Presidential Election,1,42.8,Oct/03/2012 12:55:01
756114,DEM.ELEC.COLLEGE.340+,Democratic nominee to win 340 or more Electoral College votes in 2012 Presidential Election,1,42.8,Oct/03/2012 12:55:01
756114,DEM.ELEC.COLLEGE.340+,Democratic nominee to win 340 or more Electoral College votes in 2012 Presidential Election,2,42.9,Oct/03/2012 12:55:09
756114,DEM.ELEC.COLLEGE.340+,Democratic nominee to win 340 or more Electoral College votes in 2012 Presidential Election,4,42.9,Oct/03/2012 12:55:09
756114,DEM.ELEC.COLLEGE.340+,Democratic nominee to win 340 or more Electoral College votes in 2012 Presidential Election,10,43.0,Oct/03/2012 12:55:17
756114,DEM.ELEC.COLLEGE.340+,Democratic nominee to win 340 or more Electoral College votes in 2012 Presidential Election,10,36.4,Oct/03/2012 16:18:51
756114,DEM.ELEC.COLLEGE.340+,Democratic nominee to win 340 or more Electoral College votes in 2012 Presidential Election,10,36.3,Oct/03/2012 18:18:06
756114,DEM.ELEC.COLLEGE.340+,Democratic nominee to win 340 or more Electoral College votes in 2012 Presidential Election,6,35.0,Oct/03/2012 18:18:06
756114,DEM.ELEC.COLLEGE.340+,Democratic nominee to win 340 or more Electoral College votes in 2012 Presidential Election,10,42.8,Oct/03/2012 20:20:51
756114,DEM.ELEC.COLLEGE.340+,Democratic nominee to win 340 or more Electoral College votes in 2012 Presidential Election,10,34.0,Oct/04/2012 02:12:41
756114,DEM.ELEC.COLLEGE.340+,Democratic nominee to win 340 or more Electoral College votes in 2012 Presidential Election,1,34.0,Oct/04/2012 02:12:41
756114,DEM.ELEC.COLLEGE.340+,Democratic nominee to win 340 or more Electoral College votes in 2012 Presidential Election,1,33.0,Oct/04/2012 03:48:42
756114,DEM.ELEC.COLLEGE.340+,Democratic nominee to win 340 or more Electoral College votes in 2012 Presidential Election,1,34.0,Oct/04/2012 03:48:42
756114,DEM.ELEC.COLLEGE.340+,Democratic nominee to win 340 or more Electoral College votes in 2012 Presidential Election,1,33.5,Oct/04/2012 03:48:42
756114,DEM.ELEC.COLLEGE.340+,Democratic nominee to win 340 or more Electoral College votes in 2012 Presidential Election,1,33.0,Oct/04/2012 04:21:48
756114,DEM.ELEC.COLLEGE.340+,Democratic nominee to win 340 or more Electoral College votes in 2012 Presidential Election,3,35.0,Oct/04/2012 09:06:00
756114,DEM.ELEC.COLLEGE.340+,Democratic nominee to win 340 or more Electoral College votes in 2012 Presidential Election,20,33.3,Oct/04/2012 09:06:00
756114,DEM.ELEC.COLLEGE.340+,Democratic nominee to win 340 or more Electoral College votes in 2012 Presidential Election,1,33.0,Oct/04/2012 09:06:00
756114,DEM.ELEC.COLLEGE.340+,Democratic nominee to win 340 or more Electoral College votes in 2012 Presidential Election,25,33.0,Oct/04/2012 09:06:00
756114,DEM.ELEC.COLLEGE.340+,Democratic nominee to win 340 or more Electoral College votes in 2012 Presidential Election,1,38.0,Oct/04/2012 10:11:21
756114,DEM.ELEC.COLLEGE.340+,Democratic nominee to win 340 or more Electoral College votes in 2012 Presidential Election,1,32.0,Oct/04/2012 17:27:43
756114,DEM.ELEC.COLLEGE.340+,Democratic nominee to win 340 or more Electoral College votes in 2012 Presidential Election,1,32.1,Oct/04/2012 17:27:43
756114,DEM.ELEC.COLLEGE.340+,Democratic nominee to win 340 or more Electoral College votes in 2012 Presidential Election,1,25.1,Oct/04/2012 17:41:31
756114,DEM.ELEC.COLLEGE.340+,Democratic nominee to win 340 or more Electoral College votes in 2012 Presidential Election,20,30.0,Oct/05/2012 17:29:21
756114,DEM.ELEC.COLLEGE.340+,Democratic nominee to win 340 or more Electoral College votes in 2012 Presidential Election,5,30.0,Oct/06/2012 11:21:00
756114,DEM.ELEC.COLLEGE.340+,Democratic nominee to win 340 or more Electoral College votes in 2012 Presidential Election,4,27.1,Oct/06/2012 18:42:12
756114,DEM.ELEC.COLLEGE.340+,Democratic nominee to win 340 or more Electoral College votes in 2012 Presidential Election,25,27.0,Oct/06/2012 18:43:46
756114,DEM.ELEC.COLLEGE.340+,Democratic nominee to win 340 or more Electoral College votes in 2012 Presidential Election,25,25.5,Oct/07/2012 14:42:21
756114,DEM.ELEC.COLLEGE.340+,Democratic nominee to win 340 or more Electoral College votes in 2012 Presidential Election,10,25.0,Oct/07/2012 14:42:21
756114,DEM.ELEC.COLLEGE.340+,Democratic nominee to win 340 or more Electoral College votes in 2012 Presidential Election,25,25.2,Oct/07/2012 14:42:21
756114,DEM.ELEC.COLLEGE.340+,Democratic nominee to win 340 or more Electoral College votes in 2012 Presidential Election,5,25.3,Oct/07/2012 14:42:21
756114,DEM.ELEC.COLLEGE.340+,Democratic nominee to win 340 or more Electoral College votes in 2012 Presidential Election,2,25.6,Oct/07/2012 14:42:21
756114,DEM.ELEC.COLLEGE.340+,Democratic nominee to win 340 or more Electoral College votes in 2012 Presidential Election,25,25.0,Oct/07/2012 14:42:21
756114,DEM.ELEC.COLLEGE.340+,Democratic nominee to win 340 or more Electoral College votes in 2012 Presidential Election,31,22.0,Oct/07/2012 16:19:46
756114,DEM.ELEC.COLLEGE.340+,Democratic nominee to win 340 or more Electoral College votes in 2012 Presidential Election,5,24.0,Oct/07/2012 16:19:46
756114,DEM.ELEC.COLLEGE.340+,Democratic nominee to win 340 or more Electoral College votes in 2012 Presidential Election,9,29.0,Oct/08/2012 01:26:02
756114,DEM.ELEC.COLLEGE.340+,Democratic nominee to win 340 or more Electoral College votes in 2012 Presidential Election,1,30.0,Oct/08/2012 01:34:18
756114,DEM.ELEC.COLLEGE.340+,Democratic nominee to win 340 or more Electoral College votes in 2012 Presidential Election,5,27.0,Oct/08/2012 02:05:12
756114,DEM.ELEC.COLLEGE.340+,Democratic nominee to win 340 or more Electoral College votes in 2012 Presidential Election,11,26.5,Oct/08/2012 04:22:35
756114,DEM.ELEC.COLLEGE.340+,Democratic nominee to win 340 or more Electoral College votes in 2012 Presidential Election,2,26.5,Oct/08/2012 04:30:04
756114,DEM.ELEC.COLLEGE.340+,Democratic nominee to win 340 or more Electoral College votes in 2012 Presidential Election,50,27.0,Oct/08/2012 12:46:00
756114,DEM.ELEC.COLLEGE.340+,Democratic nominee to win 340 or more Electoral College votes in 2012 Presidential Election,25,27.0,Oct/08/2012 14:57:15
756114,DEM.ELEC.COLLEGE.340+,Democratic nominee to win 340 or more Electoral College votes in 2012 Presidential Election,5,30.5,Oct/09/2012 10:05:50
756114,DEM.ELEC.COLLEGE.340+,Democratic nominee to win 340 or more Electoral College votes in 2012 Presidential Election,10,25.5,Oct/09/2012 16:55:29
756114,DEM.ELEC.COLLEGE.340+,Democratic nominee to win 340 or more Electoral College votes in 2012 Presidential Election,25,25.0,Oct/09/2012 16:55:48
756114,DEM.ELEC.COLLEGE.340+,Democratic nominee to win 340 or more Electoral College votes in 2012 Presidential Election,5,24.0,Oct/10/2012 01:50:57
756114,DEM.ELEC.COLLEGE.340+,Democratic nominee to win 340 or more Electoral College votes in 2012 Presidential Election,11,22.5,Oct/10/2012 02:58:46
756114,DEM.ELEC.COLLEGE.340+,Democratic nominee to win 340 or more Electoral College votes in 2012 Presidential Election,14,22.5,Oct/10/2012 04:34:56
756114,DEM.ELEC.COLLEGE.340+,Democratic nominee to win 340 or more Electoral College votes in 2012 Presidential Election,16,22.5,Oct/10/2012 17:26:53
756114,DEM.ELEC.COLLEGE.340+,Democratic nominee to win 340 or more Electoral College votes in 2012 Presidential Election,2,25.0,Oct/11/2012 16:07:33
756114,DEM.ELEC.COLLEGE.340+,Democratic nominee to win 340 or more Electoral College votes in 2012 Presidential Election,3,24.0,Oct/11/2012 17:44:02
756114,DEM.ELEC.COLLEGE.340+,Democratic nominee to win 340 or more Electoral College votes in 2012 Presidential Election,1,23.0,Oct/11/2012 17:48:22
756114,DEM.ELEC.COLLEGE.340+,Democratic nominee to win 340 or more Electoral College votes in 2012 Presidential Election,1,22.5,Oct/11/2012 17:48:51
756114,DEM.ELEC.COLLEGE.340+,Democratic nominee to win 340 or more Electoral College votes in 2012 Presidential Election,8,22.5,Oct/11/2012 17:49:02
756114,DEM.ELEC.COLLEGE.340+,Democratic nominee to win 340 or more Electoral College votes in 2012 Presidential Election,1,22.1,Oct/11/2012 18:46:29
756114,DEM.ELEC.COLLEGE.340+,Democratic nominee to win 340 or more Electoral College votes in 2012 Presidential Election,25,20.0,Oct/11/2012 21:40:11
756114,DEM.ELEC.COLLEGE.340+,Democratic nominee to win 340 or more Electoral College votes in 2012 Presidential Election,13,22.1,Oct/11/2012 21:40:11
756114,DEM.ELEC.COLLEGE.340+,Democratic nominee to win 340 or more Electoral College votes in 2012 Presidential Election,25,22.0,Oct/11/2012 21:40:11
756114,DEM.ELEC.COLLEGE.340+,Democratic nominee to win 340 or more Electoral College votes in 2012 Presidential Election,50,21.0,Oct/11/2012 21:40:11
756114,DEM.ELEC.COLLEGE.340+,Democratic nominee to win 340 or more Electoral College votes in 2012 Presidential Election,20,20.0,Oct/12/2012 16:50:25
756114,DEM.ELEC.COLLEGE.340+,Democratic nominee to win 340 or more Electoral College votes in 2012 Presidential Election,5,20.0,Oct/12/2012 16:50:25
756114,DEM.ELEC.COLLEGE.340+,Democratic nominee to win 340 or more Electoral College votes in 2012 Presidential Election,7,15.2,Oct/12/2012 16:50:52
756114,DEM.ELEC.COLLEGE.340+,Democratic nominee to win 340 or more Electoral College votes in 2012 Presidential Election,34,24.5,Oct/12/2012 17:01:47
756114,DEM.ELEC.COLLEGE.340+,Democratic nominee to win 340 or more Electoral College votes in 2012 Presidential Election,10,20.0,Oct/12/2012 19:08:35
756114,DEM.ELEC.COLLEGE.340+,Democratic nominee to win 340 or more Electoral College votes in 2012 Presidential Election,6,20.0,Oct/12/2012 20:54:46
756114,DEM.ELEC.COLLEGE.340+,Democratic nominee to win 340 or more Electoral College votes in 2012 Presidential Election,25,20.0,Oct/13/2012 01:27:13
756114,DEM.ELEC.COLLEGE.340+,Democratic nominee to win 340 or more Electoral College votes in 2012 Presidential Election,25,17.0,Oct/13/2012 02:53:46
756114,DEM.ELEC.COLLEGE.340+,Democratic nominee to win 340 or more Electoral College votes in 2012 Presidential Election,23,15.2,Oct/13/2012 02:54:09
756114,DEM.ELEC.COLLEGE.340+,Democratic nominee to win 340 or more Electoral College votes in 2012 Presidential Election,1,15.1,Oct/13/2012 02:54:52
756114,DEM.ELEC.COLLEGE.340+,Democratic nominee to win 340 or more Electoral College votes in 2012 Presidential Election,1,11.0,Oct/13/2012 02:55:00
756114,DEM.ELEC.COLLEGE.340+,Democratic nominee to win 340 or more Electoral College votes in 2012 Presidential Election,25,12.0,Oct/13/2012 03:02:10
756114,DEM.ELEC.COLLEGE.340+,Democratic nominee to win 340 or more Electoral College votes in 2012 Presidential Election,6,20.0,Oct/13/2012 18:41:37
756114,DEM.ELEC.COLLEGE.340+,Democratic nominee to win 340 or more Electoral College votes in 2012 Presidential Election,1,12.0,Oct/13/2012 20:22:58
756114,DEM.ELEC.COLLEGE.340+,Democratic nominee to win 340 or more Electoral College votes in 2012 Presidential Election,5,13.0,Oct/15/2012 01:01:50
756114,DEM.ELEC.COLLEGE.340+,Democratic nominee to win 340 or more Electoral College votes in 2012 Presidential Election,1,15.0,Oct/15/2012 12:41:18
756114,DEM.ELEC.COLLEGE.340+,Democratic nominee to win 340 or more Electoral College votes in 2012 Presidential Election,5,17.0,Oct/15/2012 17:51:39
756114,DEM.ELEC.COLLEGE.340+,Democratic nominee to win 340 or more Electoral College votes in 2012 Presidential Election,18,17.0,Oct/15/2012 21:56:14
756114,DEM.ELEC.COLLEGE.340+,Democratic nominee to win 340 or more Electoral College votes in 2012 Presidential Election,10,16.0,Oct/15/2012 21:56:32
756114,DEM.ELEC.COLLEGE.340+,Democratic nominee to win 340 or more Electoral College votes in 2012 Presidential Election,25,16.0,Oct/15/2012 21:56:32
756114,DEM.ELEC.COLLEGE.340+,Democratic nominee to win 340 or more Electoral College votes in 2012 Presidential Election,25,15.0,Oct/15/2012 21:56:52
756114,DEM.ELEC.COLLEGE.340+,Democratic nominee to win 340 or more Electoral College votes in 2012 Presidential Election,25,14.0,Oct/15/2012 21:57:13
756114,DEM.ELEC.COLLEGE.340+,Democratic nominee to win 340 or more Electoral College votes in 2012 Presidential Election,30,12.5,Oct/15/2012 21:57:35
756114,DEM.ELEC.COLLEGE.340+,Democratic nominee to win 340 or more Electoral College votes in 2012 Presidential Election,5,15.0,Oct/16/2012 00:50:13
756114,DEM.ELEC.COLLEGE.340+,Democratic nominee to win 340 or more Electoral College votes in 2012 Presidential Election,5,14.7,Oct/16/2012 00:50:21
756114,DEM.ELEC.COLLEGE.340+,Democratic nominee to win 340 or more Electoral College votes in 2012 Presidential Election,5,14.5,Oct/16/2012 00:50:30
756114,DEM.ELEC.COLLEGE.340+,Democratic nominee to win 340 or more Electoral College votes in 2012 Presidential Election,5,14.3,Oct/16/2012 00:50:39
756114,DEM.ELEC.COLLEGE.340+,Democratic nominee to win 340 or more Electoral College votes in 2012 Presidential Election,25,13.5,Oct/16/2012 00:50:55
756114,DEM.ELEC.COLLEGE.340+,Democratic nominee to win 340 or more Electoral College votes in 2012 Presidential Election,25,13.0,Oct/16/2012 00:50:55
756114,DEM.ELEC.COLLEGE.340+,Democratic nominee to win 340 or more Electoral College votes in 2012 Presidential Election,5,14.0,Oct/16/2012 00:50:55
756114,DEM.ELEC.COLLEGE.340+,Democratic nominee to win 340 or more Electoral College votes in 2012 Presidential Election,20,12.5,Oct/16/2012 00:51:13
756114,DEM.ELEC.COLLEGE.340+,Democratic nominee to win 340 or more Electoral College votes in 2012 Presidential Election,20,12.5,Oct/16/2012 00:51:13
756114,DEM.ELEC.COLLEGE.340+,Democratic nominee to win 340 or more Electoral College votes in 2012 Presidential Election,25,15.5,Oct/16/2012 02:11:08
756114,DEM.ELEC.COLLEGE.340+,Democratic nominee to win 340 or more Electoral College votes in 2012 Presidential Election,25,15.0,Oct/16/2012 02:11:19
756114,DEM.ELEC.COLLEGE.340+,Democratic nominee to win 340 or more Electoral College votes in 2012 Presidential Election,25,14.0,Oct/16/2012 02:11:41
756114,DEM.ELEC.COLLEGE.340+,Democratic nominee to win 340 or more Electoral College votes in 2012 Presidential Election,1,13.0,Oct/16/2012 02:11:49
756114,DEM.ELEC.COLLEGE.340+,Democratic nominee to win 340 or more Electoral College votes in 2012 Presidential Election,24,19.9,Oct/16/2012 18:57:00
756114,DEM.ELEC.COLLEGE.340+,Democratic nominee to win 340 or more Electoral College votes in 2012 Presidential Election,1,15.0,Oct/16/2012 21:02:50
756114,DEM.ELEC.COLLEGE.340+,Democratic nominee to win 340 or more Electoral College votes in 2012 Presidential Election,24,15.0,Oct/17/2012 01:42:23
756114,DEM.ELEC.COLLEGE.340+,Democratic nominee to win 340 or more Electoral College votes in 2012 Presidential Election,1,19.9,Oct/17/2012 06:25:17
756114,DEM.ELEC.COLLEGE.340+,Democratic nominee to win 340 or more Electoral College votes in 2012 Presidential Election,8,20.0,Oct/17/2012 09:10:25
756114,DEM.ELEC.COLLEGE.340+,Democratic nominee to win 340 or more Electoral College votes in 2012 Presidential Election,1,20.0,Oct/17/2012 09:44:09
756114,DEM.ELEC.COLLEGE.340+,Democratic nominee to win 340 or more Electoral College votes in 2012 Presidential Election,15,20.0,Oct/17/2012 16:50:01
756114,DEM.ELEC.COLLEGE.340+,Democratic nominee to win 340 or more Electoral College votes in 2012 Presidential Election,1,19.0,Oct/17/2012 16:50:09
756114,DEM.ELEC.COLLEGE.340+,Democratic nominee to win 340 or more Electoral College votes in 2012 Presidential Election,24,20.0,Oct/17/2012 17:02:18
756114,DEM.ELEC.COLLEGE.340+,Democratic nominee to win 340 or more Electoral College votes in 2012 Presidential Election,1,19.0,Oct/17/2012 17:03:52
756114,DEM.ELEC.COLLEGE.340+,Democratic nominee to win 340 or more Electoral College votes in 2012 Presidential Election,24,19.0,Oct/17/2012 17:03:52
756114,DEM.ELEC.COLLEGE.340+,Democratic nominee to win 340 or more Electoral College votes in 2012 Presidential Election,1,18.0,Oct/17/2012 17:19:58
756114,DEM.ELEC.COLLEGE.340+,Democratic nominee to win 340 or more Electoral College votes in 2012 Presidential Election,1,18.0,Oct/17/2012 17:34:04
756114,DEM.ELEC.COLLEGE.340+,Democratic nominee to win 340 or more Electoral College votes in 2012 Presidential Election,10,21.0,Oct/17/2012 17:47:19
756114,DEM.ELEC.COLLEGE.340+,Democratic nominee to win 340 or more Electoral College votes in 2012 Presidential Election,15,20.0,Oct/17/2012 19:24:37
756114,DEM.ELEC.COLLEGE.340+,Democratic nominee to win 340 or more Electoral College votes in 2012 Presidential Election,1,19.0,Oct/17/2012 21:53:17
756114,DEM.ELEC.COLLEGE.340+,Democratic nominee to win 340 or more Electoral College votes in 2012 Presidential Election,1,19.0,Oct/18/2012 03:06:07
756114,DEM.ELEC.COLLEGE.340+,Democratic nominee to win 340 or more Electoral College votes in 2012 Presidential Election,23,19.0,Oct/18/2012 15:38:16
756114,DEM.ELEC.COLLEGE.340+,Democratic nominee to win 340 or more Electoral College votes in 2012 Presidential Election,23,18.0,Oct/18/2012 15:54:12
756114,DEM.ELEC.COLLEGE.340+,Democratic nominee to win 340 or more Electoral College votes in 2012 Presidential Election,25,17.5,Oct/18/2012 15:54:25
756114,DEM.ELEC.COLLEGE.340+,Democratic nominee to win 340 or more Electoral College votes in 2012 Presidential Election,28,17.0,Oct/18/2012 15:54:48
756114,DEM.ELEC.COLLEGE.340+,Democratic nominee to win 340 or more Electoral College votes in 2012 Presidential Election,1,12.5,Oct/18/2012 15:54:55
756114,DEM.ELEC.COLLEGE.340+,Democratic nominee to win 340 or more Electoral College votes in 2012 Presidential Election,25,15.0,Oct/19/2012 15:04:30
756114,DEM.ELEC.COLLEGE.340+,Democratic nominee to win 340 or more Electoral College votes in 2012 Presidential Election,25,14.0,Oct/19/2012 15:04:41
756114,DEM.ELEC.COLLEGE.340+,Democratic nominee to win 340 or more Electoral College votes in 2012 Presidential Election,25,13.0,Oct/19/2012 15:05:59
756114,DEM.ELEC.COLLEGE.340+,Democratic nominee to win 340 or more Electoral College votes in 2012 Presidential Election,5,15.0,Oct/19/2012 16:21:48
756114,DEM.ELEC.COLLEGE.340+,Democratic nominee to win 340 or more Electoral College votes in 2012 Presidential Election,5,14.0,Oct/19/2012 16:21:57
756114,DEM.ELEC.COLLEGE.340+,Democratic nominee to win 340 or more Electoral College votes in 2012 Presidential Election,25,13.0,Oct/19/2012 22:20:30
756114,DEM.ELEC.COLLEGE.340+,Democratic nominee to win 340 or more Electoral College votes in 2012 Presidential Election,19,12.5,Oct/19/2012 22:20:46
756114,DEM.ELEC.COLLEGE.340+,Democratic nominee to win 340 or more Electoral College votes in 2012 Presidential Election,2,10.1,Oct/19/2012 22:21:03
756114,DEM.ELEC.COLLEGE.340+,Democratic nominee to win 340 or more Electoral College votes in 2012 Presidential Election,5,14.0,Oct/19/2012 23:33:19
756114,DEM.ELEC.COLLEGE.340+,Democratic nominee to win 340 or more Electoral College votes in 2012 Presidential Election,25,14.0,Oct/19/2012 23:33:19
756114,DEM.ELEC.COLLEGE.340+,Democratic nominee to win 340 or more Electoral College votes in 2012 Presidential Election,20,13.0,Oct/19/2012 23:33:29
756114,DEM.ELEC.COLLEGE.340+,Democratic nominee to win 340 or more Electoral College votes in 2012 Presidential Election,4,13.0,Oct/20/2012 18:49:21
756114,DEM.ELEC.COLLEGE.340+,Democratic nominee to win 340 or more Electoral College votes in 2012 Presidential Election,1,13.0,Oct/20/2012 23:20:19
756114,DEM.ELEC.COLLEGE.340+,Democratic nominee to win 340 or more Electoral College votes in 2012 Presidential Election,24,12.5,Oct/20/2012 23:20:19
756114,DEM.ELEC.COLLEGE.340+,Democratic nominee to win 340 or more Electoral College votes in 2012 Presidential Election,1,12.5,Oct/21/2012 02:28:13
756114,DEM.ELEC.COLLEGE.340+,Democratic nominee to win 340 or more Electoral College votes in 2012 Presidential Election,2,10.1,Oct/21/2012 02:28:22
756114,DEM.ELEC.COLLEGE.340+,Democratic nominee to win 340 or more Electoral College votes in 2012 Presidential Election,1,10.0,Oct/21/2012 02:28:34
756114,DEM.ELEC.COLLEGE.340+,Democratic nominee to win 340 or more Electoral College votes in 2012 Presidential Election,4,10.1,Oct/21/2012 14:00:29
756114,DEM.ELEC.COLLEGE.340+,Democratic nominee to win 340 or more Electoral College votes in 2012 Presidential Election,25,11.0,Oct/22/2012 01:04:27
756114,DEM.ELEC.COLLEGE.340+,Democratic nominee to win 340 or more Electoral College votes in 2012 Presidential Election,4,15.0,Oct/22/2012 08:34:46
756114,DEM.ELEC.COLLEGE.340+,Democratic nominee to win 340 or more Electoral College votes in 2012 Presidential Election,1,14.9,Oct/22/2012 08:34:46
756114,DEM.ELEC.COLLEGE.340+,Democratic nominee to win 340 or more Electoral College votes in 2012 Presidential Election,4,14.0,Oct/22/2012 08:34:46
756114,DEM.ELEC.COLLEGE.340+,Democratic nominee to win 340 or more Electoral College votes in 2012 Presidential Election,5,15.0,Oct/22/2012 09:36:21
756114,DEM.ELEC.COLLEGE.340+,Democratic nominee to win 340 or more Electoral College votes in 2012 Presidential Election,11,15.0,Oct/22/2012 10:13:23
756114,DEM.ELEC.COLLEGE.340+,Democratic nominee to win 340 or more Electoral College votes in 2012 Presidential Election,1,13.0,Oct/22/2012 21:28:44
756114,DEM.ELEC.COLLEGE.340+,Democratic nominee to win 340 or more Electoral College votes in 2012 Presidential Election,5,13.0,Oct/22/2012 21:29:45
756114,DEM.ELEC.COLLEGE.340+,Democratic nominee to win 340 or more Electoral College votes in 2012 Presidential Election,6,13.0,Oct/22/2012 21:31:22
756114,DEM.ELEC.COLLEGE.340+,Democratic nominee to win 340 or more Electoral College votes in 2012 Presidential Election,3,13.0,Oct/22/2012 22:31:25
756114,DEM.ELEC.COLLEGE.340+,Democratic nominee to win 340 or more Electoral College votes in 2012 Presidential Election,2,12.5,Oct/22/2012 22:32:03
756114,DEM.ELEC.COLLEGE.340+,Democratic nominee to win 340 or more Electoral College votes in 2012 Presidential Election,4,12.5,Oct/23/2012 02:53:25
756114,DEM.ELEC.COLLEGE.340+,Democratic nominee to win 340 or more Electoral College votes in 2012 Presidential Election,5,15.0,Oct/23/2012 12:53:03
756114,DEM.ELEC.COLLEGE.340+,Democratic nominee to win 340 or more Electoral College votes in 2012 Presidential Election,20,15.0,Oct/23/2012 14:36:51
756114,DEM.ELEC.COLLEGE.340+,Democratic nominee to win 340 or more Electoral College votes in 2012 Presidential Election,19,12.5,Oct/23/2012 14:37:01
756114,DEM.ELEC.COLLEGE.340+,Democratic nominee to win 340 or more Electoral College votes in 2012 Presidential Election,25,12.3,Oct/23/2012 14:39:37
756114,DEM.ELEC.COLLEGE.340+,Democratic nominee to win 340 or more Electoral College votes in 2012 Presidential Election,113,12.1,Oct/23/2012 14:40:26
756114,DEM.ELEC.COLLEGE.340+,Democratic nominee to win 340 or more Electoral College votes in 2012 Presidential Election,25,12.0,Oct/23/2012 14:40:54
756114,DEM.ELEC.COLLEGE.340+,Democratic nominee to win 340 or more Electoral College votes in 2012 Presidential Election,4,11.0,Oct/23/2012 14:41:18
756114,DEM.ELEC.COLLEGE.340+,Democratic nominee to win 340 or more Electoral College votes in 2012 Presidential Election,21,11.0,Oct/23/2012 23:49:37
756114,DEM.ELEC.COLLEGE.340+,Democratic nominee to win 340 or more Electoral College votes in 2012 Presidential Election,9,10.1,Oct/23/2012 23:49:55
756114,DEM.ELEC.COLLEGE.340+,Democratic nominee to win 340 or more Electoral College votes in 2012 Presidential Election,12,10.1,Oct/24/2012 15:31:02
756114,DEM.ELEC.COLLEGE.340+,Democratic nominee to win 340 or more Electoral College votes in 2012 Presidential Election,4,10.1,Oct/24/2012 15:31:02
756114,DEM.ELEC.COLLEGE.340+,Democratic nominee to win 340 or more Electoral College votes in 2012 Presidential Election,25,10.0,Oct/24/2012 15:31:14
756114,DEM.ELEC.COLLEGE.340+,Democratic nominee to win 340 or more Electoral College votes in 2012 Presidential Election,1,7.1,Oct/24/2012 15:31:21
756114,DEM.ELEC.COLLEGE.340+,Democratic nominee to win 340 or more Electoral College votes in 2012 Presidential Election,8,11.0,Oct/24/2012 23:12:52
756114,DEM.ELEC.COLLEGE.340+,Democratic nominee to win 340 or more Electoral College votes in 2012 Presidential Election,17,11.0,Oct/25/2012 05:35:08
756114,DEM.ELEC.COLLEGE.340+,Democratic nominee to win 340 or more Electoral College votes in 2012 Presidential Election,25,12.0,Oct/27/2012 15:28:25
756114,DEM.ELEC.COLLEGE.340+,Democratic nominee to win 340 or more Electoral College votes in 2012 Presidential Election,25,12.5,Oct/28/2012 02:27:42
756114,DEM.ELEC.COLLEGE.340+,Democratic nominee to win 340 or more Electoral College votes in 2012 Presidential Election,10,12.0,Oct/28/2012 04:19:15
756114,DEM.ELEC.COLLEGE.340+,Democratic nominee to win 340 or more Electoral College votes in 2012 Presidential Election,25,12.0,Oct/28/2012 04:19:15
756114,DEM.ELEC.COLLEGE.340+,Democratic nominee to win 340 or more Electoral College votes in 2012 Presidential Election,1,10.0,Oct/28/2012 11:20:11
756114,DEM.ELEC.COLLEGE.340+,Democratic nominee to win 340 or more Electoral College votes in 2012 Presidential Election,49,10.0,Oct/28/2012 16:27:31
756114,DEM.ELEC.COLLEGE.340+,Democratic nominee to win 340 or more Electoral College votes in 2012 Presidential Election,1,7.1,Oct/28/2012 16:27:39
756114,DEM.ELEC.COLLEGE.340+,Democratic nominee to win 340 or more Electoral College votes in 2012 Presidential Election,4,7.1,Oct/28/2012 17:48:43
756114,DEM.ELEC.COLLEGE.340+,Democratic nominee to win 340 or more Electoral College votes in 2012 Presidential Election,1,3.0,Oct/28/2012 17:48:49
756114,DEM.ELEC.COLLEGE.340+,Democratic nominee to win 340 or more Electoral College votes in 2012 Presidential Election,15,12.5,Oct/28/2012 20:01:04
756114,DEM.ELEC.COLLEGE.340+,Democratic nominee to win 340 or more Electoral College votes in 2012 Presidential Election,1,12.4,Oct/28/2012 20:01:04
756114,DEM.ELEC.COLLEGE.340+,Democratic nominee to win 340 or more Electoral College votes in 2012 Presidential Election,9,12.5,Oct/28/2012 21:14:22
756114,DEM.ELEC.COLLEGE.340+,Democratic nominee to win 340 or more Electoral College votes in 2012 Presidential Election,25,10.0,Oct/28/2012 21:14:29
756114,DEM.ELEC.COLLEGE.340+,Democratic nominee to win 340 or more Electoral College votes in 2012 Presidential Election,1,5.0,Oct/28/2012 21:14:35
756114,DEM.ELEC.COLLEGE.340+,Democratic nominee to win 340 or more Electoral College votes in 2012 Presidential Election,25,10.5,Oct/28/2012 23:46:30
756114,DEM.ELEC.COLLEGE.340+,Democratic nominee to win 340 or more Electoral College votes in 2012 Presidential Election,25,10.0,Oct/28/2012 23:46:44
756114,DEM.ELEC.COLLEGE.340+,Democratic nominee to win 340 or more Electoral College votes in 2012 Presidential Election,5,7.0,Oct/28/2012 23:46:58
756114,DEM.ELEC.COLLEGE.340+,Democratic nominee to win 340 or more Electoral College votes in 2012 Presidential Election,50,10.5,Oct/29/2012 01:32:18
756114,DEM.ELEC.COLLEGE.340+,Democratic nominee to win 340 or more Electoral College votes in 2012 Presidential Election,50,10.0,Oct/29/2012 01:35:51
756114,DEM.ELEC.COLLEGE.340+,Democratic nominee to win 340 or more Electoral College votes in 2012 Presidential Election,1,14.5,Oct/29/2012 17:44:07
756114,DEM.ELEC.COLLEGE.340+,Democratic nominee to win 340 or more Electoral College votes in 2012 Presidential Election,1,14.6,Oct/29/2012 17:44:07
756114,DEM.ELEC.COLLEGE.340+,Democratic nominee to win 340 or more Electoral College votes in 2012 Presidential Election,20,14.7,Oct/29/2012 17:44:07
756114,DEM.ELEC.COLLEGE.340+,Democratic nominee to win 340 or more Electoral College votes in 2012 Presidential Election,1,14.8,Oct/29/2012 17:44:07
756114,DEM.ELEC.COLLEGE.340+,Democratic nominee to win 340 or more Electoral College votes in 2012 Presidential Election,5,14.9,Oct/29/2012 17:44:07
756114,DEM.ELEC.COLLEGE.340+,Democratic nominee to win 340 or more Electoral College votes in 2012 Presidential Election,12,12.5,Oct/29/2012 19:51:23
756114,DEM.ELEC.COLLEGE.340+,Democratic nominee to win 340 or more Electoral College votes in 2012 Presidential Election,10,11.0,Oct/29/2012 19:51:39
756114,DEM.ELEC.COLLEGE.340+,Democratic nominee to win 340 or more Electoral College votes in 2012 Presidential Election,3,10.0,Oct/29/2012 19:51:50
756114,DEM.ELEC.COLLEGE.340+,Democratic nominee to win 340 or more Electoral College votes in 2012 Presidential Election,10,11.0,Oct/30/2012 20:36:38
756114,DEM.ELEC.COLLEGE.340+,Democratic nominee to win 340 or more Electoral College votes in 2012 Presidential Election,5,12.5,Oct/31/2012 01:40:30
756114,DEM.ELEC.COLLEGE.340+,Democratic nominee to win 340 or more Electoral College votes in 2012 Presidential Election,1,17.7,Nov/01/2012 01:44:33
756114,DEM.ELEC.COLLEGE.340+,Democratic nominee to win 340 or more Electoral College votes in 2012 Presidential Election,40,17.7,Nov/01/2012 01:44:33
756114,DEM.ELEC.COLLEGE.340+,Democratic nominee to win 340 or more Electoral College votes in 2012 Presidential Election,4,17.7,Nov/01/2012 01:44:49
756114,DEM.ELEC.COLLEGE.340+,Democratic nominee to win 340 or more Electoral College votes in 2012 Presidential Election,2,17.8,Nov/01/2012 01:44:49
756114,DEM.ELEC.COLLEGE.340+,Democratic nominee to win 340 or more Electoral College votes in 2012 Presidential Election,2,17.9,Nov/01/2012 01:44:49
756114,DEM.ELEC.COLLEGE.340+,Democratic nominee to win 340 or more Electoral College votes in 2012 Presidential Election,17,18.0,Nov/01/2012 01:44:49
756114,DEM.ELEC.COLLEGE.340+,Democratic nominee to win 340 or more Electoral College votes in 2012 Presidential Election,1,13.5,Nov/01/2012 02:54:07
756114,DEM.ELEC.COLLEGE.340+,Democratic nominee to win 340 or more Electoral College votes in 2012 Presidential Election,1,13.5,Nov/01/2012 04:21:39
756114,DEM.ELEC.COLLEGE.340+,Democratic nominee to win 340 or more Electoral College votes in 2012 Presidential Election,4,13.5,Nov/01/2012 04:21:39
756114,DEM.ELEC.COLLEGE.340+,Democratic nominee to win 340 or more Electoral College votes in 2012 Presidential Election,10,16.5,Nov/01/2012 08:54:37
756114,DEM.ELEC.COLLEGE.340+,Democratic nominee to win 340 or more Electoral College votes in 2012 Presidential Election,1,16.4,Nov/01/2012 08:54:37
756114,DEM.ELEC.COLLEGE.340+,Democratic nominee to win 340 or more Electoral College votes in 2012 Presidential Election,4,16.5,Nov/01/2012 10:02:16
756114,DEM.ELEC.COLLEGE.340+,Democratic nominee to win 340 or more Electoral College votes in 2012 Presidential Election,10,15.0,Nov/01/2012 13:38:56
756114,DEM.ELEC.COLLEGE.340+,Democratic nominee to win 340 or more Electoral College votes in 2012 Presidential Election,25,14.0,Nov/01/2012 15:45:56
756114,DEM.ELEC.COLLEGE.340+,Democratic nominee to win 340 or more Electoral College votes in 2012 Presidential Election,3,13.5,Nov/01/2012 19:29:03
756114,DEM.ELEC.COLLEGE.340+,Democratic nominee to win 340 or more Electoral College votes in 2012 Presidential Election,1,13.5,Nov/01/2012 19:29:03
756114,DEM.ELEC.COLLEGE.340+,Democratic nominee to win 340 or more Electoral College votes in 2012 Presidential Election,20,13.0,Nov/01/2012 22:01:54
756114,DEM.ELEC.COLLEGE.340+,Democratic nominee to win 340 or more Electoral College votes in 2012 Presidential Election,5,13.0,Nov/01/2012 23:44:01
756114,DEM.ELEC.COLLEGE.340+,Democratic nominee to win 340 or more Electoral College votes in 2012 Presidential Election,5,12.0,Nov/01/2012 23:44:12
756114,DEM.ELEC.COLLEGE.340+,Democratic nominee to win 340 or more Electoral College votes in 2012 Presidential Election,1,14.9,Nov/02/2012 09:45:20
756114,DEM.ELEC.COLLEGE.340+,Democratic nominee to win 340 or more Electoral College votes in 2012 Presidential Election,10,15.0,Nov/02/2012 09:45:20
756114,DEM.ELEC.COLLEGE.340+,Democratic nominee to win 340 or more Electoral College votes in 2012 Presidential Election,5,18.0,Nov/02/2012 09:49:12
756114,DEM.ELEC.COLLEGE.340+,Democratic nominee to win 340 or more Electoral College votes in 2012 Presidential Election,5,17.9,Nov/02/2012 09:49:12
756114,DEM.ELEC.COLLEGE.340+,Democratic nominee to win 340 or more Electoral College votes in 2012 Presidential Election,1,12.1,Nov/02/2012 14:55:02
756114,DEM.ELEC.COLLEGE.340+,Democratic nominee to win 340 or more Electoral College votes in 2012 Presidential Election,14,12.1,Nov/02/2012 18:58:57
756114,DEM.ELEC.COLLEGE.340+,Democratic nominee to win 340 or more Electoral College votes in 2012 Presidential Election,15,18.0,Nov/02/2012 19:58:08
756114,DEM.ELEC.COLLEGE.340+,Democratic nominee to win 340 or more Electoral College votes in 2012 Presidential Election,1,17.9,Nov/02/2012 23:42:07
756114,DEM.ELEC.COLLEGE.340+,Democratic nominee to win 340 or more Electoral College votes in 2012 Presidential Election,1,12.2,Nov/03/2012 04:14:46
756114,DEM.ELEC.COLLEGE.340+,Democratic nominee to win 340 or more Electoral College votes in 2012 Presidential Election,31,12.2,Nov/03/2012 11:38:49
756114,DEM.ELEC.COLLEGE.340+,Democratic nominee to win 340 or more Electoral College votes in 2012 Presidential Election,1,17.9,Nov/03/2012 14:05:12
756114,DEM.ELEC.COLLEGE.340+,Democratic nominee to win 340 or more Electoral College votes in 2012 Presidential Election,4,18.0,Nov/03/2012 14:05:26
756114,DEM.ELEC.COLLEGE.340+,Democratic nominee to win 340 or more Electoral College votes in 2012 Presidential Election,50,15.0,Nov/03/2012 16:31:15
756114,DEM.ELEC.COLLEGE.340+,Democratic nominee to win 340 or more Electoral College votes in 2012 Presidential Election,6,18.0,Nov/03/2012 17:23:17
756114,DEM.ELEC.COLLEGE.340+,Democratic nominee to win 340 or more Electoral College votes in 2012 Presidential Election,19,18.0,Nov/03/2012 19:08:51
756114,DEM.ELEC.COLLEGE.340+,Democratic nominee to win 340 or more Electoral College votes in 2012 Presidential Election,13,18.0,Nov/03/2012 19:08:51
756114,DEM.ELEC.COLLEGE.340+,Democratic nominee to win 340 or more Electoral College votes in 2012 Presidential Election,1,12.6,Nov/03/2012 19:23:49
756114,DEM.ELEC.COLLEGE.340+,Democratic nominee to win 340 or more Electoral College votes in 2012 Presidential Election,3,12.6,Nov/04/2012 15:45:09
756114,DEM.ELEC.COLLEGE.340+,Democratic nominee to win 340 or more Electoral College votes in 2012 Presidential Election,11,16.5,Nov/04/2012 18:55:14
756114,DEM.ELEC.COLLEGE.340+,Democratic nominee to win 340 or more Electoral College votes in 2012 Presidential Election,1,18.0,Nov/04/2012 18:55:14
756114,DEM.ELEC.COLLEGE.340+,Democratic nominee to win 340 or more Electoral College votes in 2012 Presidential Election,15,18.0,Nov/04/2012 18:55:14
756114,DEM.ELEC.COLLEGE.340+,Democratic nominee to win 340 or more Electoral College votes in 2012 Presidential Election,10,16.5,Nov/04/2012 18:55:14
756114,DEM.ELEC.COLLEGE.340+,Democratic nominee to win 340 or more Electoral College votes in 2012 Presidential Election,1,16.4,Nov/04/2012 18:55:14
756114,DEM.ELEC.COLLEGE.340+,Democratic nominee to win 340 or more Electoral College votes in 2012 Presidential Election,4,18.0,Nov/05/2012 01:58:45
756114,DEM.ELEC.COLLEGE.340+,Democratic nominee to win 340 or more Electoral College votes in 2012 Presidential Election,8,15.1,Nov/05/2012 03:30:56
756114,DEM.ELEC.COLLEGE.340+,Democratic nominee to win 340 or more Electoral College votes in 2012 Presidential Election,15,17.5,Nov/05/2012 04:14:19
756114,DEM.ELEC.COLLEGE.340+,Democratic nominee to win 340 or more Electoral College votes in 2012 Presidential Election,6,18.0,Nov/05/2012 04:15:16
756114,DEM.ELEC.COLLEGE.340+,Democratic nominee to win 340 or more Electoral College votes in 2012 Presidential Election,1,18.0,Nov/05/2012 04:31:27
756114,DEM.ELEC.COLLEGE.340+,Democratic nominee to win 340 or more Electoral College votes in 2012 Presidential Election,1,16.0,Nov/05/2012 07:56:35
756114,DEM.ELEC.COLLEGE.340+,Democratic nominee to win 340 or more Electoral College votes in 2012 Presidential Election,9,16.0,Nov/05/2012 13:06:47
756114,DEM.ELEC.COLLEGE.340+,Democratic nominee to win 340 or more Electoral College votes in 2012 Presidential Election,25,15.2,Nov/05/2012 13:30:46
756114,DEM.ELEC.COLLEGE.340+,Democratic nominee to win 340 or more Electoral College votes in 2012 Presidential Election,25,15.2,Nov/05/2012 18:10:35
756114,DEM.ELEC.COLLEGE.340+,Democratic nominee to win 340 or more Electoral College votes in 2012 Presidential Election,42,15.1,Nov/05/2012 18:15:35
756114,DEM.ELEC.COLLEGE.340+,Democratic nominee to win 340 or more Electoral College votes in 2012 Presidential Election,20,16.5,Nov/05/2012 22:53:16
756114,DEM.ELEC.COLLEGE.340+,Democratic nominee to win 340 or more Electoral College votes in 2012 Presidential Election,1,16.6,Nov/05/2012 22:54:22
756114,DEM.ELEC.COLLEGE.340+,Democratic nominee to win 340 or more Electoral College votes in 2012 Presidential Election,25,17.0,Nov/05/2012 22:54:34
756114,DEM.ELEC.COLLEGE.340+,Democratic nominee to win 340 or more Electoral College votes in 2012 Presidential Election,8,12.2,Nov/06/2012 02:25:23
756114,DEM.ELEC.COLLEGE.340+,Democratic nominee to win 340 or more Electoral College votes in 2012 Presidential Election,15,15.5,Nov/06/2012 04:33:38
756114,DEM.ELEC.COLLEGE.340+,Democratic nominee to win 340 or more Electoral College votes in 2012 Presidential Election,20,16.0,Nov/06/2012 04:40:05
756114,DEM.ELEC.COLLEGE.340+,Democratic nominee to win 340 or more Electoral College votes in 2012 Presidential Election,1,20.0,Nov/06/2012 04:44:34
756114,DEM.ELEC.COLLEGE.340+,Democratic nominee to win 340 or more Electoral College votes in 2012 Presidential Election,5,17.9,Nov/06/2012 16:19:36
756114,DEM.ELEC.COLLEGE.340+,Democratic nominee to win 340 or more Electoral College votes in 2012 Presidential Election,40,13.6,Nov/06/2012 16:35:32
756114,DEM.ELEC.COLLEGE.340+,Democratic nominee to win 340 or more Electoral College votes in 2012 Presidential Election,40,13.7,Nov/06/2012 19:19:41
756114,DEM.ELEC.COLLEGE.340+,Democratic nominee to win 340 or more Electoral College votes in 2012 Presidential Election,2,17.0,Nov/06/2012 19:32:37
756114,DEM.ELEC.COLLEGE.340+,Democratic nominee to win 340 or more Electoral College votes in 2012 Presidential Election,1,13.5,Nov/06/2012 21:17:30
756114,DEM.ELEC.COLLEGE.340+,Democratic nominee to win 340 or more Electoral College votes in 2012 Presidential Election,1,13.5,Nov/06/2012 21:17:51
756114,DEM.ELEC.COLLEGE.340+,Democratic nominee to win 340 or more Electoral College votes in 2012 Presidential Election,2,13.5,Nov/06/2012 21:27:43
756114,DEM.ELEC.COLLEGE.340+,Democratic nominee to win 340 or more Electoral College votes in 2012 Presidential Election,4,13.3,Nov/06/2012 21:27:43
756114,DEM.ELEC.COLLEGE.340+,Democratic nominee to win 340 or more Electoral College votes in 2012 Presidential Election,4,13.4,Nov/06/2012 21:27:43
756114,DEM.ELEC.COLLEGE.340+,Democratic nominee to win 340 or more Electoral College votes in 2012 Presidential Election,5,12.6,Nov/06/2012 21:45:06
756114,DEM.ELEC.COLLEGE.340+,Democratic nominee to win 340 or more Electoral College votes in 2012 Presidential Election,25,12.5,Nov/06/2012 22:11:31
756114,DEM.ELEC.COLLEGE.340+,Democratic nominee to win 340 or more Electoral College votes in 2012 Presidential Election,12,12.6,Nov/06/2012 22:11:31
756114,DEM.ELEC.COLLEGE.340+,Democratic nominee to win 340 or more Electoral College votes in 2012 Presidential Election,1,12.0,Nov/06/2012 23:06:54
756114,DEM.ELEC.COLLEGE.340+,Democratic nominee to win 340 or more Electoral College votes in 2012 Presidential Election,24,12.0,Nov/06/2012 23:15:02
756114,DEM.ELEC.COLLEGE.340+,Democratic nominee to win 340 or more Electoral College votes in 2012 Presidential Election,6,12.0,Nov/07/2012 00:37:12
756114,DEM.ELEC.COLLEGE.340+,Democratic nominee to win 340 or more Electoral College votes in 2012 Presidential Election,20,15.0,Nov/07/2012 01:33:30
756114,DEM.ELEC.COLLEGE.340+,Democratic nominee to win 340 or more Electoral College votes in 2012 Presidential Election,6,15.0,Nov/07/2012 02:02:22
756114,DEM.ELEC.COLLEGE.340+,Democratic nominee to win 340 or more Electoral College votes in 2012 Presidential Election,5,11.1,Nov/07/2012 02:23:53
756114,DEM.ELEC.COLLEGE.340+,Democratic nominee to win 340 or more Electoral College votes in 2012 Presidential Election,9,15.0,Nov/07/2012 02:33:45
756114,DEM.ELEC.COLLEGE.340+,Democratic nominee to win 340 or more Electoral College votes in 2012 Presidential Election,1,15.0,Nov/07/2012 02:46:48
756114,DEM.ELEC.COLLEGE.340+,Democratic nominee to win 340 or more Electoral College votes in 2012 Presidential Election,20,15.0,Nov/07/2012 02:52:50
756114,DEM.ELEC.COLLEGE.340+,Democratic nominee to win 340 or more Electoral College votes in 2012 Presidential Election,10,15.0,Nov/07/2012 03:06:08
756114,DEM.ELEC.COLLEGE.340+,Democratic nominee to win 340 or more Electoral College votes in 2012 Presidential Election,25,30.0,Nov/07/2012 03:11:54
756114,DEM.ELEC.COLLEGE.340+,Democratic nominee to win 340 or more Electoral College votes in 2012 Presidential Election,10,11.1,Nov/07/2012 03:14:08
756114,DEM.ELEC.COLLEGE.340+,Democratic nominee to win 340 or more Electoral College votes in 2012 Presidential Election,35,11.1,Nov/07/2012 03:16:12
756114,DEM.ELEC.COLLEGE.340+,Democratic nominee to win 340 or more Electoral College votes in 2012 Presidential Election,65,11.0,Nov/07/2012 03:16:20
756114,DEM.ELEC.COLLEGE.340+,Democratic nominee to win 340 or more Electoral College votes in 2012 Presidential Election,1,0.1,Nov/07/2012 03:17:27
756114,DEM.ELEC.COLLEGE.340+,Democratic nominee to win 340 or more Electoral College votes in 2012 Presidential Election,8,15.0,Nov/07/2012 03:23:01
756114,DEM.ELEC.COLLEGE.340+,Democratic nominee to win 340 or more Electoral College votes in 2012 Presidential Election,50,5.0,Nov/07/2012 03:30:45
756114,DEM.ELEC.COLLEGE.340+,Democratic nominee to win 340 or more Electoral College votes in 2012 Presidential Election,79,3.0,Nov/07/2012 03:34:48
756114,DEM.ELEC.COLLEGE.340+,Democratic nominee to win 340 or more Electoral College votes in 2012 Presidential Election,421,3.0,Nov/07/2012 03:34:52
756114,DEM.ELEC.COLLEGE.340+,Democratic nominee to win 340 or more Electoral College votes in 2012 Presidential Election,500,4.0,Nov/07/2012 03:35:42
756114,DEM.ELEC.COLLEGE.340+,Democratic nominee to win 340 or more Electoral College votes in 2012 Presidential Election,500,5.0,Nov/07/2012 03:36:18
756114,DEM.ELEC.COLLEGE.340+,Democratic nominee to win 340 or more Electoral College votes in 2012 Presidential Election,79,3.0,Nov/07/2012 03:40:29
756114,DEM.ELEC.COLLEGE.340+,Democratic nominee to win 340 or more Electoral College votes in 2012 Presidential Election,116,5.0,Nov/07/2012 03:53:25
756114,DEM.ELEC.COLLEGE.340+,Democratic nominee to win 340 or more Electoral College votes in 2012 Presidential Election,1,3.0,Nov/07/2012 04:51:34
756114,DEM.ELEC.COLLEGE.340+,Democratic nominee to win 340 or more Electoral College votes in 2012 Presidential Election,36,1.0,Nov/07/2012 05:48:12
756114,DEM.ELEC.COLLEGE.340+,Democratic nominee to win 340 or more Electoral College votes in 2012 Presidential Election,1,0.1,Nov/07/2012 06:06:01
756114,DEM.ELEC.COLLEGE.340+,Democratic nominee to win 340 or more Electoral College votes in 2012 Presidential Election,5,0.3,Nov/07/2012 07:10:23
756114,DEM.ELEC.COLLEGE.340+,Democratic nominee to win 340 or more Electoral College votes in 2012 Presidential Election,75,0.2,Nov/07/2012 07:10:23
756114,DEM.ELEC.COLLEGE.340+,Democratic nominee to win 340 or more Electoral College votes in 2012 Presidential Election,2,0.1,Nov/07/2012 07:52:09
756114,DEM.ELEC.COLLEGE.340+,Democratic nominee to win 340 or more Electoral College votes in 2012 Presidential Election,32,0.1,Nov/07/2012 12:07:43
756114,DEM.ELEC.COLLEGE.340+,Democratic nominee to win 340 or more Electoral College votes in 2012 Presidential Election,22,0.1,Nov/07/2012 12:07:43
756114,DEM.ELEC.COLLEGE.340+,Democratic nominee to win 340 or more Electoral College votes in 2012 Presidential Election,5,0.1,Nov/07/2012 12:07:43
756114,DEM.ELEC.COLLEGE.340+,Democratic nominee to win 340 or more Electoral College votes in 2012 Presidential Election,2,0.1,Nov/07/2012 12:10:12
756114,DEM.ELEC.COLLEGE.340+,Democratic nominee to win 340 or more Electoral College votes in 2012 Presidential Election,1,2.8,Nov/07/2012 12:13:59
756114,DEM.ELEC.COLLEGE.340+,Democratic nominee to win 340 or more Electoral College votes in 2012 Presidential Election,1000,0.1,Nov/07/2012 12:20:37
756114,DEM.ELEC.COLLEGE.340+,Democratic nominee to win 340 or more Electoral College votes in 2012 Presidential Election,2,0.1,Nov/07/2012 12:20:47
756114,DEM.ELEC.COLLEGE.340+,Democratic nominee to win 340 or more Electoral College votes in 2012 Presidential Election,8,0.1,Nov/07/2012 12:25:55
756114,DEM.ELEC.COLLEGE.340+,Democratic nominee to win 340 or more Electoral College votes in 2012 Presidential Election,236,0.1,Nov/07/2012 12:34:40
756114,DEM.ELEC.COLLEGE.340+,Democratic nominee to win 340 or more Electoral College votes in 2012 Presidential Election,23,0.1,Nov/07/2012 12:34:40
