market id,market symbol,market name,trade quantity,trade price,date/time [utc]
745796,NH.2012.REP,Republican nominee to win New Hampshire,1,49.0,Nov/05/2011 01:02:09
745796,NH.2012.REP,Republican nominee to win New Hampshire,2,48.0,Jan/31/2012 14:43:32
745796,NH.2012.REP,Republican nominee to win New Hampshire,3,48.0,Jan/31/2012 14:44:03
745796,NH.2012.REP,Republican nominee to win New Hampshire,4,50.0,Feb/11/2012 04:09:50
745796,NH.2012.REP,Republican nominee to win New Hampshire,1,50.1,Feb/11/2012 04:09:50
745796,NH.2012.REP,Republican nominee to win New Hampshire,1,50.0,Feb/11/2012 04:20:34
745796,NH.2012.REP,Republican nominee to win New Hampshire,5,50.0,Feb/11/2012 16:43:30
745796,NH.2012.REP,Republican nominee to win New Hampshire,5,45.0,May/23/2012 23:24:01
745796,NH.2012.REP,Republican nominee to win New Hampshire,5,34.5,Jun/16/2012 13:08:51
745796,NH.2012.REP,Republican nominee to win New Hampshire,2,44.4,Jun/29/2012 20:51:45
745796,NH.2012.REP,Republican nominee to win New Hampshire,1,44.4,Jun/29/2012 20:51:45
745796,NH.2012.REP,Republican nominee to win New Hampshire,5,44.5,Jul/02/2012 23:19:26
745796,NH.2012.REP,Republican nominee to win New Hampshire,1,44.5,Jul/02/2012 23:19:26
745796,NH.2012.REP,Republican nominee to win New Hampshire,5,33.5,Jul/03/2012 18:11:19
745796,NH.2012.REP,Republican nominee to win New Hampshire,1,33.2,Jul/05/2012 18:15:09
745796,NH.2012.REP,Republican nominee to win New Hampshire,1,33.2,Jul/05/2012 18:15:09
745796,NH.2012.REP,Republican nominee to win New Hampshire,2,33.2,Jul/05/2012 18:15:09
745796,NH.2012.REP,Republican nominee to win New Hampshire,1,33.2,Jul/05/2012 19:12:02
745796,NH.2012.REP,Republican nominee to win New Hampshire,1,33.2,Jul/12/2012 17:13:45
745796,NH.2012.REP,Republican nominee to win New Hampshire,10,36.5,Jul/26/2012 21:40:34
745796,NH.2012.REP,Republican nominee to win New Hampshire,5,39.5,Aug/04/2012 14:38:30
745796,NH.2012.REP,Republican nominee to win New Hampshire,6,39.5,Aug/06/2012 01:19:26
745796,NH.2012.REP,Republican nominee to win New Hampshire,1,39.5,Aug/06/2012 01:19:26
745796,NH.2012.REP,Republican nominee to win New Hampshire,1,40.0,Aug/09/2012 07:21:14
745796,NH.2012.REP,Republican nominee to win New Hampshire,3,39.5,Aug/09/2012 15:49:49
745796,NH.2012.REP,Republican nominee to win New Hampshire,9,40.0,Aug/09/2012 15:49:49
745796,NH.2012.REP,Republican nominee to win New Hampshire,7,38.5,Aug/09/2012 15:49:49
745796,NH.2012.REP,Republican nominee to win New Hampshire,1,44.4,Aug/11/2012 15:08:42
745796,NH.2012.REP,Republican nominee to win New Hampshire,1,44.4,Aug/11/2012 15:08:42
745796,NH.2012.REP,Republican nominee to win New Hampshire,5,49.5,Aug/13/2012 16:07:31
745796,NH.2012.REP,Republican nominee to win New Hampshire,9,49.5,Aug/13/2012 16:07:31
745796,NH.2012.REP,Republican nominee to win New Hampshire,1,49.5,Aug/13/2012 16:07:31
745796,NH.2012.REP,Republican nominee to win New Hampshire,1,59.5,Aug/13/2012 20:53:28
745796,NH.2012.REP,Republican nominee to win New Hampshire,5,40.0,Aug/15/2012 11:51:01
745796,NH.2012.REP,Republican nominee to win New Hampshire,1,54.9,Aug/15/2012 16:05:09
745796,NH.2012.REP,Republican nominee to win New Hampshire,2,40.0,Aug/16/2012 17:46:38
745796,NH.2012.REP,Republican nominee to win New Hampshire,1,37.0,Aug/18/2012 18:35:46
745796,NH.2012.REP,Republican nominee to win New Hampshire,2,37.1,Aug/19/2012 15:06:04
745796,NH.2012.REP,Republican nominee to win New Hampshire,7,41.9,Aug/23/2012 06:12:57
745796,NH.2012.REP,Republican nominee to win New Hampshire,5,41.9,Aug/23/2012 06:12:57
745796,NH.2012.REP,Republican nominee to win New Hampshire,1,41.9,Aug/23/2012 06:12:57
745796,NH.2012.REP,Republican nominee to win New Hampshire,2,37.1,Aug/23/2012 22:27:59
745796,NH.2012.REP,Republican nominee to win New Hampshire,1,37.0,Aug/23/2012 22:27:59
745796,NH.2012.REP,Republican nominee to win New Hampshire,2,43.6,Aug/25/2012 03:07:49
745796,NH.2012.REP,Republican nominee to win New Hampshire,100,42.5,Aug/26/2012 06:34:47
745796,NH.2012.REP,Republican nominee to win New Hampshire,1,42.5,Aug/26/2012 06:34:47
745796,NH.2012.REP,Republican nominee to win New Hampshire,1,35.1,Aug/29/2012 16:17:12
745796,NH.2012.REP,Republican nominee to win New Hampshire,30,35.1,Aug/29/2012 16:18:15
745796,NH.2012.REP,Republican nominee to win New Hampshire,2,37.5,Aug/31/2012 17:34:49
745796,NH.2012.REP,Republican nominee to win New Hampshire,1,37.5,Aug/31/2012 17:34:49
745796,NH.2012.REP,Republican nominee to win New Hampshire,10,40.9,Aug/31/2012 17:35:25
745796,NH.2012.REP,Republican nominee to win New Hampshire,4,33.1,Aug/31/2012 23:50:33
745796,NH.2012.REP,Republican nominee to win New Hampshire,1,33.1,Aug/31/2012 23:50:33
745796,NH.2012.REP,Republican nominee to win New Hampshire,10,33.1,Aug/31/2012 23:50:33
745796,NH.2012.REP,Republican nominee to win New Hampshire,10,40.5,Sep/01/2012 18:53:09
745796,NH.2012.REP,Republican nominee to win New Hampshire,10,40.6,Sep/01/2012 18:53:23
745796,NH.2012.REP,Republican nominee to win New Hampshire,1,40.6,Sep/01/2012 18:53:23
745796,NH.2012.REP,Republican nominee to win New Hampshire,100,41.0,Sep/01/2012 18:53:42
745796,NH.2012.REP,Republican nominee to win New Hampshire,2,41.0,Sep/01/2012 18:53:42
745796,NH.2012.REP,Republican nominee to win New Hampshire,10,31.2,Sep/01/2012 21:37:55
745796,NH.2012.REP,Republican nominee to win New Hampshire,14,31.4,Sep/01/2012 21:37:55
745796,NH.2012.REP,Republican nominee to win New Hampshire,10,31.5,Sep/01/2012 21:37:55
745796,NH.2012.REP,Republican nominee to win New Hampshire,4,31.5,Sep/01/2012 21:37:55
745796,NH.2012.REP,Republican nominee to win New Hampshire,10,39.8,Sep/03/2012 07:12:49
745796,NH.2012.REP,Republican nominee to win New Hampshire,10,39.8,Sep/03/2012 07:12:49
745796,NH.2012.REP,Republican nominee to win New Hampshire,1,39.8,Sep/03/2012 07:12:49
745796,NH.2012.REP,Republican nominee to win New Hampshire,1,32.5,Sep/04/2012 05:45:03
745796,NH.2012.REP,Republican nominee to win New Hampshire,5,32.5,Sep/04/2012 05:45:03
745796,NH.2012.REP,Republican nominee to win New Hampshire,6,32.5,Sep/04/2012 05:45:03
745796,NH.2012.REP,Republican nominee to win New Hampshire,4,32.5,Sep/04/2012 21:22:29
745796,NH.2012.REP,Republican nominee to win New Hampshire,1,38.4,Sep/05/2012 08:32:41
745796,NH.2012.REP,Republican nominee to win New Hampshire,1,38.4,Sep/05/2012 08:32:41
745796,NH.2012.REP,Republican nominee to win New Hampshire,5,38.8,Sep/05/2012 08:32:50
745796,NH.2012.REP,Republican nominee to win New Hampshire,5,38.9,Sep/05/2012 08:33:00
745796,NH.2012.REP,Republican nominee to win New Hampshire,2,38.9,Sep/05/2012 08:33:00
745796,NH.2012.REP,Republican nominee to win New Hampshire,2,31.0,Sep/06/2012 17:32:28
745796,NH.2012.REP,Republican nominee to win New Hampshire,14,34.9,Sep/07/2012 17:35:17
745796,NH.2012.REP,Republican nominee to win New Hampshire,5,33.7,Sep/10/2012 01:08:34
745796,NH.2012.REP,Republican nominee to win New Hampshire,5,32.9,Sep/10/2012 22:49:15
745796,NH.2012.REP,Republican nominee to win New Hampshire,5,33.1,Sep/10/2012 22:49:15
745796,NH.2012.REP,Republican nominee to win New Hampshire,10,33.1,Sep/10/2012 22:49:15
745796,NH.2012.REP,Republican nominee to win New Hampshire,2,27.1,Sep/11/2012 14:36:21
745796,NH.2012.REP,Republican nominee to win New Hampshire,4,29.8,Sep/11/2012 22:38:30
745796,NH.2012.REP,Republican nominee to win New Hampshire,3,27.0,Sep/12/2012 13:15:07
745796,NH.2012.REP,Republican nominee to win New Hampshire,2,27.1,Sep/12/2012 13:15:07
745796,NH.2012.REP,Republican nominee to win New Hampshire,2,27.0,Sep/12/2012 13:15:22
745796,NH.2012.REP,Republican nominee to win New Hampshire,3,27.0,Sep/12/2012 13:15:22
745796,NH.2012.REP,Republican nominee to win New Hampshire,5,27.1,Sep/12/2012 23:04:03
745796,NH.2012.REP,Republican nominee to win New Hampshire,10,27.1,Sep/12/2012 23:04:32
745796,NH.2012.REP,Republican nominee to win New Hampshire,10,27.1,Sep/13/2012 08:23:03
745796,NH.2012.REP,Republican nominee to win New Hampshire,1,26.0,Sep/13/2012 23:00:48
745796,NH.2012.REP,Republican nominee to win New Hampshire,1,26.0,Sep/13/2012 23:01:19
745796,NH.2012.REP,Republican nominee to win New Hampshire,5,26.5,Sep/14/2012 20:18:43
745796,NH.2012.REP,Republican nominee to win New Hampshire,20,26.5,Sep/14/2012 20:19:05
745796,NH.2012.REP,Republican nominee to win New Hampshire,1,26.5,Sep/14/2012 20:19:05
745796,NH.2012.REP,Republican nominee to win New Hampshire,3,26.0,Sep/15/2012 18:19:05
745796,NH.2012.REP,Republican nominee to win New Hampshire,6,28.0,Sep/17/2012 14:36:05
745796,NH.2012.REP,Republican nominee to win New Hampshire,1,27.9,Sep/17/2012 14:36:05
745796,NH.2012.REP,Republican nominee to win New Hampshire,1,25.8,Sep/18/2012 16:56:40
745796,NH.2012.REP,Republican nominee to win New Hampshire,5,25.8,Sep/18/2012 16:57:53
745796,NH.2012.REP,Republican nominee to win New Hampshire,5,25.8,Sep/18/2012 17:50:04
745796,NH.2012.REP,Republican nominee to win New Hampshire,3,26.5,Sep/19/2012 03:01:04
745796,NH.2012.REP,Republican nominee to win New Hampshire,1,26.5,Sep/19/2012 04:17:04
745796,NH.2012.REP,Republican nominee to win New Hampshire,3,28.5,Sep/19/2012 13:28:09
745796,NH.2012.REP,Republican nominee to win New Hampshire,14,28.0,Sep/19/2012 13:28:09
745796,NH.2012.REP,Republican nominee to win New Hampshire,6,26.5,Sep/19/2012 13:28:09
745796,NH.2012.REP,Republican nominee to win New Hampshire,5,28.7,Sep/19/2012 13:28:09
745796,NH.2012.REP,Republican nominee to win New Hampshire,3,29.3,Sep/19/2012 13:28:13
745796,NH.2012.REP,Republican nominee to win New Hampshire,5,29.3,Sep/19/2012 13:28:13
745796,NH.2012.REP,Republican nominee to win New Hampshire,1,30.0,Sep/19/2012 15:53:32
745796,NH.2012.REP,Republican nominee to win New Hampshire,10,30.1,Sep/19/2012 15:53:32
745796,NH.2012.REP,Republican nominee to win New Hampshire,1,37.5,Sep/19/2012 15:53:41
745796,NH.2012.REP,Republican nominee to win New Hampshire,5,30.1,Sep/19/2012 16:31:12
745796,NH.2012.REP,Republican nominee to win New Hampshire,5,30.0,Sep/19/2012 16:31:24
745796,NH.2012.REP,Republican nominee to win New Hampshire,4,30.0,Sep/19/2012 16:31:42
745796,NH.2012.REP,Republican nominee to win New Hampshire,1,30.0,Sep/19/2012 16:31:42
745796,NH.2012.REP,Republican nominee to win New Hampshire,5,31.0,Sep/19/2012 18:59:05
745796,NH.2012.REP,Republican nominee to win New Hampshire,5,30.1,Sep/20/2012 02:18:19
745796,NH.2012.REP,Republican nominee to win New Hampshire,5,30.1,Sep/20/2012 02:18:48
745796,NH.2012.REP,Republican nominee to win New Hampshire,5,30.0,Sep/20/2012 02:19:02
745796,NH.2012.REP,Republican nominee to win New Hampshire,44,30.0,Sep/20/2012 02:21:18
745796,NH.2012.REP,Republican nominee to win New Hampshire,5,31.9,Sep/20/2012 14:22:04
745796,NH.2012.REP,Republican nominee to win New Hampshire,17,31.0,Sep/20/2012 14:52:13
745796,NH.2012.REP,Republican nominee to win New Hampshire,38,31.0,Sep/20/2012 14:52:26
745796,NH.2012.REP,Republican nominee to win New Hampshire,20,32.0,Sep/20/2012 15:17:42
745796,NH.2012.REP,Republican nominee to win New Hampshire,15,31.9,Sep/20/2012 15:17:42
745796,NH.2012.REP,Republican nominee to win New Hampshire,1,31.2,Sep/20/2012 16:51:13
745796,NH.2012.REP,Republican nominee to win New Hampshire,5,31.2,Sep/20/2012 16:51:14
745796,NH.2012.REP,Republican nominee to win New Hampshire,1,31.2,Sep/20/2012 16:51:33
745796,NH.2012.REP,Republican nominee to win New Hampshire,4,31.2,Sep/20/2012 16:51:33
745796,NH.2012.REP,Republican nominee to win New Hampshire,5,31.2,Sep/20/2012 16:51:56
745796,NH.2012.REP,Republican nominee to win New Hampshire,1,31.2,Sep/20/2012 16:51:56
745796,NH.2012.REP,Republican nominee to win New Hampshire,1,31.2,Sep/20/2012 16:52:08
745796,NH.2012.REP,Republican nominee to win New Hampshire,5,31.2,Sep/20/2012 16:52:25
745796,NH.2012.REP,Republican nominee to win New Hampshire,1,31.2,Sep/20/2012 16:52:36
745796,NH.2012.REP,Republican nominee to win New Hampshire,5,31.2,Sep/20/2012 16:52:36
745796,NH.2012.REP,Republican nominee to win New Hampshire,5,31.2,Sep/20/2012 17:24:15
745796,NH.2012.REP,Republican nominee to win New Hampshire,1,32.4,Sep/20/2012 18:28:08
745796,NH.2012.REP,Republican nominee to win New Hampshire,1,32.4,Sep/20/2012 18:28:20
745796,NH.2012.REP,Republican nominee to win New Hampshire,1,33.9,Sep/20/2012 18:28:49
745796,NH.2012.REP,Republican nominee to win New Hampshire,5,31.2,Sep/21/2012 10:23:18
745796,NH.2012.REP,Republican nominee to win New Hampshire,5,31.2,Sep/21/2012 11:14:14
745796,NH.2012.REP,Republican nominee to win New Hampshire,3,31.4,Sep/21/2012 15:38:28
745796,NH.2012.REP,Republican nominee to win New Hampshire,2,31.4,Sep/21/2012 15:38:33
745796,NH.2012.REP,Republican nominee to win New Hampshire,3,31.4,Sep/21/2012 15:38:44
745796,NH.2012.REP,Republican nominee to win New Hampshire,1,33.4,Sep/21/2012 21:06:02
745796,NH.2012.REP,Republican nominee to win New Hampshire,1,33.4,Sep/21/2012 21:06:02
745796,NH.2012.REP,Republican nominee to win New Hampshire,2,34.7,Sep/23/2012 02:26:13
745796,NH.2012.REP,Republican nominee to win New Hampshire,2,26.4,Sep/24/2012 13:56:25
745796,NH.2012.REP,Republican nominee to win New Hampshire,1,32.4,Sep/24/2012 22:34:16
745796,NH.2012.REP,Republican nominee to win New Hampshire,5,30.9,Sep/26/2012 01:39:42
745796,NH.2012.REP,Republican nominee to win New Hampshire,5,30.8,Sep/26/2012 01:39:42
745796,NH.2012.REP,Republican nominee to win New Hampshire,10,26.3,Sep/26/2012 15:47:49
745796,NH.2012.REP,Republican nominee to win New Hampshire,5,25.0,Sep/26/2012 15:48:01
745796,NH.2012.REP,Republican nominee to win New Hampshire,1,22.5,Sep/26/2012 15:48:30
745796,NH.2012.REP,Republican nominee to win New Hampshire,2,22.5,Sep/26/2012 15:48:30
745796,NH.2012.REP,Republican nominee to win New Hampshire,9,22.0,Sep/26/2012 15:49:08
745796,NH.2012.REP,Republican nominee to win New Hampshire,5,30.0,Sep/27/2012 01:36:28
745796,NH.2012.REP,Republican nominee to win New Hampshire,1,23.0,Sep/28/2012 09:26:30
745796,NH.2012.REP,Republican nominee to win New Hampshire,1,22.0,Sep/29/2012 00:18:01
745796,NH.2012.REP,Republican nominee to win New Hampshire,1,24.8,Sep/29/2012 06:24:52
745796,NH.2012.REP,Republican nominee to win New Hampshire,1,21.0,Sep/30/2012 05:34:52
745796,NH.2012.REP,Republican nominee to win New Hampshire,1,21.0,Sep/30/2012 05:34:53
745796,NH.2012.REP,Republican nominee to win New Hampshire,1,21.0,Sep/30/2012 05:34:54
745796,NH.2012.REP,Republican nominee to win New Hampshire,1,21.0,Sep/30/2012 06:29:57
745796,NH.2012.REP,Republican nominee to win New Hampshire,1,22.0,Oct/01/2012 15:23:05
745796,NH.2012.REP,Republican nominee to win New Hampshire,2,22.0,Oct/01/2012 15:23:30
745796,NH.2012.REP,Republican nominee to win New Hampshire,1,24.2,Oct/01/2012 17:10:58
745796,NH.2012.REP,Republican nominee to win New Hampshire,1,24.2,Oct/01/2012 17:11:04
745796,NH.2012.REP,Republican nominee to win New Hampshire,1,24.2,Oct/01/2012 17:11:09
745796,NH.2012.REP,Republican nominee to win New Hampshire,1,24.2,Oct/01/2012 17:11:13
745796,NH.2012.REP,Republican nominee to win New Hampshire,1,24.2,Oct/01/2012 17:11:17
745796,NH.2012.REP,Republican nominee to win New Hampshire,1,24.2,Oct/01/2012 17:11:21
745796,NH.2012.REP,Republican nominee to win New Hampshire,1,24.7,Oct/01/2012 17:11:28
745796,NH.2012.REP,Republican nominee to win New Hampshire,1,24.7,Oct/01/2012 17:11:30
745796,NH.2012.REP,Republican nominee to win New Hampshire,1,24.2,Oct/01/2012 17:44:31
745796,NH.2012.REP,Republican nominee to win New Hampshire,5,21.1,Oct/02/2012 02:52:17
745796,NH.2012.REP,Republican nominee to win New Hampshire,6,21.0,Oct/02/2012 02:52:26
745796,NH.2012.REP,Republican nominee to win New Hampshire,16,21.1,Oct/02/2012 02:52:26
745796,NH.2012.REP,Republican nominee to win New Hampshire,1,21.0,Oct/02/2012 16:56:34
745796,NH.2012.REP,Republican nominee to win New Hampshire,2,22.0,Oct/03/2012 00:53:59
745796,NH.2012.REP,Republican nominee to win New Hampshire,1,24.0,Oct/03/2012 14:34:59
745796,NH.2012.REP,Republican nominee to win New Hampshire,1,24.0,Oct/03/2012 14:35:02
745796,NH.2012.REP,Republican nominee to win New Hampshire,1,24.0,Oct/03/2012 14:35:04
745796,NH.2012.REP,Republican nominee to win New Hampshire,45,24.0,Oct/03/2012 14:35:04
745796,NH.2012.REP,Republican nominee to win New Hampshire,2,24.0,Oct/03/2012 18:10:17
745796,NH.2012.REP,Republican nominee to win New Hampshire,1,24.2,Oct/03/2012 18:47:25
745796,NH.2012.REP,Republican nominee to win New Hampshire,1,24.2,Oct/03/2012 18:47:25
745796,NH.2012.REP,Republican nominee to win New Hampshire,1,24.1,Oct/03/2012 23:16:04
745796,NH.2012.REP,Republican nominee to win New Hampshire,1,24.1,Oct/03/2012 23:16:07
745796,NH.2012.REP,Republican nominee to win New Hampshire,5,24.2,Oct/03/2012 23:46:26
745796,NH.2012.REP,Republican nominee to win New Hampshire,1,24.8,Oct/04/2012 00:12:08
745796,NH.2012.REP,Republican nominee to win New Hampshire,1,24.8,Oct/04/2012 00:12:08
745796,NH.2012.REP,Republican nominee to win New Hampshire,1,25.0,Oct/04/2012 02:03:20
745796,NH.2012.REP,Republican nominee to win New Hampshire,1,27.4,Oct/04/2012 14:17:52
745796,NH.2012.REP,Republican nominee to win New Hampshire,1,27.2,Oct/04/2012 14:25:36
745796,NH.2012.REP,Republican nominee to win New Hampshire,10,27.4,Oct/04/2012 16:48:01
745796,NH.2012.REP,Republican nominee to win New Hampshire,1,27.5,Oct/04/2012 16:48:17
745796,NH.2012.REP,Republican nominee to win New Hampshire,5,27.2,Oct/04/2012 18:17:52
745796,NH.2012.REP,Republican nominee to win New Hampshire,5,28.8,Oct/04/2012 22:52:26
745796,NH.2012.REP,Republican nominee to win New Hampshire,7,29.5,Oct/04/2012 22:54:53
745796,NH.2012.REP,Republican nominee to win New Hampshire,5,27.5,Oct/05/2012 01:35:47
745796,NH.2012.REP,Republican nominee to win New Hampshire,5,29.4,Oct/05/2012 13:28:53
745796,NH.2012.REP,Republican nominee to win New Hampshire,10,30.9,Oct/05/2012 13:29:11
745796,NH.2012.REP,Republican nominee to win New Hampshire,5,31.9,Oct/05/2012 13:29:30
745796,NH.2012.REP,Republican nominee to win New Hampshire,10,32.5,Oct/05/2012 13:29:54
745796,NH.2012.REP,Republican nominee to win New Hampshire,34,32.5,Oct/05/2012 14:21:02
745796,NH.2012.REP,Republican nominee to win New Hampshire,5,30.2,Oct/05/2012 14:21:02
745796,NH.2012.REP,Republican nominee to win New Hampshire,5,30.2,Oct/05/2012 14:38:12
745796,NH.2012.REP,Republican nominee to win New Hampshire,5,30.7,Oct/05/2012 14:38:24
745796,NH.2012.REP,Republican nominee to win New Hampshire,15,33.0,Oct/05/2012 14:38:39
745796,NH.2012.REP,Republican nominee to win New Hampshire,5,30.7,Oct/05/2012 14:38:39
745796,NH.2012.REP,Republican nominee to win New Hampshire,1,29.9,Oct/05/2012 14:38:54
745796,NH.2012.REP,Republican nominee to win New Hampshire,4,29.9,Oct/05/2012 14:38:54
745796,NH.2012.REP,Republican nominee to win New Hampshire,5,29.9,Oct/05/2012 14:39:11
745796,NH.2012.REP,Republican nominee to win New Hampshire,5,33.0,Oct/05/2012 14:39:21
745796,NH.2012.REP,Republican nominee to win New Hampshire,1,41.1,Oct/05/2012 14:40:46
745796,NH.2012.REP,Republican nominee to win New Hampshire,1,41.1,Oct/05/2012 14:41:26
745796,NH.2012.REP,Republican nominee to win New Hampshire,1,41.1,Oct/05/2012 14:41:35
745796,NH.2012.REP,Republican nominee to win New Hampshire,4,41.1,Oct/05/2012 14:41:35
745796,NH.2012.REP,Republican nominee to win New Hampshire,1,41.1,Oct/05/2012 14:41:43
745796,NH.2012.REP,Republican nominee to win New Hampshire,1,41.1,Oct/05/2012 14:41:44
745796,NH.2012.REP,Republican nominee to win New Hampshire,1,41.1,Oct/05/2012 14:41:44
745796,NH.2012.REP,Republican nominee to win New Hampshire,1,41.1,Oct/05/2012 14:42:20
745796,NH.2012.REP,Republican nominee to win New Hampshire,1,41.1,Oct/05/2012 14:42:26
745796,NH.2012.REP,Republican nominee to win New Hampshire,1,30.0,Oct/05/2012 16:31:14
745796,NH.2012.REP,Republican nominee to win New Hampshire,1,31.0,Oct/05/2012 16:50:03
745796,NH.2012.REP,Republican nominee to win New Hampshire,1,31.0,Oct/05/2012 16:57:39
745796,NH.2012.REP,Republican nominee to win New Hampshire,1,31.0,Oct/05/2012 16:57:48
745796,NH.2012.REP,Republican nominee to win New Hampshire,3,31.0,Oct/05/2012 16:57:59
745796,NH.2012.REP,Republican nominee to win New Hampshire,4,31.0,Oct/05/2012 18:16:43
745796,NH.2012.REP,Republican nominee to win New Hampshire,1,30.0,Oct/05/2012 18:45:31
745796,NH.2012.REP,Republican nominee to win New Hampshire,1,39.8,Oct/05/2012 21:31:54
745796,NH.2012.REP,Republican nominee to win New Hampshire,1,39.8,Oct/05/2012 21:31:55
745796,NH.2012.REP,Republican nominee to win New Hampshire,1,39.8,Oct/05/2012 21:32:49
745796,NH.2012.REP,Republican nominee to win New Hampshire,1,39.8,Oct/05/2012 21:32:55
745796,NH.2012.REP,Republican nominee to win New Hampshire,1,39.9,Oct/05/2012 21:33:02
745796,NH.2012.REP,Republican nominee to win New Hampshire,1,39.9,Oct/05/2012 21:33:12
745796,NH.2012.REP,Republican nominee to win New Hampshire,1,39.9,Oct/05/2012 21:33:13
745796,NH.2012.REP,Republican nominee to win New Hampshire,1,39.9,Oct/05/2012 21:33:22
745796,NH.2012.REP,Republican nominee to win New Hampshire,1,39.9,Oct/05/2012 21:33:23
745796,NH.2012.REP,Republican nominee to win New Hampshire,1,30.0,Oct/07/2012 02:25:05
745796,NH.2012.REP,Republican nominee to win New Hampshire,5,30.0,Oct/07/2012 02:25:05
745796,NH.2012.REP,Republican nominee to win New Hampshire,2,35.0,Oct/07/2012 03:33:12
745796,NH.2012.REP,Republican nominee to win New Hampshire,1,34.9,Oct/07/2012 11:15:06
745796,NH.2012.REP,Republican nominee to win New Hampshire,1,35.0,Oct/07/2012 11:15:23
745796,NH.2012.REP,Republican nominee to win New Hampshire,1,34.7,Oct/08/2012 02:43:32
745796,NH.2012.REP,Republican nominee to win New Hampshire,1,30.0,Oct/08/2012 16:05:45
745796,NH.2012.REP,Republican nominee to win New Hampshire,1,30.0,Oct/08/2012 16:05:46
745796,NH.2012.REP,Republican nominee to win New Hampshire,1,30.0,Oct/08/2012 16:05:47
745796,NH.2012.REP,Republican nominee to win New Hampshire,1,30.0,Oct/08/2012 18:41:02
745796,NH.2012.REP,Republican nominee to win New Hampshire,15,30.1,Oct/09/2012 05:00:05
745796,NH.2012.REP,Republican nominee to win New Hampshire,1,30.0,Oct/09/2012 05:00:09
745796,NH.2012.REP,Republican nominee to win New Hampshire,10,27.9,Oct/09/2012 05:00:14
745796,NH.2012.REP,Republican nominee to win New Hampshire,5,27.5,Oct/09/2012 05:00:19
745796,NH.2012.REP,Republican nominee to win New Hampshire,1,25.8,Oct/09/2012 05:00:26
745796,NH.2012.REP,Republican nominee to win New Hampshire,1,25.7,Oct/09/2012 05:28:54
745796,NH.2012.REP,Republican nominee to win New Hampshire,3,27.1,Oct/09/2012 23:09:02
745796,NH.2012.REP,Republican nominee to win New Hampshire,3,31.9,Oct/09/2012 23:37:29
745796,NH.2012.REP,Republican nominee to win New Hampshire,3,32.9,Oct/09/2012 23:37:50
745796,NH.2012.REP,Republican nominee to win New Hampshire,4,32.9,Oct/09/2012 23:37:50
745796,NH.2012.REP,Republican nominee to win New Hampshire,6,32.0,Oct/10/2012 15:13:40
745796,NH.2012.REP,Republican nominee to win New Hampshire,4,33.9,Oct/10/2012 15:24:44
745796,NH.2012.REP,Republican nominee to win New Hampshire,1,34.6,Oct/10/2012 15:24:44
745796,NH.2012.REP,Republican nominee to win New Hampshire,1,34.6,Oct/10/2012 15:25:07
745796,NH.2012.REP,Republican nominee to win New Hampshire,1,34.6,Oct/10/2012 15:25:15
745796,NH.2012.REP,Republican nominee to win New Hampshire,2,34.7,Oct/10/2012 15:25:16
745796,NH.2012.REP,Republican nominee to win New Hampshire,2,34.6,Oct/10/2012 15:25:16
745796,NH.2012.REP,Republican nominee to win New Hampshire,1,34.7,Oct/10/2012 15:25:31
745796,NH.2012.REP,Republican nominee to win New Hampshire,1,34.5,Oct/10/2012 15:36:06
745796,NH.2012.REP,Republican nominee to win New Hampshire,1,34.0,Oct/10/2012 16:47:25
745796,NH.2012.REP,Republican nominee to win New Hampshire,1,34.0,Oct/10/2012 16:47:48
745796,NH.2012.REP,Republican nominee to win New Hampshire,1,34.0,Oct/10/2012 16:48:07
745796,NH.2012.REP,Republican nominee to win New Hampshire,4,34.0,Oct/10/2012 16:48:08
745796,NH.2012.REP,Republican nominee to win New Hampshire,30,34.7,Oct/10/2012 17:19:47
745796,NH.2012.REP,Republican nominee to win New Hampshire,1,34.6,Oct/10/2012 18:35:41
745796,NH.2012.REP,Republican nominee to win New Hampshire,1,34.7,Oct/10/2012 18:35:52
745796,NH.2012.REP,Republican nominee to win New Hampshire,1,34.0,Oct/10/2012 19:01:06
745796,NH.2012.REP,Republican nominee to win New Hampshire,5,34.0,Oct/10/2012 19:01:07
745796,NH.2012.REP,Republican nominee to win New Hampshire,1,34.0,Oct/11/2012 00:41:00
745796,NH.2012.REP,Republican nominee to win New Hampshire,5,34.0,Oct/11/2012 00:41:00
745796,NH.2012.REP,Republican nominee to win New Hampshire,1,34.0,Oct/11/2012 00:41:01
745796,NH.2012.REP,Republican nominee to win New Hampshire,4,34.0,Oct/11/2012 00:41:01
745796,NH.2012.REP,Republican nominee to win New Hampshire,1,34.0,Oct/11/2012 00:41:02
745796,NH.2012.REP,Republican nominee to win New Hampshire,1,34.0,Oct/11/2012 04:31:26
745796,NH.2012.REP,Republican nominee to win New Hampshire,12,33.0,Oct/11/2012 14:42:14
745796,NH.2012.REP,Republican nominee to win New Hampshire,5,36.7,Oct/11/2012 15:56:22
745796,NH.2012.REP,Republican nominee to win New Hampshire,3,36.8,Oct/11/2012 15:56:59
745796,NH.2012.REP,Republican nominee to win New Hampshire,15,36.9,Oct/11/2012 15:57:14
745796,NH.2012.REP,Republican nominee to win New Hampshire,5,38.3,Oct/11/2012 21:26:35
745796,NH.2012.REP,Republican nominee to win New Hampshire,4,38.4,Oct/11/2012 21:27:06
745796,NH.2012.REP,Republican nominee to win New Hampshire,1,38.6,Oct/11/2012 21:27:31
745796,NH.2012.REP,Republican nominee to win New Hampshire,5,38.7,Oct/11/2012 21:28:14
745796,NH.2012.REP,Republican nominee to win New Hampshire,1,38.7,Oct/11/2012 21:28:14
745796,NH.2012.REP,Republican nominee to win New Hampshire,1,38.7,Oct/11/2012 21:29:19
745796,NH.2012.REP,Republican nominee to win New Hampshire,1,38.7,Oct/11/2012 21:30:06
745796,NH.2012.REP,Republican nominee to win New Hampshire,1,38.7,Oct/11/2012 21:30:56
745796,NH.2012.REP,Republican nominee to win New Hampshire,1,38.7,Oct/11/2012 21:31:50
745796,NH.2012.REP,Republican nominee to win New Hampshire,5,39.1,Oct/11/2012 21:33:58
745796,NH.2012.REP,Republican nominee to win New Hampshire,1,39.1,Oct/11/2012 21:33:58
745796,NH.2012.REP,Republican nominee to win New Hampshire,1,39.1,Oct/11/2012 21:34:39
745796,NH.2012.REP,Republican nominee to win New Hampshire,5,39.1,Oct/11/2012 21:34:39
745796,NH.2012.REP,Republican nominee to win New Hampshire,1,39.1,Oct/11/2012 21:34:55
745796,NH.2012.REP,Republican nominee to win New Hampshire,1,39.1,Oct/11/2012 21:35:18
745796,NH.2012.REP,Republican nominee to win New Hampshire,1,39.1,Oct/11/2012 21:36:02
745796,NH.2012.REP,Republican nominee to win New Hampshire,1,39.1,Oct/11/2012 21:36:47
745796,NH.2012.REP,Republican nominee to win New Hampshire,1,39.1,Oct/11/2012 21:37:06
745796,NH.2012.REP,Republican nominee to win New Hampshire,1,39.1,Oct/11/2012 21:38:32
745796,NH.2012.REP,Republican nominee to win New Hampshire,1,39.1,Oct/11/2012 21:39:21
745796,NH.2012.REP,Republican nominee to win New Hampshire,1,39.1,Oct/11/2012 21:40:10
745796,NH.2012.REP,Republican nominee to win New Hampshire,1,39.1,Oct/11/2012 21:40:38
745796,NH.2012.REP,Republican nominee to win New Hampshire,5,39.5,Oct/11/2012 22:13:52
745796,NH.2012.REP,Republican nominee to win New Hampshire,3,39.8,Oct/11/2012 23:22:12
745796,NH.2012.REP,Republican nominee to win New Hampshire,1,33.1,Oct/12/2012 09:05:25
745796,NH.2012.REP,Republican nominee to win New Hampshire,1,33.1,Oct/12/2012 09:05:33
745796,NH.2012.REP,Republican nominee to win New Hampshire,1,33.1,Oct/12/2012 09:05:38
745796,NH.2012.REP,Republican nominee to win New Hampshire,2,39.8,Oct/12/2012 14:56:36
745796,NH.2012.REP,Republican nominee to win New Hampshire,5,39.8,Oct/12/2012 14:56:36
745796,NH.2012.REP,Republican nominee to win New Hampshire,1,39.9,Oct/12/2012 15:01:38
745796,NH.2012.REP,Republican nominee to win New Hampshire,1,39.9,Oct/12/2012 15:02:36
745796,NH.2012.REP,Republican nominee to win New Hampshire,1,39.9,Oct/12/2012 15:02:42
745796,NH.2012.REP,Republican nominee to win New Hampshire,1,40.0,Oct/12/2012 15:02:58
745796,NH.2012.REP,Republican nominee to win New Hampshire,9,40.0,Oct/12/2012 15:03:04
745796,NH.2012.REP,Republican nominee to win New Hampshire,3,40.9,Oct/12/2012 15:03:45
745796,NH.2012.REP,Republican nominee to win New Hampshire,1,41.1,Oct/12/2012 15:03:50
745796,NH.2012.REP,Republican nominee to win New Hampshire,6,41.1,Oct/12/2012 15:03:57
745796,NH.2012.REP,Republican nominee to win New Hampshire,4,41.5,Oct/12/2012 15:04:04
745796,NH.2012.REP,Republican nominee to win New Hampshire,4,41.9,Oct/12/2012 15:04:13
745796,NH.2012.REP,Republican nominee to win New Hampshire,1,38.0,Oct/12/2012 15:41:15
745796,NH.2012.REP,Republican nominee to win New Hampshire,1,38.0,Oct/12/2012 15:41:21
745796,NH.2012.REP,Republican nominee to win New Hampshire,10,41.0,Oct/12/2012 15:44:52
745796,NH.2012.REP,Republican nominee to win New Hampshire,5,41.0,Oct/12/2012 15:50:00
745796,NH.2012.REP,Republican nominee to win New Hampshire,5,41.0,Oct/12/2012 15:50:00
745796,NH.2012.REP,Republican nominee to win New Hampshire,5,41.0,Oct/12/2012 15:52:19
745796,NH.2012.REP,Republican nominee to win New Hampshire,5,41.0,Oct/12/2012 15:52:19
745796,NH.2012.REP,Republican nominee to win New Hampshire,10,40.0,Oct/12/2012 16:45:08
745796,NH.2012.REP,Republican nominee to win New Hampshire,2,39.5,Oct/12/2012 16:51:40
745796,NH.2012.REP,Republican nominee to win New Hampshire,1,41.0,Oct/12/2012 17:20:49
745796,NH.2012.REP,Republican nominee to win New Hampshire,9,41.0,Oct/12/2012 18:47:08
745796,NH.2012.REP,Republican nominee to win New Hampshire,6,39.0,Oct/13/2012 08:13:13
745796,NH.2012.REP,Republican nominee to win New Hampshire,3,39.9,Oct/13/2012 08:22:28
745796,NH.2012.REP,Republican nominee to win New Hampshire,4,40.9,Oct/13/2012 09:53:32
745796,NH.2012.REP,Republican nominee to win New Hampshire,4,41.0,Oct/13/2012 09:53:58
745796,NH.2012.REP,Republican nominee to win New Hampshire,4,37.1,Oct/13/2012 10:42:07
745796,NH.2012.REP,Republican nominee to win New Hampshire,1,40.6,Oct/13/2012 14:44:08
745796,NH.2012.REP,Republican nominee to win New Hampshire,1,41.5,Oct/13/2012 20:48:51
745796,NH.2012.REP,Republican nominee to win New Hampshire,2,41.5,Oct/13/2012 20:48:51
745796,NH.2012.REP,Republican nominee to win New Hampshire,30,41.4,Oct/13/2012 22:40:39
745796,NH.2012.REP,Republican nominee to win New Hampshire,5,41.9,Oct/13/2012 22:43:26
745796,NH.2012.REP,Republican nominee to win New Hampshire,1,36.1,Oct/15/2012 06:10:48
745796,NH.2012.REP,Republican nominee to win New Hampshire,4,36.1,Oct/15/2012 06:11:04
745796,NH.2012.REP,Republican nominee to win New Hampshire,1,36.0,Oct/15/2012 20:33:38
745796,NH.2012.REP,Republican nominee to win New Hampshire,5,36.0,Oct/15/2012 20:33:38
745796,NH.2012.REP,Republican nominee to win New Hampshire,1,36.0,Oct/15/2012 20:33:38
745796,NH.2012.REP,Republican nominee to win New Hampshire,1,36.0,Oct/15/2012 20:33:40
745796,NH.2012.REP,Republican nominee to win New Hampshire,17,36.0,Oct/15/2012 20:33:40
745796,NH.2012.REP,Republican nominee to win New Hampshire,3,36.0,Oct/15/2012 23:56:45
745796,NH.2012.REP,Republican nominee to win New Hampshire,2,36.0,Oct/15/2012 23:56:45
745796,NH.2012.REP,Republican nominee to win New Hampshire,6,35.1,Oct/16/2012 00:42:29
745796,NH.2012.REP,Republican nominee to win New Hampshire,8,36.0,Oct/16/2012 03:23:52
745796,NH.2012.REP,Republican nominee to win New Hampshire,1,36.0,Oct/16/2012 03:23:52
745796,NH.2012.REP,Republican nominee to win New Hampshire,5,36.1,Oct/16/2012 03:23:52
745796,NH.2012.REP,Republican nominee to win New Hampshire,1,39.9,Oct/16/2012 11:28:43
745796,NH.2012.REP,Republican nominee to win New Hampshire,1,39.9,Oct/16/2012 11:29:22
745796,NH.2012.REP,Republican nominee to win New Hampshire,1,39.9,Oct/16/2012 11:29:39
745796,NH.2012.REP,Republican nominee to win New Hampshire,1,40.0,Oct/16/2012 11:29:40
745796,NH.2012.REP,Republican nominee to win New Hampshire,3,40.0,Oct/16/2012 11:29:41
745796,NH.2012.REP,Republican nominee to win New Hampshire,1,40.0,Oct/16/2012 11:55:35
745796,NH.2012.REP,Republican nominee to win New Hampshire,1,40.0,Oct/16/2012 11:55:35
745796,NH.2012.REP,Republican nominee to win New Hampshire,1,40.0,Oct/16/2012 11:55:37
745796,NH.2012.REP,Republican nominee to win New Hampshire,1,40.0,Oct/16/2012 11:55:38
745796,NH.2012.REP,Republican nominee to win New Hampshire,1,40.0,Oct/16/2012 13:17:07
745796,NH.2012.REP,Republican nominee to win New Hampshire,1,39.5,Oct/16/2012 18:06:59
745796,NH.2012.REP,Republican nominee to win New Hampshire,5,41.0,Oct/16/2012 19:05:25
745796,NH.2012.REP,Republican nominee to win New Hampshire,1,43.9,Oct/16/2012 19:05:38
745796,NH.2012.REP,Republican nominee to win New Hampshire,5,44.0,Oct/16/2012 19:05:38
745796,NH.2012.REP,Republican nominee to win New Hampshire,1,43.9,Oct/16/2012 19:05:51
745796,NH.2012.REP,Republican nominee to win New Hampshire,5,44.0,Oct/16/2012 19:05:51
745796,NH.2012.REP,Republican nominee to win New Hampshire,5,44.9,Oct/16/2012 19:06:01
745796,NH.2012.REP,Republican nominee to win New Hampshire,1,44.0,Oct/16/2012 19:06:01
745796,NH.2012.REP,Republican nominee to win New Hampshire,5,44.1,Oct/16/2012 19:06:01
745796,NH.2012.REP,Republican nominee to win New Hampshire,1,45.0,Oct/16/2012 19:06:22
745796,NH.2012.REP,Republican nominee to win New Hampshire,1,44.0,Oct/16/2012 19:06:22
745796,NH.2012.REP,Republican nominee to win New Hampshire,1,43.4,Oct/16/2012 20:48:53
745796,NH.2012.REP,Republican nominee to win New Hampshire,5,43.4,Oct/16/2012 20:48:53
745796,NH.2012.REP,Republican nominee to win New Hampshire,1,43.4,Oct/16/2012 20:49:03
745796,NH.2012.REP,Republican nominee to win New Hampshire,1,43.4,Oct/16/2012 20:49:17
745796,NH.2012.REP,Republican nominee to win New Hampshire,1,35.0,Oct/17/2012 01:57:24
745796,NH.2012.REP,Republican nominee to win New Hampshire,5,35.0,Oct/17/2012 01:57:24
745796,NH.2012.REP,Republican nominee to win New Hampshire,1,37.5,Oct/17/2012 15:03:36
745796,NH.2012.REP,Republican nominee to win New Hampshire,1,34.5,Oct/17/2012 15:43:04
745796,NH.2012.REP,Republican nominee to win New Hampshire,4,37.5,Oct/17/2012 19:46:21
745796,NH.2012.REP,Republican nominee to win New Hampshire,1,37.4,Oct/17/2012 19:46:21
745796,NH.2012.REP,Republican nominee to win New Hampshire,1,38.0,Oct/17/2012 21:45:32
745796,NH.2012.REP,Republican nominee to win New Hampshire,18,38.0,Oct/18/2012 01:13:21
745796,NH.2012.REP,Republican nominee to win New Hampshire,32,38.0,Oct/18/2012 01:20:09
745796,NH.2012.REP,Republican nominee to win New Hampshire,4,36.1,Oct/18/2012 01:28:09
745796,NH.2012.REP,Republican nominee to win New Hampshire,2,35.1,Oct/18/2012 01:28:09
745796,NH.2012.REP,Republican nominee to win New Hampshire,10,36.0,Oct/18/2012 04:17:54
745796,NH.2012.REP,Republican nominee to win New Hampshire,1,36.0,Oct/18/2012 13:24:41
745796,NH.2012.REP,Republican nominee to win New Hampshire,3,35.1,Oct/18/2012 14:31:53
745796,NH.2012.REP,Republican nominee to win New Hampshire,1,35.1,Oct/18/2012 14:31:53
745796,NH.2012.REP,Republican nominee to win New Hampshire,6,34.1,Oct/18/2012 14:32:08
745796,NH.2012.REP,Republican nominee to win New Hampshire,29,34.0,Oct/18/2012 14:32:21
745796,NH.2012.REP,Republican nominee to win New Hampshire,1,38.0,Oct/18/2012 16:37:04
745796,NH.2012.REP,Republican nominee to win New Hampshire,1,38.0,Oct/18/2012 16:50:15
745796,NH.2012.REP,Republican nominee to win New Hampshire,5,38.0,Oct/18/2012 16:50:15
745796,NH.2012.REP,Republican nominee to win New Hampshire,1,38.0,Oct/18/2012 21:27:25
745796,NH.2012.REP,Republican nominee to win New Hampshire,1,38.0,Oct/18/2012 21:27:25
745796,NH.2012.REP,Republican nominee to win New Hampshire,2,38.0,Oct/19/2012 03:29:24
745796,NH.2012.REP,Republican nominee to win New Hampshire,2,38.0,Oct/19/2012 12:41:47
745796,NH.2012.REP,Republican nominee to win New Hampshire,10,38.0,Oct/19/2012 12:41:47
745796,NH.2012.REP,Republican nominee to win New Hampshire,1,38.0,Oct/19/2012 12:41:47
745796,NH.2012.REP,Republican nominee to win New Hampshire,42,37.9,Oct/19/2012 16:19:22
745796,NH.2012.REP,Republican nominee to win New Hampshire,1,37.1,Oct/19/2012 19:22:09
745796,NH.2012.REP,Republican nominee to win New Hampshire,1,37.1,Oct/19/2012 19:22:28
745796,NH.2012.REP,Republican nominee to win New Hampshire,1,37.1,Oct/19/2012 19:22:30
745796,NH.2012.REP,Republican nominee to win New Hampshire,1,37.1,Oct/19/2012 19:22:30
745796,NH.2012.REP,Republican nominee to win New Hampshire,1,38.5,Oct/19/2012 20:06:43
745796,NH.2012.REP,Republican nominee to win New Hampshire,3,38.8,Oct/19/2012 20:06:52
745796,NH.2012.REP,Republican nominee to win New Hampshire,1,38.6,Oct/19/2012 20:06:52
745796,NH.2012.REP,Republican nominee to win New Hampshire,1,38.6,Oct/19/2012 20:54:55
745796,NH.2012.REP,Republican nominee to win New Hampshire,1,38.6,Oct/19/2012 20:54:57
745796,NH.2012.REP,Republican nominee to win New Hampshire,1,38.6,Oct/19/2012 20:54:57
745796,NH.2012.REP,Republican nominee to win New Hampshire,1,38.8,Oct/19/2012 20:57:48
745796,NH.2012.REP,Republican nominee to win New Hampshire,2,38.9,Oct/19/2012 20:58:18
745796,NH.2012.REP,Republican nominee to win New Hampshire,13,38.9,Oct/19/2012 20:58:46
745796,NH.2012.REP,Republican nominee to win New Hampshire,4,39.9,Oct/19/2012 21:49:00
745796,NH.2012.REP,Republican nominee to win New Hampshire,1,39.9,Oct/19/2012 21:49:00
745796,NH.2012.REP,Republican nominee to win New Hampshire,5,38.9,Oct/19/2012 21:49:00
745796,NH.2012.REP,Republican nominee to win New Hampshire,1,39.9,Oct/19/2012 21:56:49
745796,NH.2012.REP,Republican nominee to win New Hampshire,1,39.9,Oct/20/2012 00:53:30
745796,NH.2012.REP,Republican nominee to win New Hampshire,5,40.5,Oct/20/2012 00:53:30
745796,NH.2012.REP,Republican nominee to win New Hampshire,1,40.1,Oct/20/2012 00:53:30
745796,NH.2012.REP,Republican nominee to win New Hampshire,5,40.1,Oct/20/2012 00:53:30
745796,NH.2012.REP,Republican nominee to win New Hampshire,1,40.5,Oct/20/2012 00:53:32
745796,NH.2012.REP,Republican nominee to win New Hampshire,17,40.5,Oct/20/2012 00:53:33
745796,NH.2012.REP,Republican nominee to win New Hampshire,2,39.9,Oct/20/2012 03:55:36
745796,NH.2012.REP,Republican nominee to win New Hampshire,2,38.6,Oct/20/2012 06:19:50
745796,NH.2012.REP,Republican nominee to win New Hampshire,1,39.2,Oct/20/2012 15:07:10
745796,NH.2012.REP,Republican nominee to win New Hampshire,4,38.0,Oct/20/2012 18:59:10
745796,NH.2012.REP,Republican nominee to win New Hampshire,1,38.0,Oct/20/2012 19:01:59
745796,NH.2012.REP,Republican nominee to win New Hampshire,5,38.0,Oct/20/2012 19:01:59
745796,NH.2012.REP,Republican nominee to win New Hampshire,4,38.1,Oct/20/2012 19:02:29
745796,NH.2012.REP,Republican nominee to win New Hampshire,1,40.1,Oct/20/2012 22:40:34
745796,NH.2012.REP,Republican nominee to win New Hampshire,1,39.1,Oct/21/2012 00:46:36
745796,NH.2012.REP,Republican nominee to win New Hampshire,1,39.1,Oct/21/2012 00:50:22
745796,NH.2012.REP,Republican nominee to win New Hampshire,1,39.1,Oct/21/2012 00:50:44
745796,NH.2012.REP,Republican nominee to win New Hampshire,1,39.1,Oct/21/2012 00:51:07
745796,NH.2012.REP,Republican nominee to win New Hampshire,1,39.1,Oct/21/2012 00:51:08
745796,NH.2012.REP,Republican nominee to win New Hampshire,5,39.1,Oct/21/2012 00:51:09
745796,NH.2012.REP,Republican nominee to win New Hampshire,1,39.1,Oct/21/2012 00:51:10
745796,NH.2012.REP,Republican nominee to win New Hampshire,46,40.1,Oct/21/2012 00:52:26
745796,NH.2012.REP,Republican nominee to win New Hampshire,4,39.1,Oct/21/2012 00:54:02
745796,NH.2012.REP,Republican nominee to win New Hampshire,8,40.1,Oct/21/2012 02:24:23
745796,NH.2012.REP,Republican nominee to win New Hampshire,1,40.2,Oct/21/2012 02:26:48
745796,NH.2012.REP,Republican nominee to win New Hampshire,5,40.2,Oct/21/2012 02:26:48
745796,NH.2012.REP,Republican nominee to win New Hampshire,1,40.2,Oct/21/2012 02:26:56
745796,NH.2012.REP,Republican nominee to win New Hampshire,5,40.2,Oct/21/2012 02:26:56
745796,NH.2012.REP,Republican nominee to win New Hampshire,2,40.2,Oct/21/2012 04:07:24
745796,NH.2012.REP,Republican nominee to win New Hampshire,1,40.1,Oct/21/2012 04:07:24
745796,NH.2012.REP,Republican nominee to win New Hampshire,1,40.2,Oct/21/2012 04:07:32
745796,NH.2012.REP,Republican nominee to win New Hampshire,2,40.9,Oct/21/2012 16:19:19
745796,NH.2012.REP,Republican nominee to win New Hampshire,4,40.9,Oct/21/2012 16:19:19
745796,NH.2012.REP,Republican nominee to win New Hampshire,5,41.9,Oct/21/2012 16:19:28
745796,NH.2012.REP,Republican nominee to win New Hampshire,4,41.9,Oct/21/2012 16:19:28
745796,NH.2012.REP,Republican nominee to win New Hampshire,5,42.9,Oct/21/2012 16:19:41
745796,NH.2012.REP,Republican nominee to win New Hampshire,5,43.9,Oct/21/2012 16:19:56
745796,NH.2012.REP,Republican nominee to win New Hampshire,1,43.0,Oct/21/2012 16:19:56
745796,NH.2012.REP,Republican nominee to win New Hampshire,2,44.6,Oct/21/2012 16:20:06
745796,NH.2012.REP,Republican nominee to win New Hampshire,1,43.0,Oct/21/2012 16:20:06
745796,NH.2012.REP,Republican nominee to win New Hampshire,1,45.0,Oct/21/2012 16:20:21
745796,NH.2012.REP,Republican nominee to win New Hampshire,5,44.7,Oct/21/2012 16:20:21
745796,NH.2012.REP,Republican nominee to win New Hampshire,6,44.9,Oct/21/2012 16:20:21
745796,NH.2012.REP,Republican nominee to win New Hampshire,1,44.6,Oct/21/2012 16:20:21
745796,NH.2012.REP,Republican nominee to win New Hampshire,1,43.0,Oct/21/2012 16:20:21
745796,NH.2012.REP,Republican nominee to win New Hampshire,1,45.0,Oct/21/2012 16:20:55
745796,NH.2012.REP,Republican nominee to win New Hampshire,5,45.0,Oct/21/2012 16:20:55
745796,NH.2012.REP,Republican nominee to win New Hampshire,12,45.0,Oct/21/2012 16:21:22
745796,NH.2012.REP,Republican nominee to win New Hampshire,5,49.3,Oct/21/2012 16:21:50
745796,NH.2012.REP,Republican nominee to win New Hampshire,5,49.4,Oct/21/2012 16:22:03
745796,NH.2012.REP,Republican nominee to win New Hampshire,1,50.0,Oct/21/2012 16:22:17
745796,NH.2012.REP,Republican nominee to win New Hampshire,1,50.1,Oct/21/2012 16:22:17
745796,NH.2012.REP,Republican nominee to win New Hampshire,4,50.1,Oct/21/2012 16:22:17
745796,NH.2012.REP,Republican nominee to win New Hampshire,5,50.1,Oct/21/2012 16:22:39
745796,NH.2012.REP,Republican nominee to win New Hampshire,1,50.1,Oct/21/2012 16:22:39
745796,NH.2012.REP,Republican nominee to win New Hampshire,1,50.1,Oct/21/2012 16:22:50
745796,NH.2012.REP,Republican nominee to win New Hampshire,4,50.1,Oct/21/2012 16:22:50
745796,NH.2012.REP,Republican nominee to win New Hampshire,1,50.1,Oct/21/2012 16:23:02
745796,NH.2012.REP,Republican nominee to win New Hampshire,5,50.1,Oct/21/2012 16:23:02
745796,NH.2012.REP,Republican nominee to win New Hampshire,20,45.0,Oct/22/2012 11:20:43
745796,NH.2012.REP,Republican nominee to win New Hampshire,2,48.8,Oct/22/2012 14:12:42
745796,NH.2012.REP,Republican nominee to win New Hampshire,3,48.7,Oct/22/2012 14:12:42
745796,NH.2012.REP,Republican nominee to win New Hampshire,3,49.1,Oct/22/2012 14:12:42
745796,NH.2012.REP,Republican nominee to win New Hampshire,3,45.1,Oct/22/2012 15:12:00
745796,NH.2012.REP,Republican nominee to win New Hampshire,1,49.2,Oct/22/2012 16:00:46
745796,NH.2012.REP,Republican nominee to win New Hampshire,1,49.2,Oct/22/2012 17:28:36
745796,NH.2012.REP,Republican nominee to win New Hampshire,5,49.2,Oct/22/2012 17:28:36
745796,NH.2012.REP,Republican nominee to win New Hampshire,1,48.0,Oct/22/2012 19:31:01
745796,NH.2012.REP,Republican nominee to win New Hampshire,1,48.0,Oct/22/2012 19:31:10
745796,NH.2012.REP,Republican nominee to win New Hampshire,1,49.2,Oct/22/2012 19:38:24
745796,NH.2012.REP,Republican nominee to win New Hampshire,9,45.0,Oct/22/2012 19:42:18
745796,NH.2012.REP,Republican nominee to win New Hampshire,12,49.2,Oct/22/2012 19:56:07
745796,NH.2012.REP,Republican nominee to win New Hampshire,1,50.0,Oct/22/2012 20:14:52
745796,NH.2012.REP,Republican nominee to win New Hampshire,1,50.0,Oct/22/2012 20:16:16
745796,NH.2012.REP,Republican nominee to win New Hampshire,5,50.0,Oct/22/2012 20:16:17
745796,NH.2012.REP,Republican nominee to win New Hampshire,1,50.1,Oct/22/2012 20:16:52
745796,NH.2012.REP,Republican nominee to win New Hampshire,3,50.0,Oct/22/2012 20:16:52
745796,NH.2012.REP,Republican nominee to win New Hampshire,3,49.2,Oct/22/2012 20:28:40
745796,NH.2012.REP,Republican nominee to win New Hampshire,11,45.0,Oct/22/2012 20:39:15
745796,NH.2012.REP,Republican nominee to win New Hampshire,1,49.8,Oct/22/2012 20:48:16
745796,NH.2012.REP,Republican nominee to win New Hampshire,5,49.8,Oct/22/2012 20:48:16
745796,NH.2012.REP,Republican nominee to win New Hampshire,5,44.0,Oct/22/2012 22:16:19
745796,NH.2012.REP,Republican nominee to win New Hampshire,5,44.0,Oct/22/2012 22:16:27
745796,NH.2012.REP,Republican nominee to win New Hampshire,1,46.5,Oct/23/2012 01:06:54
745796,NH.2012.REP,Republican nominee to win New Hampshire,5,44.0,Oct/23/2012 01:07:52
745796,NH.2012.REP,Republican nominee to win New Hampshire,1,46.5,Oct/23/2012 01:57:50
745796,NH.2012.REP,Republican nominee to win New Hampshire,25,44.0,Oct/23/2012 02:11:49
745796,NH.2012.REP,Republican nominee to win New Hampshire,1,46.0,Oct/23/2012 03:08:29
745796,NH.2012.REP,Republican nominee to win New Hampshire,15,43.9,Oct/23/2012 12:08:14
745796,NH.2012.REP,Republican nominee to win New Hampshire,1,39.0,Oct/23/2012 14:29:43
745796,NH.2012.REP,Republican nominee to win New Hampshire,1,44.0,Oct/23/2012 14:39:04
745796,NH.2012.REP,Republican nominee to win New Hampshire,1,39.0,Oct/23/2012 14:39:04
745796,NH.2012.REP,Republican nominee to win New Hampshire,2,43.5,Oct/23/2012 17:58:04
745796,NH.2012.REP,Republican nominee to win New Hampshire,1,44.5,Oct/23/2012 18:04:56
745796,NH.2012.REP,Republican nominee to win New Hampshire,4,44.0,Oct/23/2012 18:04:56
745796,NH.2012.REP,Republican nominee to win New Hampshire,2,43.5,Oct/23/2012 18:04:56
745796,NH.2012.REP,Republican nominee to win New Hampshire,1,44.1,Oct/23/2012 18:04:56
745796,NH.2012.REP,Republican nominee to win New Hampshire,1,44.0,Oct/23/2012 18:20:43
745796,NH.2012.REP,Republican nominee to win New Hampshire,2,44.0,Oct/23/2012 19:00:28
745796,NH.2012.REP,Republican nominee to win New Hampshire,1,44.5,Oct/23/2012 19:10:28
745796,NH.2012.REP,Republican nominee to win New Hampshire,48,46.5,Oct/23/2012 19:24:49
745796,NH.2012.REP,Republican nominee to win New Hampshire,48,44.5,Oct/23/2012 19:24:49
745796,NH.2012.REP,Republican nominee to win New Hampshire,1,46.0,Oct/23/2012 19:24:49
745796,NH.2012.REP,Republican nominee to win New Hampshire,3,46.6,Oct/23/2012 19:24:49
745796,NH.2012.REP,Republican nominee to win New Hampshire,35,50.1,Oct/23/2012 19:26:06
745796,NH.2012.REP,Republican nominee to win New Hampshire,5,49.5,Oct/23/2012 19:26:06
745796,NH.2012.REP,Republican nominee to win New Hampshire,2,48.0,Oct/23/2012 19:26:06
745796,NH.2012.REP,Republican nominee to win New Hampshire,2,49.5,Oct/23/2012 19:26:06
745796,NH.2012.REP,Republican nominee to win New Hampshire,5,46.6,Oct/23/2012 19:26:06
745796,NH.2012.REP,Republican nominee to win New Hampshire,1,46.6,Oct/23/2012 19:26:06
745796,NH.2012.REP,Republican nominee to win New Hampshire,1,46.6,Oct/23/2012 19:26:25
745796,NH.2012.REP,Republican nominee to win New Hampshire,5,46.6,Oct/23/2012 19:26:25
745796,NH.2012.REP,Republican nominee to win New Hampshire,1,46.6,Oct/23/2012 19:26:41
745796,NH.2012.REP,Republican nominee to win New Hampshire,2,46.6,Oct/23/2012 19:26:41
745796,NH.2012.REP,Republican nominee to win New Hampshire,1,46.6,Oct/23/2012 19:26:48
745796,NH.2012.REP,Republican nominee to win New Hampshire,1,44.1,Oct/23/2012 20:49:24
745796,NH.2012.REP,Republican nominee to win New Hampshire,1,46.6,Oct/23/2012 21:36:16
745796,NH.2012.REP,Republican nominee to win New Hampshire,1,46.6,Oct/23/2012 23:25:55
745796,NH.2012.REP,Republican nominee to win New Hampshire,5,46.6,Oct/23/2012 23:25:55
745796,NH.2012.REP,Republican nominee to win New Hampshire,1,46.6,Oct/23/2012 23:26:05
745796,NH.2012.REP,Republican nominee to win New Hampshire,5,46.6,Oct/23/2012 23:26:05
745796,NH.2012.REP,Republican nominee to win New Hampshire,1,46.6,Oct/23/2012 23:26:12
745796,NH.2012.REP,Republican nominee to win New Hampshire,5,46.6,Oct/23/2012 23:26:12
745796,NH.2012.REP,Republican nominee to win New Hampshire,1,46.6,Oct/23/2012 23:26:19
745796,NH.2012.REP,Republican nominee to win New Hampshire,4,46.9,Oct/23/2012 23:26:19
745796,NH.2012.REP,Republican nominee to win New Hampshire,1,46.6,Oct/23/2012 23:26:48
745796,NH.2012.REP,Republican nominee to win New Hampshire,1,44.1,Oct/24/2012 00:15:27
745796,NH.2012.REP,Republican nominee to win New Hampshire,1,46.0,Oct/24/2012 01:22:12
745796,NH.2012.REP,Republican nominee to win New Hampshire,4,46.0,Oct/24/2012 02:39:41
745796,NH.2012.REP,Republican nominee to win New Hampshire,3,47.9,Oct/24/2012 02:42:54
745796,NH.2012.REP,Republican nominee to win New Hampshire,1,46.1,Oct/24/2012 02:42:54
745796,NH.2012.REP,Republican nominee to win New Hampshire,5,46.6,Oct/24/2012 02:42:54
745796,NH.2012.REP,Republican nominee to win New Hampshire,1,47.9,Oct/24/2012 02:45:27
745796,NH.2012.REP,Republican nominee to win New Hampshire,5,48.9,Oct/24/2012 02:45:28
745796,NH.2012.REP,Republican nominee to win New Hampshire,1,49.9,Oct/24/2012 02:46:21
745796,NH.2012.REP,Republican nominee to win New Hampshire,4,49.9,Oct/24/2012 02:46:26
745796,NH.2012.REP,Republican nominee to win New Hampshire,2,50.0,Oct/24/2012 02:46:26
745796,NH.2012.REP,Republican nominee to win New Hampshire,6,50.0,Oct/24/2012 02:55:15
745796,NH.2012.REP,Republican nominee to win New Hampshire,1,50.0,Oct/24/2012 03:20:15
745796,NH.2012.REP,Republican nominee to win New Hampshire,4,49.9,Oct/24/2012 05:36:13
745796,NH.2012.REP,Republican nominee to win New Hampshire,1,49.9,Oct/24/2012 05:36:24
745796,NH.2012.REP,Republican nominee to win New Hampshire,6,48.9,Oct/24/2012 09:28:31
745796,NH.2012.REP,Republican nominee to win New Hampshire,1,45.0,Oct/24/2012 12:44:16
745796,NH.2012.REP,Republican nominee to win New Hampshire,7,50.1,Oct/24/2012 14:03:16
745796,NH.2012.REP,Republican nominee to win New Hampshire,1,50.1,Oct/24/2012 14:03:23
745796,NH.2012.REP,Republican nominee to win New Hampshire,17,50.1,Oct/24/2012 14:04:15
745796,NH.2012.REP,Republican nominee to win New Hampshire,6,50.9,Oct/24/2012 14:04:24
745796,NH.2012.REP,Republican nominee to win New Hampshire,5,51.9,Oct/24/2012 14:04:46
745796,NH.2012.REP,Republican nominee to win New Hampshire,1,51.1,Oct/24/2012 14:04:46
745796,NH.2012.REP,Republican nominee to win New Hampshire,1,51.1,Oct/24/2012 14:05:03
745796,NH.2012.REP,Republican nominee to win New Hampshire,30,51.1,Oct/24/2012 14:22:26
745796,NH.2012.REP,Republican nominee to win New Hampshire,2,51.1,Oct/24/2012 14:22:34
745796,NH.2012.REP,Republican nominee to win New Hampshire,16,51.1,Oct/24/2012 14:43:33
745796,NH.2012.REP,Republican nominee to win New Hampshire,1,51.1,Oct/24/2012 14:43:48
745796,NH.2012.REP,Republican nominee to win New Hampshire,1,51.9,Oct/24/2012 14:46:12
745796,NH.2012.REP,Republican nominee to win New Hampshire,1,52.0,Oct/24/2012 14:46:12
745796,NH.2012.REP,Republican nominee to win New Hampshire,1,51.1,Oct/24/2012 14:46:12
745796,NH.2012.REP,Republican nominee to win New Hampshire,5,52.4,Oct/24/2012 14:46:12
745796,NH.2012.REP,Republican nominee to win New Hampshire,5,52.9,Oct/24/2012 14:46:12
745796,NH.2012.REP,Republican nominee to win New Hampshire,2,52.4,Oct/24/2012 14:47:06
745796,NH.2012.REP,Republican nominee to win New Hampshire,5,52.4,Oct/24/2012 14:47:06
745796,NH.2012.REP,Republican nominee to win New Hampshire,2,52.4,Oct/24/2012 14:47:21
745796,NH.2012.REP,Republican nominee to win New Hampshire,5,52.4,Oct/24/2012 14:47:21
745796,NH.2012.REP,Republican nominee to win New Hampshire,1,52.4,Oct/24/2012 14:47:41
745796,NH.2012.REP,Republican nominee to win New Hampshire,5,52.4,Oct/24/2012 14:47:41
745796,NH.2012.REP,Republican nominee to win New Hampshire,1,52.4,Oct/24/2012 14:48:06
745796,NH.2012.REP,Republican nominee to win New Hampshire,3,52.4,Oct/24/2012 14:48:06
745796,NH.2012.REP,Republican nominee to win New Hampshire,2,50.0,Oct/24/2012 15:58:29
745796,NH.2012.REP,Republican nominee to win New Hampshire,8,50.0,Oct/24/2012 16:57:38
745796,NH.2012.REP,Republican nominee to win New Hampshire,1,50.0,Oct/24/2012 16:57:38
745796,NH.2012.REP,Republican nominee to win New Hampshire,1,50.0,Oct/24/2012 16:57:38
745796,NH.2012.REP,Republican nominee to win New Hampshire,1,50.0,Oct/24/2012 16:57:48
745796,NH.2012.REP,Republican nominee to win New Hampshire,1,50.1,Oct/24/2012 16:57:48
745796,NH.2012.REP,Republican nominee to win New Hampshire,50,48.0,Oct/24/2012 17:31:30
745796,NH.2012.REP,Republican nominee to win New Hampshire,4,48.0,Oct/24/2012 17:35:46
745796,NH.2012.REP,Republican nominee to win New Hampshire,10,49.7,Oct/24/2012 18:05:30
745796,NH.2012.REP,Republican nominee to win New Hampshire,1,49.8,Oct/24/2012 18:05:30
745796,NH.2012.REP,Republican nominee to win New Hampshire,5,49.8,Oct/24/2012 18:05:30
745796,NH.2012.REP,Republican nominee to win New Hampshire,1,48.2,Oct/24/2012 18:30:11
745796,NH.2012.REP,Republican nominee to win New Hampshire,5,48.2,Oct/24/2012 18:30:12
745796,NH.2012.REP,Republican nominee to win New Hampshire,1,49.8,Oct/24/2012 19:05:49
745796,NH.2012.REP,Republican nominee to win New Hampshire,1,48.4,Oct/24/2012 19:31:39
745796,NH.2012.REP,Republican nominee to win New Hampshire,1,48.4,Oct/24/2012 19:40:59
745796,NH.2012.REP,Republican nominee to win New Hampshire,1,49.8,Oct/24/2012 19:43:39
745796,NH.2012.REP,Republican nominee to win New Hampshire,2,52.9,Oct/24/2012 20:02:25
745796,NH.2012.REP,Republican nominee to win New Hampshire,2,53.9,Oct/24/2012 20:02:25
745796,NH.2012.REP,Republican nominee to win New Hampshire,1,50.1,Oct/24/2012 20:02:25
745796,NH.2012.REP,Republican nominee to win New Hampshire,1,50.1,Oct/24/2012 20:03:03
745796,NH.2012.REP,Republican nominee to win New Hampshire,5,53.9,Oct/24/2012 20:03:50
745796,NH.2012.REP,Republican nominee to win New Hampshire,5,53.9,Oct/24/2012 20:03:50
745796,NH.2012.REP,Republican nominee to win New Hampshire,14,54.5,Oct/24/2012 20:03:50
745796,NH.2012.REP,Republican nominee to win New Hampshire,2,48.4,Oct/24/2012 20:26:48
745796,NH.2012.REP,Republican nominee to win New Hampshire,9,48.2,Oct/24/2012 20:55:52
745796,NH.2012.REP,Republican nominee to win New Hampshire,1,48.0,Oct/24/2012 21:26:54
745796,NH.2012.REP,Republican nominee to win New Hampshire,5,48.0,Oct/24/2012 21:26:54
745796,NH.2012.REP,Republican nominee to win New Hampshire,10,48.0,Oct/24/2012 21:45:58
745796,NH.2012.REP,Republican nominee to win New Hampshire,1,48.2,Oct/24/2012 21:48:04
745796,NH.2012.REP,Republican nominee to win New Hampshire,1,48.2,Oct/24/2012 21:48:05
745796,NH.2012.REP,Republican nominee to win New Hampshire,3,48.0,Oct/24/2012 21:51:52
745796,NH.2012.REP,Republican nominee to win New Hampshire,2,48.2,Oct/24/2012 21:51:52
745796,NH.2012.REP,Republican nominee to win New Hampshire,1,48.2,Oct/24/2012 23:15:51
745796,NH.2012.REP,Republican nominee to win New Hampshire,1,48.2,Oct/24/2012 23:26:33
745796,NH.2012.REP,Republican nominee to win New Hampshire,18,48.2,Oct/24/2012 23:29:48
745796,NH.2012.REP,Republican nominee to win New Hampshire,40,48.1,Oct/24/2012 23:30:20
745796,NH.2012.REP,Republican nominee to win New Hampshire,1,52.1,Oct/24/2012 23:33:45
745796,NH.2012.REP,Republican nominee to win New Hampshire,5,52.1,Oct/24/2012 23:33:45
745796,NH.2012.REP,Republican nominee to win New Hampshire,8,48.1,Oct/24/2012 23:34:14
745796,NH.2012.REP,Republican nominee to win New Hampshire,2,48.1,Oct/24/2012 23:34:48
745796,NH.2012.REP,Republican nominee to win New Hampshire,1,48.0,Oct/25/2012 00:04:04
745796,NH.2012.REP,Republican nominee to win New Hampshire,5,48.0,Oct/25/2012 00:04:04
745796,NH.2012.REP,Republican nominee to win New Hampshire,1,48.0,Oct/25/2012 00:30:30
745796,NH.2012.REP,Republican nominee to win New Hampshire,1,48.0,Oct/25/2012 00:30:31
745796,NH.2012.REP,Republican nominee to win New Hampshire,1,47.0,Oct/25/2012 02:49:47
745796,NH.2012.REP,Republican nominee to win New Hampshire,5,47.0,Oct/25/2012 02:49:47
745796,NH.2012.REP,Republican nominee to win New Hampshire,1,47.0,Oct/25/2012 02:53:52
745796,NH.2012.REP,Republican nominee to win New Hampshire,4,54.5,Oct/25/2012 04:19:26
745796,NH.2012.REP,Republican nominee to win New Hampshire,1,51.1,Oct/25/2012 04:19:26
745796,NH.2012.REP,Republican nominee to win New Hampshire,5,52.1,Oct/25/2012 04:19:26
745796,NH.2012.REP,Republican nominee to win New Hampshire,1,52.1,Oct/25/2012 04:20:03
745796,NH.2012.REP,Republican nominee to win New Hampshire,1,53.0,Oct/25/2012 05:04:27
745796,NH.2012.REP,Republican nominee to win New Hampshire,1,47.0,Oct/25/2012 12:15:30
745796,NH.2012.REP,Republican nominee to win New Hampshire,1,47.0,Oct/25/2012 13:56:34
745796,NH.2012.REP,Republican nominee to win New Hampshire,1,47.0,Oct/25/2012 13:56:52
745796,NH.2012.REP,Republican nominee to win New Hampshire,1,50.1,Oct/25/2012 15:14:27
745796,NH.2012.REP,Republican nominee to win New Hampshire,1,50.1,Oct/25/2012 15:14:29
745796,NH.2012.REP,Republican nominee to win New Hampshire,1,45.0,Oct/25/2012 16:03:17
745796,NH.2012.REP,Republican nominee to win New Hampshire,1,45.0,Oct/25/2012 16:03:23
745796,NH.2012.REP,Republican nominee to win New Hampshire,1,45.0,Oct/25/2012 16:03:25
745796,NH.2012.REP,Republican nominee to win New Hampshire,1,45.0,Oct/25/2012 16:20:10
745796,NH.2012.REP,Republican nominee to win New Hampshire,6,45.0,Oct/25/2012 16:20:12
745796,NH.2012.REP,Republican nominee to win New Hampshire,11,45.0,Oct/25/2012 16:48:18
745796,NH.2012.REP,Republican nominee to win New Hampshire,1,45.0,Oct/25/2012 17:22:33
745796,NH.2012.REP,Republican nominee to win New Hampshire,2,44.2,Oct/25/2012 17:22:51
745796,NH.2012.REP,Republican nominee to win New Hampshire,3,44.1,Oct/25/2012 17:23:00
745796,NH.2012.REP,Republican nominee to win New Hampshire,1,44.7,Oct/25/2012 17:41:16
745796,NH.2012.REP,Republican nominee to win New Hampshire,5,44.7,Oct/25/2012 17:41:16
745796,NH.2012.REP,Republican nominee to win New Hampshire,1,49.1,Oct/25/2012 17:55:36
745796,NH.2012.REP,Republican nominee to win New Hampshire,5,45.2,Oct/25/2012 17:55:36
745796,NH.2012.REP,Republican nominee to win New Hampshire,1,44.7,Oct/25/2012 17:55:36
745796,NH.2012.REP,Republican nominee to win New Hampshire,5,44.9,Oct/25/2012 17:55:36
745796,NH.2012.REP,Republican nominee to win New Hampshire,2,49.1,Oct/25/2012 17:55:58
745796,NH.2012.REP,Republican nominee to win New Hampshire,2,49.9,Oct/25/2012 17:55:58
745796,NH.2012.REP,Republican nominee to win New Hampshire,1,44.7,Oct/25/2012 17:55:58
745796,NH.2012.REP,Republican nominee to win New Hampshire,5,44.9,Oct/25/2012 17:55:58
745796,NH.2012.REP,Republican nominee to win New Hampshire,1,43.1,Oct/25/2012 18:03:44
745796,NH.2012.REP,Republican nominee to win New Hampshire,4,43.1,Oct/25/2012 18:03:44
745796,NH.2012.REP,Republican nominee to win New Hampshire,1,43.1,Oct/25/2012 18:05:54
745796,NH.2012.REP,Republican nominee to win New Hampshire,1,42.5,Oct/25/2012 19:21:00
745796,NH.2012.REP,Republican nominee to win New Hampshire,4,42.5,Oct/25/2012 19:21:10
745796,NH.2012.REP,Republican nominee to win New Hampshire,7,42.1,Oct/25/2012 19:21:19
745796,NH.2012.REP,Republican nominee to win New Hampshire,8,42.1,Oct/25/2012 19:21:19
745796,NH.2012.REP,Republican nominee to win New Hampshire,15,42.5,Oct/25/2012 23:02:23
745796,NH.2012.REP,Republican nominee to win New Hampshire,5,40.1,Oct/26/2012 00:11:12
745796,NH.2012.REP,Republican nominee to win New Hampshire,5,43.8,Oct/26/2012 03:39:45
745796,NH.2012.REP,Republican nominee to win New Hampshire,4,43.9,Oct/26/2012 03:40:01
745796,NH.2012.REP,Republican nominee to win New Hampshire,1,44.4,Oct/26/2012 03:40:27
745796,NH.2012.REP,Republican nominee to win New Hampshire,5,44.4,Oct/26/2012 03:40:27
745796,NH.2012.REP,Republican nominee to win New Hampshire,4,45.9,Oct/26/2012 03:54:11
745796,NH.2012.REP,Republican nominee to win New Hampshire,5,46.9,Oct/26/2012 03:54:11
745796,NH.2012.REP,Republican nominee to win New Hampshire,2,47.9,Oct/26/2012 03:54:11
745796,NH.2012.REP,Republican nominee to win New Hampshire,5,43.4,Oct/26/2012 03:54:11
745796,NH.2012.REP,Republican nominee to win New Hampshire,1,43.4,Oct/26/2012 03:54:11
745796,NH.2012.REP,Republican nominee to win New Hampshire,2,40.0,Oct/26/2012 06:39:43
745796,NH.2012.REP,Republican nominee to win New Hampshire,1,41.0,Oct/26/2012 13:24:43
745796,NH.2012.REP,Republican nominee to win New Hampshire,1,41.0,Oct/26/2012 13:24:44
745796,NH.2012.REP,Republican nominee to win New Hampshire,1,40.0,Oct/26/2012 14:52:46
745796,NH.2012.REP,Republican nominee to win New Hampshire,1,40.0,Oct/26/2012 14:52:57
745796,NH.2012.REP,Republican nominee to win New Hampshire,1,40.0,Oct/26/2012 14:52:58
745796,NH.2012.REP,Republican nominee to win New Hampshire,3,39.1,Oct/26/2012 14:52:58
745796,NH.2012.REP,Republican nominee to win New Hampshire,1,39.1,Oct/26/2012 14:53:07
745796,NH.2012.REP,Republican nominee to win New Hampshire,1,39.1,Oct/26/2012 14:53:17
745796,NH.2012.REP,Republican nominee to win New Hampshire,1,39.1,Oct/26/2012 14:53:18
745796,NH.2012.REP,Republican nominee to win New Hampshire,3,38.2,Oct/26/2012 14:53:18
745796,NH.2012.REP,Republican nominee to win New Hampshire,3,38.2,Oct/26/2012 14:53:19
745796,NH.2012.REP,Republican nominee to win New Hampshire,3,47.8,Oct/26/2012 15:06:37
745796,NH.2012.REP,Republican nominee to win New Hampshire,1,47.8,Oct/26/2012 15:06:37
745796,NH.2012.REP,Republican nominee to win New Hampshire,5,43.4,Oct/26/2012 15:06:37
745796,NH.2012.REP,Republican nominee to win New Hampshire,1,43.3,Oct/26/2012 15:06:37
745796,NH.2012.REP,Republican nominee to win New Hampshire,1,43.4,Oct/26/2012 16:26:23
745796,NH.2012.REP,Republican nominee to win New Hampshire,5,43.4,Oct/26/2012 16:26:23
745796,NH.2012.REP,Republican nominee to win New Hampshire,1,40.1,Oct/26/2012 17:24:11
745796,NH.2012.REP,Republican nominee to win New Hampshire,1,40.1,Oct/26/2012 17:24:12
745796,NH.2012.REP,Republican nominee to win New Hampshire,1,40.1,Oct/26/2012 18:58:07
745796,NH.2012.REP,Republican nominee to win New Hampshire,1,38.2,Oct/26/2012 20:58:14
745796,NH.2012.REP,Republican nominee to win New Hampshire,5,41.6,Oct/26/2012 21:25:55
745796,NH.2012.REP,Republican nominee to win New Hampshire,1,41.6,Oct/26/2012 21:25:55
745796,NH.2012.REP,Republican nominee to win New Hampshire,1,41.6,Oct/26/2012 21:35:21
745796,NH.2012.REP,Republican nominee to win New Hampshire,5,41.6,Oct/26/2012 21:35:21
745796,NH.2012.REP,Republican nominee to win New Hampshire,36,45.0,Oct/26/2012 21:35:23
745796,NH.2012.REP,Republican nominee to win New Hampshire,58,45.0,Oct/26/2012 21:35:23
745796,NH.2012.REP,Republican nominee to win New Hampshire,5,47.7,Oct/26/2012 22:17:17
745796,NH.2012.REP,Republican nominee to win New Hampshire,1,44.3,Oct/26/2012 22:17:17
745796,NH.2012.REP,Republican nominee to win New Hampshire,35,47.7,Oct/26/2012 22:17:17
745796,NH.2012.REP,Republican nominee to win New Hampshire,5,44.6,Oct/26/2012 22:17:17
745796,NH.2012.REP,Republican nominee to win New Hampshire,3,47.7,Oct/26/2012 22:17:19
745796,NH.2012.REP,Republican nominee to win New Hampshire,1,47.7,Oct/26/2012 22:17:19
745796,NH.2012.REP,Republican nominee to win New Hampshire,1,44.7,Oct/26/2012 22:25:05
745796,NH.2012.REP,Republican nominee to win New Hampshire,1,40.7,Oct/27/2012 00:50:20
745796,NH.2012.REP,Republican nominee to win New Hampshire,3,42.0,Oct/27/2012 00:50:22
745796,NH.2012.REP,Republican nominee to win New Hampshire,2,42.0,Oct/27/2012 00:50:23
745796,NH.2012.REP,Republican nominee to win New Hampshire,9,42.0,Oct/27/2012 02:39:48
745796,NH.2012.REP,Republican nominee to win New Hampshire,1,42.1,Oct/27/2012 02:39:48
745796,NH.2012.REP,Republican nominee to win New Hampshire,5,42.0,Oct/27/2012 03:54:34
745796,NH.2012.REP,Republican nominee to win New Hampshire,1,43.8,Oct/27/2012 04:14:11
745796,NH.2012.REP,Republican nominee to win New Hampshire,2,42.0,Oct/27/2012 04:43:26
745796,NH.2012.REP,Republican nominee to win New Hampshire,5,42.0,Oct/27/2012 04:43:27
745796,NH.2012.REP,Republican nominee to win New Hampshire,3,42.0,Oct/27/2012 04:43:28
745796,NH.2012.REP,Republican nominee to win New Hampshire,3,42.0,Oct/27/2012 04:43:29
745796,NH.2012.REP,Republican nominee to win New Hampshire,8,42.0,Oct/27/2012 05:11:09
745796,NH.2012.REP,Republican nominee to win New Hampshire,2,42.0,Oct/27/2012 05:18:36
745796,NH.2012.REP,Republican nominee to win New Hampshire,2,42.0,Oct/27/2012 05:18:36
745796,NH.2012.REP,Republican nominee to win New Hampshire,8,42.0,Oct/27/2012 05:18:37
745796,NH.2012.REP,Republican nominee to win New Hampshire,1,44.0,Oct/27/2012 05:20:43
745796,NH.2012.REP,Republican nominee to win New Hampshire,1,44.0,Oct/27/2012 05:20:51
745796,NH.2012.REP,Republican nominee to win New Hampshire,1,44.0,Oct/27/2012 05:20:56
745796,NH.2012.REP,Republican nominee to win New Hampshire,1,44.1,Oct/27/2012 05:21:10
745796,NH.2012.REP,Republican nominee to win New Hampshire,1,44.1,Oct/27/2012 05:21:16
745796,NH.2012.REP,Republican nominee to win New Hampshire,1,44.1,Oct/27/2012 05:21:22
745796,NH.2012.REP,Republican nominee to win New Hampshire,1,44.1,Oct/27/2012 05:21:27
745796,NH.2012.REP,Republican nominee to win New Hampshire,1,44.1,Oct/27/2012 05:21:31
745796,NH.2012.REP,Republican nominee to win New Hampshire,1,44.1,Oct/27/2012 05:21:36
745796,NH.2012.REP,Republican nominee to win New Hampshire,1,44.1,Oct/27/2012 05:21:41
745796,NH.2012.REP,Republican nominee to win New Hampshire,1,44.1,Oct/27/2012 05:21:46
745796,NH.2012.REP,Republican nominee to win New Hampshire,1,44.1,Oct/27/2012 05:22:03
745796,NH.2012.REP,Republican nominee to win New Hampshire,1,44.1,Oct/27/2012 05:22:08
745796,NH.2012.REP,Republican nominee to win New Hampshire,1,44.1,Oct/27/2012 05:22:13
745796,NH.2012.REP,Republican nominee to win New Hampshire,1,44.1,Oct/27/2012 05:22:26
745796,NH.2012.REP,Republican nominee to win New Hampshire,1,44.1,Oct/27/2012 05:22:40
745796,NH.2012.REP,Republican nominee to win New Hampshire,1,44.1,Oct/27/2012 05:22:45
745796,NH.2012.REP,Republican nominee to win New Hampshire,1,44.1,Oct/27/2012 05:23:00
745796,NH.2012.REP,Republican nominee to win New Hampshire,1,44.1,Oct/27/2012 05:23:07
745796,NH.2012.REP,Republican nominee to win New Hampshire,1,44.4,Oct/27/2012 05:23:26
745796,NH.2012.REP,Republican nominee to win New Hampshire,2,47.8,Oct/27/2012 05:23:44
745796,NH.2012.REP,Republican nominee to win New Hampshire,1,47.0,Oct/27/2012 05:23:44
745796,NH.2012.REP,Republican nominee to win New Hampshire,1,44.4,Oct/27/2012 05:23:44
745796,NH.2012.REP,Republican nominee to win New Hampshire,1,44.4,Oct/27/2012 05:23:49
745796,NH.2012.REP,Republican nominee to win New Hampshire,1,44.4,Oct/27/2012 05:23:55
745796,NH.2012.REP,Republican nominee to win New Hampshire,1,45.0,Oct/27/2012 05:24:06
745796,NH.2012.REP,Republican nominee to win New Hampshire,1,46.2,Oct/27/2012 05:24:19
745796,NH.2012.REP,Republican nominee to win New Hampshire,1,44.5,Oct/27/2012 06:46:04
745796,NH.2012.REP,Republican nominee to win New Hampshire,1,42.0,Oct/27/2012 11:48:28
745796,NH.2012.REP,Republican nominee to win New Hampshire,1,47.7,Oct/27/2012 11:57:52
745796,NH.2012.REP,Republican nominee to win New Hampshire,1,42.1,Oct/27/2012 14:26:19
745796,NH.2012.REP,Republican nominee to win New Hampshire,1,42.1,Oct/27/2012 14:26:20
745796,NH.2012.REP,Republican nominee to win New Hampshire,1,42.1,Oct/27/2012 15:19:13
745796,NH.2012.REP,Republican nominee to win New Hampshire,1,45.1,Oct/27/2012 20:09:12
745796,NH.2012.REP,Republican nominee to win New Hampshire,1,45.1,Oct/27/2012 20:24:57
745796,NH.2012.REP,Republican nominee to win New Hampshire,2,44.0,Oct/28/2012 03:54:21
745796,NH.2012.REP,Republican nominee to win New Hampshire,4,43.1,Oct/28/2012 04:26:17
745796,NH.2012.REP,Republican nominee to win New Hampshire,5,42.2,Oct/28/2012 04:26:23
745796,NH.2012.REP,Republican nominee to win New Hampshire,5,42.1,Oct/28/2012 04:26:26
745796,NH.2012.REP,Republican nominee to win New Hampshire,46,42.0,Oct/28/2012 04:26:31
745796,NH.2012.REP,Republican nominee to win New Hampshire,1,41.1,Oct/28/2012 04:26:32
745796,NH.2012.REP,Republican nominee to win New Hampshire,5,41.1,Oct/28/2012 04:26:40
745796,NH.2012.REP,Republican nominee to win New Hampshire,1,41.2,Oct/28/2012 04:53:00
745796,NH.2012.REP,Republican nominee to win New Hampshire,5,40.2,Oct/28/2012 06:25:18
745796,NH.2012.REP,Republican nominee to win New Hampshire,1,40.2,Oct/28/2012 06:48:46
745796,NH.2012.REP,Republican nominee to win New Hampshire,1,40.2,Oct/28/2012 06:48:47
745796,NH.2012.REP,Republican nominee to win New Hampshire,8,39.1,Oct/28/2012 11:53:36
745796,NH.2012.REP,Republican nominee to win New Hampshire,3,38.2,Oct/28/2012 13:29:48
745796,NH.2012.REP,Republican nominee to win New Hampshire,1,38.2,Oct/28/2012 16:49:04
745796,NH.2012.REP,Republican nominee to win New Hampshire,1,43.8,Oct/28/2012 20:27:05
745796,NH.2012.REP,Republican nominee to win New Hampshire,1,43.9,Oct/28/2012 20:30:44
745796,NH.2012.REP,Republican nominee to win New Hampshire,4,43.9,Oct/28/2012 20:34:11
745796,NH.2012.REP,Republican nominee to win New Hampshire,4,43.9,Oct/28/2012 20:35:19
745796,NH.2012.REP,Republican nominee to win New Hampshire,2,38.1,Oct/29/2012 04:27:25
745796,NH.2012.REP,Republican nominee to win New Hampshire,1,42.5,Oct/29/2012 09:14:50
745796,NH.2012.REP,Republican nominee to win New Hampshire,10,42.6,Oct/29/2012 09:19:57
745796,NH.2012.REP,Republican nominee to win New Hampshire,1,40.1,Oct/29/2012 15:34:56
745796,NH.2012.REP,Republican nominee to win New Hampshire,1,40.1,Oct/29/2012 15:34:57
745796,NH.2012.REP,Republican nominee to win New Hampshire,1,40.1,Oct/29/2012 15:34:59
745796,NH.2012.REP,Republican nominee to win New Hampshire,2,39.0,Oct/29/2012 16:28:59
745796,NH.2012.REP,Republican nominee to win New Hampshire,6,41.9,Oct/29/2012 17:33:48
745796,NH.2012.REP,Republican nominee to win New Hampshire,1,39.2,Oct/30/2012 00:52:39
745796,NH.2012.REP,Republican nominee to win New Hampshire,3,39.9,Oct/30/2012 00:57:50
745796,NH.2012.REP,Republican nominee to win New Hampshire,1,39.2,Oct/30/2012 00:58:20
745796,NH.2012.REP,Republican nominee to win New Hampshire,1,39.9,Oct/30/2012 04:01:54
745796,NH.2012.REP,Republican nominee to win New Hampshire,1,41.8,Oct/30/2012 04:02:24
745796,NH.2012.REP,Republican nominee to win New Hampshire,10,39.9,Oct/30/2012 04:02:24
745796,NH.2012.REP,Republican nominee to win New Hampshire,2,42.0,Oct/30/2012 10:50:02
745796,NH.2012.REP,Republican nominee to win New Hampshire,50,41.6,Oct/30/2012 13:44:32
745796,NH.2012.REP,Republican nominee to win New Hampshire,3,39.2,Oct/30/2012 14:56:04
745796,NH.2012.REP,Republican nominee to win New Hampshire,1,38.1,Oct/30/2012 17:02:14
745796,NH.2012.REP,Republican nominee to win New Hampshire,1,38.1,Oct/30/2012 17:02:28
745796,NH.2012.REP,Republican nominee to win New Hampshire,1,39.2,Oct/30/2012 17:32:08
745796,NH.2012.REP,Republican nominee to win New Hampshire,1,39.2,Oct/30/2012 21:23:18
745796,NH.2012.REP,Republican nominee to win New Hampshire,1,39.2,Oct/30/2012 22:05:48
745796,NH.2012.REP,Republican nominee to win New Hampshire,5,39.2,Oct/30/2012 22:05:48
745796,NH.2012.REP,Republican nominee to win New Hampshire,5,39.2,Oct/30/2012 22:05:49
745796,NH.2012.REP,Republican nominee to win New Hampshire,1,39.2,Oct/31/2012 03:11:26
745796,NH.2012.REP,Republican nominee to win New Hampshire,6,39.2,Oct/31/2012 03:11:27
745796,NH.2012.REP,Republican nominee to win New Hampshire,1,38.1,Oct/31/2012 05:02:52
745796,NH.2012.REP,Republican nominee to win New Hampshire,4,38.1,Oct/31/2012 05:02:53
745796,NH.2012.REP,Republican nominee to win New Hampshire,1,37.1,Oct/31/2012 05:05:47
745796,NH.2012.REP,Republican nominee to win New Hampshire,4,37.1,Oct/31/2012 05:05:48
745796,NH.2012.REP,Republican nominee to win New Hampshire,1,36.5,Oct/31/2012 05:07:35
745796,NH.2012.REP,Republican nominee to win New Hampshire,1,36.5,Oct/31/2012 06:01:04
745796,NH.2012.REP,Republican nominee to win New Hampshire,1,36.5,Oct/31/2012 06:01:13
745796,NH.2012.REP,Republican nominee to win New Hampshire,6,36.5,Oct/31/2012 06:01:14
745796,NH.2012.REP,Republican nominee to win New Hampshire,1,36.5,Oct/31/2012 06:01:26
745796,NH.2012.REP,Republican nominee to win New Hampshire,1,36.5,Oct/31/2012 06:15:42
745796,NH.2012.REP,Republican nominee to win New Hampshire,9,36.5,Oct/31/2012 06:15:42
745796,NH.2012.REP,Republican nominee to win New Hampshire,1,36.5,Oct/31/2012 13:07:17
745796,NH.2012.REP,Republican nominee to win New Hampshire,1,36.5,Oct/31/2012 13:07:17
745796,NH.2012.REP,Republican nominee to win New Hampshire,1,39.1,Oct/31/2012 14:26:01
745796,NH.2012.REP,Republican nominee to win New Hampshire,5,38.9,Oct/31/2012 14:26:01
745796,NH.2012.REP,Republican nominee to win New Hampshire,4,39.2,Oct/31/2012 14:26:01
745796,NH.2012.REP,Republican nominee to win New Hampshire,1,37.5,Oct/31/2012 14:47:03
745796,NH.2012.REP,Republican nominee to win New Hampshire,2,36.5,Oct/31/2012 14:47:18
745796,NH.2012.REP,Republican nominee to win New Hampshire,2,37.5,Oct/31/2012 14:47:18
745796,NH.2012.REP,Republican nominee to win New Hampshire,1,36.5,Oct/31/2012 14:48:03
745796,NH.2012.REP,Republican nominee to win New Hampshire,5,36.5,Oct/31/2012 14:48:03
745796,NH.2012.REP,Republican nominee to win New Hampshire,1,36.5,Oct/31/2012 14:56:43
745796,NH.2012.REP,Republican nominee to win New Hampshire,5,36.5,Oct/31/2012 14:56:43
745796,NH.2012.REP,Republican nominee to win New Hampshire,5,36.5,Oct/31/2012 14:57:16
745796,NH.2012.REP,Republican nominee to win New Hampshire,1,36.5,Oct/31/2012 14:57:16
745796,NH.2012.REP,Republican nominee to win New Hampshire,1,36.5,Oct/31/2012 14:58:01
745796,NH.2012.REP,Republican nominee to win New Hampshire,1,37.2,Oct/31/2012 15:02:11
745796,NH.2012.REP,Republican nominee to win New Hampshire,1,37.2,Oct/31/2012 15:02:20
745796,NH.2012.REP,Republican nominee to win New Hampshire,1,37.2,Oct/31/2012 15:13:43
745796,NH.2012.REP,Republican nominee to win New Hampshire,1,36.5,Oct/31/2012 15:13:55
745796,NH.2012.REP,Republican nominee to win New Hampshire,4,36.5,Oct/31/2012 15:13:55
745796,NH.2012.REP,Republican nominee to win New Hampshire,1,36.5,Oct/31/2012 15:17:06
745796,NH.2012.REP,Republican nominee to win New Hampshire,1,36.5,Oct/31/2012 15:21:38
745796,NH.2012.REP,Republican nominee to win New Hampshire,5,36.0,Oct/31/2012 15:48:33
745796,NH.2012.REP,Republican nominee to win New Hampshire,1,36.0,Oct/31/2012 15:48:33
745796,NH.2012.REP,Republican nominee to win New Hampshire,1,36.0,Oct/31/2012 16:03:03
745796,NH.2012.REP,Republican nominee to win New Hampshire,3,36.0,Oct/31/2012 17:09:15
745796,NH.2012.REP,Republican nominee to win New Hampshire,3,36.0,Oct/31/2012 17:29:39
745796,NH.2012.REP,Republican nominee to win New Hampshire,23,36.0,Oct/31/2012 17:30:06
745796,NH.2012.REP,Republican nominee to win New Hampshire,5,37.0,Oct/31/2012 17:48:19
745796,NH.2012.REP,Republican nominee to win New Hampshire,1,37.0,Oct/31/2012 17:48:19
745796,NH.2012.REP,Republican nominee to win New Hampshire,1,37.0,Oct/31/2012 17:48:35
745796,NH.2012.REP,Republican nominee to win New Hampshire,4,37.0,Oct/31/2012 17:48:35
745796,NH.2012.REP,Republican nominee to win New Hampshire,1,37.0,Oct/31/2012 17:48:46
745796,NH.2012.REP,Republican nominee to win New Hampshire,1,37.0,Oct/31/2012 17:48:47
745796,NH.2012.REP,Republican nominee to win New Hampshire,1,37.0,Oct/31/2012 17:48:48
745796,NH.2012.REP,Republican nominee to win New Hampshire,1,37.0,Oct/31/2012 18:10:19
745796,NH.2012.REP,Republican nominee to win New Hampshire,1,37.0,Oct/31/2012 18:10:28
745796,NH.2012.REP,Republican nominee to win New Hampshire,1,37.0,Oct/31/2012 18:10:33
745796,NH.2012.REP,Republican nominee to win New Hampshire,1,37.0,Oct/31/2012 18:12:10
745796,NH.2012.REP,Republican nominee to win New Hampshire,1,37.0,Oct/31/2012 18:12:13
745796,NH.2012.REP,Republican nominee to win New Hampshire,1,37.0,Oct/31/2012 18:12:24
745796,NH.2012.REP,Republican nominee to win New Hampshire,1,36.5,Oct/31/2012 18:13:33
745796,NH.2012.REP,Republican nominee to win New Hampshire,5,36.5,Oct/31/2012 18:13:33
745796,NH.2012.REP,Republican nominee to win New Hampshire,1,36.5,Oct/31/2012 18:13:41
745796,NH.2012.REP,Republican nominee to win New Hampshire,5,36.5,Oct/31/2012 18:13:48
745796,NH.2012.REP,Republican nominee to win New Hampshire,1,36.5,Oct/31/2012 18:13:48
745796,NH.2012.REP,Republican nominee to win New Hampshire,1,36.5,Oct/31/2012 18:13:53
745796,NH.2012.REP,Republican nominee to win New Hampshire,1,36.5,Oct/31/2012 18:13:57
745796,NH.2012.REP,Republican nominee to win New Hampshire,4,36.5,Oct/31/2012 18:14:06
745796,NH.2012.REP,Republican nominee to win New Hampshire,1,36.5,Oct/31/2012 18:14:06
745796,NH.2012.REP,Republican nominee to win New Hampshire,1,36.5,Oct/31/2012 18:14:10
745796,NH.2012.REP,Republican nominee to win New Hampshire,5,36.5,Oct/31/2012 18:14:37
745796,NH.2012.REP,Republican nominee to win New Hampshire,1,36.5,Oct/31/2012 18:14:38
745796,NH.2012.REP,Republican nominee to win New Hampshire,1,36.5,Oct/31/2012 18:15:16
745796,NH.2012.REP,Republican nominee to win New Hampshire,5,36.5,Oct/31/2012 18:15:16
745796,NH.2012.REP,Republican nominee to win New Hampshire,1,36.5,Oct/31/2012 18:15:46
745796,NH.2012.REP,Republican nominee to win New Hampshire,5,36.5,Oct/31/2012 18:15:46
745796,NH.2012.REP,Republican nominee to win New Hampshire,5,36.5,Oct/31/2012 18:16:09
745796,NH.2012.REP,Republican nominee to win New Hampshire,1,36.5,Oct/31/2012 18:16:09
745796,NH.2012.REP,Republican nominee to win New Hampshire,1,36.5,Oct/31/2012 18:16:37
745796,NH.2012.REP,Republican nominee to win New Hampshire,5,36.5,Oct/31/2012 18:16:48
745796,NH.2012.REP,Republican nominee to win New Hampshire,5,39.0,Oct/31/2012 18:31:24
745796,NH.2012.REP,Republican nominee to win New Hampshire,1,36.5,Oct/31/2012 18:54:33
745796,NH.2012.REP,Republican nominee to win New Hampshire,3,36.5,Oct/31/2012 18:54:33
745796,NH.2012.REP,Republican nominee to win New Hampshire,5,39.0,Oct/31/2012 20:06:05
745796,NH.2012.REP,Republican nominee to win New Hampshire,2,39.1,Oct/31/2012 20:09:25
745796,NH.2012.REP,Republican nominee to win New Hampshire,5,39.1,Oct/31/2012 20:43:42
745796,NH.2012.REP,Republican nominee to win New Hampshire,1,38.1,Oct/31/2012 21:06:02
745796,NH.2012.REP,Republican nominee to win New Hampshire,1,38.1,Oct/31/2012 21:06:06
745796,NH.2012.REP,Republican nominee to win New Hampshire,1,38.1,Oct/31/2012 21:06:14
745796,NH.2012.REP,Republican nominee to win New Hampshire,1,38.1,Oct/31/2012 21:06:26
745796,NH.2012.REP,Republican nominee to win New Hampshire,1,38.1,Oct/31/2012 21:06:30
745796,NH.2012.REP,Republican nominee to win New Hampshire,1,38.1,Oct/31/2012 21:06:38
745796,NH.2012.REP,Republican nominee to win New Hampshire,3,37.5,Oct/31/2012 21:28:19
745796,NH.2012.REP,Republican nominee to win New Hampshire,5,37.5,Oct/31/2012 21:37:13
745796,NH.2012.REP,Republican nominee to win New Hampshire,1,37.5,Oct/31/2012 21:55:52
745796,NH.2012.REP,Republican nominee to win New Hampshire,5,37.5,Oct/31/2012 21:55:52
745796,NH.2012.REP,Republican nominee to win New Hampshire,14,37.5,Oct/31/2012 21:55:53
745796,NH.2012.REP,Republican nominee to win New Hampshire,13,37.5,Oct/31/2012 21:55:54
745796,NH.2012.REP,Republican nominee to win New Hampshire,1,37.5,Oct/31/2012 22:23:04
745796,NH.2012.REP,Republican nominee to win New Hampshire,2,37.5,Oct/31/2012 22:23:04
745796,NH.2012.REP,Republican nominee to win New Hampshire,1,37.5,Oct/31/2012 23:07:20
745796,NH.2012.REP,Republican nominee to win New Hampshire,5,37.5,Oct/31/2012 23:07:20
745796,NH.2012.REP,Republican nominee to win New Hampshire,20,37.5,Oct/31/2012 23:07:34
745796,NH.2012.REP,Republican nominee to win New Hampshire,1,37.5,Oct/31/2012 23:19:12
745796,NH.2012.REP,Republican nominee to win New Hampshire,5,37.5,Oct/31/2012 23:19:12
745796,NH.2012.REP,Republican nominee to win New Hampshire,5,37.5,Oct/31/2012 23:19:44
745796,NH.2012.REP,Republican nominee to win New Hampshire,1,37.5,Oct/31/2012 23:19:44
745796,NH.2012.REP,Republican nominee to win New Hampshire,1,37.5,Oct/31/2012 23:19:53
745796,NH.2012.REP,Republican nominee to win New Hampshire,1,37.5,Oct/31/2012 23:22:47
745796,NH.2012.REP,Republican nominee to win New Hampshire,1,37.5,Oct/31/2012 23:23:05
745796,NH.2012.REP,Republican nominee to win New Hampshire,1,37.5,Oct/31/2012 23:24:03
745796,NH.2012.REP,Republican nominee to win New Hampshire,1,37.5,Oct/31/2012 23:26:04
745796,NH.2012.REP,Republican nominee to win New Hampshire,1,37.5,Oct/31/2012 23:26:09
745796,NH.2012.REP,Republican nominee to win New Hampshire,7,37.1,Nov/01/2012 00:34:00
745796,NH.2012.REP,Republican nominee to win New Hampshire,145,36.5,Nov/01/2012 00:34:40
745796,NH.2012.REP,Republican nominee to win New Hampshire,5,36.1,Nov/01/2012 01:33:56
745796,NH.2012.REP,Republican nominee to win New Hampshire,3,36.1,Nov/01/2012 01:34:28
745796,NH.2012.REP,Republican nominee to win New Hampshire,1,35.5,Nov/01/2012 03:35:43
745796,NH.2012.REP,Republican nominee to win New Hampshire,3,35.1,Nov/01/2012 03:36:04
745796,NH.2012.REP,Republican nominee to win New Hampshire,1,35.5,Nov/01/2012 03:36:41
745796,NH.2012.REP,Republican nominee to win New Hampshire,3,35.1,Nov/01/2012 03:41:11
745796,NH.2012.REP,Republican nominee to win New Hampshire,3,35.1,Nov/01/2012 04:18:34
745796,NH.2012.REP,Republican nominee to win New Hampshire,2,35.1,Nov/01/2012 04:18:34
745796,NH.2012.REP,Republican nominee to win New Hampshire,25,35.1,Nov/01/2012 04:18:55
745796,NH.2012.REP,Republican nominee to win New Hampshire,1,35.1,Nov/01/2012 04:28:18
745796,NH.2012.REP,Republican nominee to win New Hampshire,1,35.1,Nov/01/2012 06:08:41
745796,NH.2012.REP,Republican nominee to win New Hampshire,3,35.1,Nov/01/2012 06:18:23
745796,NH.2012.REP,Republican nominee to win New Hampshire,24,35.5,Nov/01/2012 09:55:31
745796,NH.2012.REP,Republican nominee to win New Hampshire,1,35.0,Nov/01/2012 14:33:49
745796,NH.2012.REP,Republican nominee to win New Hampshire,1,35.0,Nov/01/2012 16:12:28
745796,NH.2012.REP,Republican nominee to win New Hampshire,2,35.0,Nov/01/2012 16:12:29
745796,NH.2012.REP,Republican nominee to win New Hampshire,36,35.0,Nov/01/2012 16:51:44
745796,NH.2012.REP,Republican nominee to win New Hampshire,40,33.5,Nov/01/2012 16:51:57
745796,NH.2012.REP,Republican nominee to win New Hampshire,2,35.5,Nov/01/2012 17:02:21
745796,NH.2012.REP,Republican nominee to win New Hampshire,1,33.5,Nov/01/2012 17:43:15
745796,NH.2012.REP,Republican nominee to win New Hampshire,5,33.5,Nov/01/2012 17:43:15
745796,NH.2012.REP,Republican nominee to win New Hampshire,1,33.5,Nov/01/2012 17:43:16
745796,NH.2012.REP,Republican nominee to win New Hampshire,2,33.5,Nov/01/2012 17:43:18
745796,NH.2012.REP,Republican nominee to win New Hampshire,2,33.5,Nov/01/2012 17:43:19
745796,NH.2012.REP,Republican nominee to win New Hampshire,2,33.5,Nov/01/2012 17:43:21
745796,NH.2012.REP,Republican nominee to win New Hampshire,2,33.5,Nov/01/2012 17:43:22
745796,NH.2012.REP,Republican nominee to win New Hampshire,2,33.5,Nov/01/2012 17:43:23
745796,NH.2012.REP,Republican nominee to win New Hampshire,2,33.5,Nov/01/2012 17:43:24
745796,NH.2012.REP,Republican nominee to win New Hampshire,1,33.5,Nov/01/2012 17:43:25
745796,NH.2012.REP,Republican nominee to win New Hampshire,1,33.5,Nov/01/2012 17:43:26
745796,NH.2012.REP,Republican nominee to win New Hampshire,1,33.5,Nov/01/2012 17:43:28
745796,NH.2012.REP,Republican nominee to win New Hampshire,1,33.5,Nov/01/2012 17:43:29
745796,NH.2012.REP,Republican nominee to win New Hampshire,1,33.5,Nov/01/2012 17:43:30
745796,NH.2012.REP,Republican nominee to win New Hampshire,1,33.5,Nov/01/2012 17:43:31
745796,NH.2012.REP,Republican nominee to win New Hampshire,1,33.5,Nov/01/2012 17:43:33
745796,NH.2012.REP,Republican nominee to win New Hampshire,1,33.5,Nov/01/2012 17:43:36
745796,NH.2012.REP,Republican nominee to win New Hampshire,1,33.5,Nov/01/2012 17:43:38
745796,NH.2012.REP,Republican nominee to win New Hampshire,1,33.5,Nov/01/2012 17:43:40
745796,NH.2012.REP,Republican nominee to win New Hampshire,1,36.0,Nov/01/2012 18:09:46
745796,NH.2012.REP,Republican nominee to win New Hampshire,20,33.5,Nov/01/2012 18:41:27
745796,NH.2012.REP,Republican nominee to win New Hampshire,3,34.0,Nov/01/2012 19:09:13
745796,NH.2012.REP,Republican nominee to win New Hampshire,15,33.5,Nov/01/2012 20:02:33
745796,NH.2012.REP,Republican nominee to win New Hampshire,5,33.9,Nov/01/2012 21:20:27
745796,NH.2012.REP,Republican nominee to win New Hampshire,6,33.9,Nov/01/2012 22:22:48
745796,NH.2012.REP,Republican nominee to win New Hampshire,1,33.9,Nov/01/2012 22:23:06
745796,NH.2012.REP,Republican nominee to win New Hampshire,5,32.4,Nov/01/2012 23:01:31
745796,NH.2012.REP,Republican nominee to win New Hampshire,1,32.3,Nov/01/2012 23:01:47
745796,NH.2012.REP,Republican nominee to win New Hampshire,5,32.3,Nov/01/2012 23:01:59
745796,NH.2012.REP,Republican nominee to win New Hampshire,1,32.3,Nov/01/2012 23:02:10
745796,NH.2012.REP,Republican nominee to win New Hampshire,5,32.3,Nov/01/2012 23:02:10
745796,NH.2012.REP,Republican nominee to win New Hampshire,8,33.9,Nov/01/2012 23:46:26
745796,NH.2012.REP,Republican nominee to win New Hampshire,1,35.8,Nov/02/2012 00:02:33
745796,NH.2012.REP,Republican nominee to win New Hampshire,5,32.1,Nov/02/2012 00:33:12
745796,NH.2012.REP,Republican nominee to win New Hampshire,5,35.7,Nov/02/2012 02:16:28
745796,NH.2012.REP,Republican nominee to win New Hampshire,1,35.7,Nov/02/2012 02:16:28
745796,NH.2012.REP,Republican nominee to win New Hampshire,4,35.7,Nov/02/2012 02:16:28
745796,NH.2012.REP,Republican nominee to win New Hampshire,1,35.7,Nov/02/2012 02:18:32
745796,NH.2012.REP,Republican nominee to win New Hampshire,1,35.1,Nov/02/2012 02:28:00
745796,NH.2012.REP,Republican nominee to win New Hampshire,4,35.1,Nov/02/2012 02:28:00
745796,NH.2012.REP,Republican nominee to win New Hampshire,1,35.0,Nov/02/2012 02:31:12
745796,NH.2012.REP,Republican nominee to win New Hampshire,5,35.0,Nov/02/2012 02:31:12
745796,NH.2012.REP,Republican nominee to win New Hampshire,1,35.0,Nov/02/2012 02:31:42
745796,NH.2012.REP,Republican nominee to win New Hampshire,1,35.0,Nov/02/2012 02:31:57
745796,NH.2012.REP,Republican nominee to win New Hampshire,2,35.0,Nov/02/2012 02:36:42
745796,NH.2012.REP,Republican nominee to win New Hampshire,1,35.1,Nov/02/2012 02:37:18
745796,NH.2012.REP,Republican nominee to win New Hampshire,2,32.5,Nov/02/2012 03:13:11
745796,NH.2012.REP,Republican nominee to win New Hampshire,1,35.1,Nov/02/2012 03:36:57
745796,NH.2012.REP,Republican nominee to win New Hampshire,1,35.1,Nov/02/2012 03:37:00
745796,NH.2012.REP,Republican nominee to win New Hampshire,1,35.1,Nov/02/2012 03:37:01
745796,NH.2012.REP,Republican nominee to win New Hampshire,1,35.1,Nov/02/2012 03:37:02
745796,NH.2012.REP,Republican nominee to win New Hampshire,1,35.1,Nov/02/2012 03:37:03
745796,NH.2012.REP,Republican nominee to win New Hampshire,1,35.1,Nov/02/2012 11:28:03
745796,NH.2012.REP,Republican nominee to win New Hampshire,4,38.0,Nov/02/2012 12:19:25
745796,NH.2012.REP,Republican nominee to win New Hampshire,1,37.2,Nov/02/2012 12:19:25
745796,NH.2012.REP,Republican nominee to win New Hampshire,31,35.1,Nov/02/2012 12:56:14
745796,NH.2012.REP,Republican nominee to win New Hampshire,1,35.1,Nov/02/2012 12:57:43
745796,NH.2012.REP,Republican nominee to win New Hampshire,1,35.1,Nov/02/2012 12:57:44
745796,NH.2012.REP,Republican nominee to win New Hampshire,1,35.1,Nov/02/2012 13:06:14
745796,NH.2012.REP,Republican nominee to win New Hampshire,1,33.0,Nov/02/2012 13:31:34
745796,NH.2012.REP,Republican nominee to win New Hampshire,5,33.0,Nov/02/2012 13:31:35
745796,NH.2012.REP,Republican nominee to win New Hampshire,1,33.0,Nov/02/2012 13:31:35
745796,NH.2012.REP,Republican nominee to win New Hampshire,1,33.0,Nov/02/2012 13:31:36
745796,NH.2012.REP,Republican nominee to win New Hampshire,1,33.0,Nov/02/2012 13:31:37
745796,NH.2012.REP,Republican nominee to win New Hampshire,1,33.0,Nov/02/2012 13:31:38
745796,NH.2012.REP,Republican nominee to win New Hampshire,1,33.0,Nov/02/2012 13:31:39
745796,NH.2012.REP,Republican nominee to win New Hampshire,1,33.0,Nov/02/2012 13:31:41
745796,NH.2012.REP,Republican nominee to win New Hampshire,1,33.0,Nov/02/2012 13:31:42
745796,NH.2012.REP,Republican nominee to win New Hampshire,1,33.0,Nov/02/2012 13:31:43
745796,NH.2012.REP,Republican nominee to win New Hampshire,1,33.0,Nov/02/2012 13:31:45
745796,NH.2012.REP,Republican nominee to win New Hampshire,1,32.5,Nov/02/2012 13:32:10
745796,NH.2012.REP,Republican nominee to win New Hampshire,20,32.5,Nov/02/2012 13:32:45
745796,NH.2012.REP,Republican nominee to win New Hampshire,66,32.5,Nov/02/2012 13:46:08
745796,NH.2012.REP,Republican nominee to win New Hampshire,5,32.5,Nov/02/2012 13:46:08
745796,NH.2012.REP,Republican nominee to win New Hampshire,2,33.0,Nov/02/2012 13:46:08
745796,NH.2012.REP,Republican nominee to win New Hampshire,10,34.8,Nov/02/2012 14:43:11
745796,NH.2012.REP,Republican nominee to win New Hampshire,5,34.8,Nov/02/2012 14:43:11
745796,NH.2012.REP,Republican nominee to win New Hampshire,1,34.0,Nov/02/2012 14:43:11
745796,NH.2012.REP,Republican nominee to win New Hampshire,5,34.8,Nov/02/2012 15:21:21
745796,NH.2012.REP,Republican nominee to win New Hampshire,1,32.1,Nov/02/2012 15:21:21
745796,NH.2012.REP,Republican nominee to win New Hampshire,52,31.1,Nov/02/2012 16:14:26
745796,NH.2012.REP,Republican nominee to win New Hampshire,5,31.1,Nov/02/2012 16:14:26
745796,NH.2012.REP,Republican nominee to win New Hampshire,5,31.1,Nov/02/2012 16:19:51
745796,NH.2012.REP,Republican nominee to win New Hampshire,51,31.1,Nov/02/2012 16:19:51
745796,NH.2012.REP,Republican nominee to win New Hampshire,29,36.4,Nov/02/2012 16:29:11
745796,NH.2012.REP,Republican nominee to win New Hampshire,1,35.1,Nov/02/2012 16:29:11
745796,NH.2012.REP,Republican nominee to win New Hampshire,10,36.1,Nov/02/2012 16:29:11
745796,NH.2012.REP,Republican nominee to win New Hampshire,5,36.1,Nov/02/2012 16:29:11
745796,NH.2012.REP,Republican nominee to win New Hampshire,15,31.7,Nov/02/2012 17:01:12
745796,NH.2012.REP,Republican nominee to win New Hampshire,5,36.5,Nov/02/2012 17:04:07
745796,NH.2012.REP,Republican nominee to win New Hampshire,1,36.0,Nov/02/2012 17:04:07
745796,NH.2012.REP,Republican nominee to win New Hampshire,1,36.0,Nov/02/2012 17:18:30
745796,NH.2012.REP,Republican nominee to win New Hampshire,1,36.1,Nov/02/2012 17:23:16
745796,NH.2012.REP,Republican nominee to win New Hampshire,1,36.0,Nov/02/2012 17:24:58
745796,NH.2012.REP,Republican nominee to win New Hampshire,5,36.0,Nov/02/2012 17:24:58
745796,NH.2012.REP,Republican nominee to win New Hampshire,13,36.0,Nov/02/2012 17:30:23
745796,NH.2012.REP,Republican nominee to win New Hampshire,2,35.9,Nov/02/2012 17:30:36
745796,NH.2012.REP,Republican nominee to win New Hampshire,1,35.9,Nov/02/2012 17:43:58
745796,NH.2012.REP,Republican nominee to win New Hampshire,5,35.9,Nov/02/2012 18:17:39
745796,NH.2012.REP,Republican nominee to win New Hampshire,1,33.0,Nov/02/2012 19:13:59
745796,NH.2012.REP,Republican nominee to win New Hampshire,15,32.4,Nov/02/2012 19:13:59
745796,NH.2012.REP,Republican nominee to win New Hampshire,2,32.4,Nov/02/2012 19:13:59
745796,NH.2012.REP,Republican nominee to win New Hampshire,16,33.5,Nov/02/2012 19:42:50
745796,NH.2012.REP,Republican nominee to win New Hampshire,1,33.1,Nov/02/2012 19:48:09
745796,NH.2012.REP,Republican nominee to win New Hampshire,1,33.1,Nov/02/2012 19:48:13
745796,NH.2012.REP,Republican nominee to win New Hampshire,4,32.4,Nov/02/2012 19:48:20
745796,NH.2012.REP,Republican nominee to win New Hampshire,1,33.1,Nov/02/2012 19:48:20
745796,NH.2012.REP,Republican nominee to win New Hampshire,5,32.4,Nov/02/2012 19:48:28
745796,NH.2012.REP,Republican nominee to win New Hampshire,1,32.4,Nov/02/2012 19:48:31
745796,NH.2012.REP,Republican nominee to win New Hampshire,1,32.4,Nov/02/2012 19:48:32
745796,NH.2012.REP,Republican nominee to win New Hampshire,1,32.4,Nov/02/2012 19:48:33
745796,NH.2012.REP,Republican nominee to win New Hampshire,1,32.4,Nov/02/2012 19:48:34
745796,NH.2012.REP,Republican nominee to win New Hampshire,1,32.4,Nov/02/2012 19:48:35
745796,NH.2012.REP,Republican nominee to win New Hampshire,1,31.7,Nov/02/2012 21:14:53
745796,NH.2012.REP,Republican nominee to win New Hampshire,5,31.7,Nov/02/2012 21:23:57
745796,NH.2012.REP,Republican nominee to win New Hampshire,1,31.7,Nov/02/2012 21:24:03
745796,NH.2012.REP,Republican nominee to win New Hampshire,1,31.7,Nov/02/2012 21:24:11
745796,NH.2012.REP,Republican nominee to win New Hampshire,5,31.7,Nov/02/2012 21:24:11
745796,NH.2012.REP,Republican nominee to win New Hampshire,1,31.7,Nov/02/2012 21:24:22
745796,NH.2012.REP,Republican nominee to win New Hampshire,5,31.7,Nov/02/2012 21:24:23
745796,NH.2012.REP,Republican nominee to win New Hampshire,1,31.7,Nov/02/2012 21:24:34
745796,NH.2012.REP,Republican nominee to win New Hampshire,3,31.7,Nov/02/2012 21:24:34
745796,NH.2012.REP,Republican nominee to win New Hampshire,41,30.4,Nov/02/2012 22:35:47
745796,NH.2012.REP,Republican nominee to win New Hampshire,5,30.5,Nov/02/2012 22:35:47
745796,NH.2012.REP,Republican nominee to win New Hampshire,1,32.0,Nov/02/2012 23:42:53
745796,NH.2012.REP,Republican nominee to win New Hampshire,1,32.0,Nov/02/2012 23:43:17
745796,NH.2012.REP,Republican nominee to win New Hampshire,5,32.5,Nov/03/2012 01:22:26
745796,NH.2012.REP,Republican nominee to win New Hampshire,3,32.5,Nov/03/2012 13:25:16
745796,NH.2012.REP,Republican nominee to win New Hampshire,6,32.4,Nov/03/2012 13:25:16
745796,NH.2012.REP,Republican nominee to win New Hampshire,10,32.4,Nov/03/2012 13:25:16
745796,NH.2012.REP,Republican nominee to win New Hampshire,5,32.5,Nov/03/2012 13:25:16
745796,NH.2012.REP,Republican nominee to win New Hampshire,10,31.8,Nov/03/2012 20:57:16
745796,NH.2012.REP,Republican nominee to win New Hampshire,20,31.9,Nov/03/2012 20:57:28
745796,NH.2012.REP,Republican nominee to win New Hampshire,1,31.9,Nov/03/2012 20:57:28
745796,NH.2012.REP,Republican nominee to win New Hampshire,5,31.9,Nov/03/2012 20:57:28
745796,NH.2012.REP,Republican nominee to win New Hampshire,1,31.9,Nov/03/2012 20:57:40
745796,NH.2012.REP,Republican nominee to win New Hampshire,1,31.9,Nov/03/2012 20:58:08
745796,NH.2012.REP,Republican nominee to win New Hampshire,1,31.9,Nov/03/2012 20:58:10
745796,NH.2012.REP,Republican nominee to win New Hampshire,1,31.9,Nov/03/2012 20:58:29
745796,NH.2012.REP,Republican nominee to win New Hampshire,1,31.9,Nov/03/2012 21:03:28
745796,NH.2012.REP,Republican nominee to win New Hampshire,1,31.9,Nov/03/2012 21:03:41
745796,NH.2012.REP,Republican nominee to win New Hampshire,1,31.9,Nov/03/2012 21:03:51
745796,NH.2012.REP,Republican nominee to win New Hampshire,1,31.9,Nov/03/2012 21:04:18
745796,NH.2012.REP,Republican nominee to win New Hampshire,1,31.9,Nov/03/2012 21:04:28
745796,NH.2012.REP,Republican nominee to win New Hampshire,1,31.9,Nov/03/2012 21:04:44
745796,NH.2012.REP,Republican nominee to win New Hampshire,1,32.0,Nov/03/2012 21:05:13
745796,NH.2012.REP,Republican nominee to win New Hampshire,1,32.0,Nov/03/2012 21:05:13
745796,NH.2012.REP,Republican nominee to win New Hampshire,1,32.0,Nov/03/2012 21:05:27
745796,NH.2012.REP,Republican nominee to win New Hampshire,1,32.0,Nov/03/2012 21:05:36
745796,NH.2012.REP,Republican nominee to win New Hampshire,1,32.0,Nov/04/2012 00:21:41
745796,NH.2012.REP,Republican nominee to win New Hampshire,1,32.0,Nov/04/2012 00:21:41
745796,NH.2012.REP,Republican nominee to win New Hampshire,1,35.8,Nov/04/2012 01:34:51
745796,NH.2012.REP,Republican nominee to win New Hampshire,19,34.0,Nov/04/2012 01:34:51
745796,NH.2012.REP,Republican nominee to win New Hampshire,11,33.8,Nov/04/2012 01:34:51
745796,NH.2012.REP,Republican nominee to win New Hampshire,1,32.1,Nov/04/2012 01:34:51
745796,NH.2012.REP,Republican nominee to win New Hampshire,5,33.0,Nov/04/2012 01:34:51
745796,NH.2012.REP,Republican nominee to win New Hampshire,1,33.0,Nov/04/2012 02:27:41
745796,NH.2012.REP,Republican nominee to win New Hampshire,17,33.1,Nov/04/2012 02:27:41
745796,NH.2012.REP,Republican nominee to win New Hampshire,36,33.1,Nov/04/2012 02:34:39
745796,NH.2012.REP,Republican nominee to win New Hampshire,1,33.0,Nov/04/2012 02:34:39
745796,NH.2012.REP,Republican nominee to win New Hampshire,1,33.0,Nov/04/2012 02:36:05
745796,NH.2012.REP,Republican nominee to win New Hampshire,1,33.0,Nov/04/2012 02:36:13
745796,NH.2012.REP,Republican nominee to win New Hampshire,11,33.1,Nov/04/2012 02:40:26
745796,NH.2012.REP,Republican nominee to win New Hampshire,5,33.1,Nov/04/2012 02:40:26
745796,NH.2012.REP,Republican nominee to win New Hampshire,1,33.1,Nov/04/2012 02:40:26
745796,NH.2012.REP,Republican nominee to win New Hampshire,1,33.1,Nov/04/2012 02:40:38
745796,NH.2012.REP,Republican nominee to win New Hampshire,5,33.1,Nov/04/2012 02:40:45
745796,NH.2012.REP,Republican nominee to win New Hampshire,1,33.1,Nov/04/2012 02:40:53
745796,NH.2012.REP,Republican nominee to win New Hampshire,5,33.1,Nov/04/2012 02:40:53
745796,NH.2012.REP,Republican nominee to win New Hampshire,1,33.1,Nov/04/2012 02:41:00
745796,NH.2012.REP,Republican nominee to win New Hampshire,1,33.1,Nov/04/2012 02:41:04
745796,NH.2012.REP,Republican nominee to win New Hampshire,1,33.1,Nov/04/2012 02:41:08
745796,NH.2012.REP,Republican nominee to win New Hampshire,5,33.1,Nov/04/2012 02:41:13
745796,NH.2012.REP,Republican nominee to win New Hampshire,1,33.1,Nov/04/2012 02:41:20
745796,NH.2012.REP,Republican nominee to win New Hampshire,4,33.1,Nov/04/2012 02:41:20
745796,NH.2012.REP,Republican nominee to win New Hampshire,1,33.1,Nov/04/2012 02:46:00
745796,NH.2012.REP,Republican nominee to win New Hampshire,5,33.1,Nov/04/2012 02:46:00
745796,NH.2012.REP,Republican nominee to win New Hampshire,1,33.1,Nov/04/2012 03:04:19
745796,NH.2012.REP,Republican nominee to win New Hampshire,4,33.1,Nov/04/2012 03:04:19
745796,NH.2012.REP,Republican nominee to win New Hampshire,1,33.3,Nov/04/2012 05:33:01
745796,NH.2012.REP,Republican nominee to win New Hampshire,5,32.2,Nov/04/2012 06:40:04
745796,NH.2012.REP,Republican nominee to win New Hampshire,2,30.4,Nov/04/2012 06:40:46
745796,NH.2012.REP,Republican nominee to win New Hampshire,5,32.1,Nov/04/2012 08:27:56
745796,NH.2012.REP,Republican nominee to win New Hampshire,6,31.1,Nov/04/2012 09:01:06
745796,NH.2012.REP,Republican nominee to win New Hampshire,5,31.1,Nov/04/2012 09:01:06
745796,NH.2012.REP,Republican nominee to win New Hampshire,1,31.4,Nov/04/2012 10:30:20
