market id,market symbol,market name,trade quantity,trade price,date/time [utc]
297881,BIRDFLU.USA.31MAR06,Bird flu (H5N1) to be confirmed in the USA ON/BEFORE 31st March 2006,1,30.0,Oct/19/2005 19:01:46
297881,BIRDFLU.USA.31MAR06,Bird flu (H5N1) to be confirmed in the USA ON/BEFORE 31st March 2006,5,38.0,Oct/19/2005 20:48:40
297881,BIRDFLU.USA.31MAR06,Bird flu (H5N1) to be confirmed in the USA ON/BEFORE 31st March 2006,5,40.0,Oct/19/2005 20:48:52
297881,BIRDFLU.USA.31MAR06,Bird flu (H5N1) to be confirmed in the USA ON/BEFORE 31st March 2006,5,34.0,Oct/20/2005 22:53:37
297881,BIRDFLU.USA.31MAR06,Bird flu (H5N1) to be confirmed in the USA ON/BEFORE 31st March 2006,2,34.0,Oct/20/2005 22:53:37
297881,BIRDFLU.USA.31MAR06,Bird flu (H5N1) to be confirmed in the USA ON/BEFORE 31st March 2006,1,38.0,Oct/21/2005 08:28:54
297881,BIRDFLU.USA.31MAR06,Bird flu (H5N1) to be confirmed in the USA ON/BEFORE 31st March 2006,1,38.0,Oct/21/2005 11:33:42
297881,BIRDFLU.USA.31MAR06,Bird flu (H5N1) to be confirmed in the USA ON/BEFORE 31st March 2006,1,38.0,Oct/21/2005 11:34:00
297881,BIRDFLU.USA.31MAR06,Bird flu (H5N1) to be confirmed in the USA ON/BEFORE 31st March 2006,1,38.0,Oct/21/2005 18:06:49
297881,BIRDFLU.USA.31MAR06,Bird flu (H5N1) to be confirmed in the USA ON/BEFORE 31st March 2006,1,38.0,Oct/21/2005 19:52:31
297881,BIRDFLU.USA.31MAR06,Bird flu (H5N1) to be confirmed in the USA ON/BEFORE 31st March 2006,2,40.0,Oct/21/2005 22:38:43
297881,BIRDFLU.USA.31MAR06,Bird flu (H5N1) to be confirmed in the USA ON/BEFORE 31st March 2006,3,40.0,Oct/22/2005 00:56:48
297881,BIRDFLU.USA.31MAR06,Bird flu (H5N1) to be confirmed in the USA ON/BEFORE 31st March 2006,6,40.0,Oct/22/2005 01:16:14
297881,BIRDFLU.USA.31MAR06,Bird flu (H5N1) to be confirmed in the USA ON/BEFORE 31st March 2006,15,40.0,Oct/22/2005 02:08:52
297881,BIRDFLU.USA.31MAR06,Bird flu (H5N1) to be confirmed in the USA ON/BEFORE 31st March 2006,4,40.0,Oct/22/2005 02:32:48
297881,BIRDFLU.USA.31MAR06,Bird flu (H5N1) to be confirmed in the USA ON/BEFORE 31st March 2006,5,40.0,Oct/22/2005 02:38:45
297881,BIRDFLU.USA.31MAR06,Bird flu (H5N1) to be confirmed in the USA ON/BEFORE 31st March 2006,60,40.0,Oct/22/2005 02:41:10
297881,BIRDFLU.USA.31MAR06,Bird flu (H5N1) to be confirmed in the USA ON/BEFORE 31st March 2006,4,49.0,Oct/22/2005 16:11:03
297881,BIRDFLU.USA.31MAR06,Bird flu (H5N1) to be confirmed in the USA ON/BEFORE 31st March 2006,1,48.5,Oct/22/2005 16:11:03
297881,BIRDFLU.USA.31MAR06,Bird flu (H5N1) to be confirmed in the USA ON/BEFORE 31st March 2006,50,45.0,Oct/22/2005 18:53:28
297881,BIRDFLU.USA.31MAR06,Bird flu (H5N1) to be confirmed in the USA ON/BEFORE 31st March 2006,3,35.0,Oct/22/2005 18:53:44
297881,BIRDFLU.USA.31MAR06,Bird flu (H5N1) to be confirmed in the USA ON/BEFORE 31st March 2006,1,35.6,Oct/22/2005 18:53:44
297881,BIRDFLU.USA.31MAR06,Bird flu (H5N1) to be confirmed in the USA ON/BEFORE 31st March 2006,5,39.9,Oct/22/2005 18:53:44
297881,BIRDFLU.USA.31MAR06,Bird flu (H5N1) to be confirmed in the USA ON/BEFORE 31st March 2006,1,35.0,Oct/22/2005 18:53:44
297881,BIRDFLU.USA.31MAR06,Bird flu (H5N1) to be confirmed in the USA ON/BEFORE 31st March 2006,6,49.0,Oct/22/2005 18:57:04
297881,BIRDFLU.USA.31MAR06,Bird flu (H5N1) to be confirmed in the USA ON/BEFORE 31st March 2006,1,49.0,Oct/22/2005 18:57:04
297881,BIRDFLU.USA.31MAR06,Bird flu (H5N1) to be confirmed in the USA ON/BEFORE 31st March 2006,1,50.0,Oct/23/2005 22:25:18
297881,BIRDFLU.USA.31MAR06,Bird flu (H5N1) to be confirmed in the USA ON/BEFORE 31st March 2006,2,50.0,Oct/23/2005 22:25:18
297881,BIRDFLU.USA.31MAR06,Bird flu (H5N1) to be confirmed in the USA ON/BEFORE 31st March 2006,2,50.0,Oct/24/2005 11:35:45
297881,BIRDFLU.USA.31MAR06,Bird flu (H5N1) to be confirmed in the USA ON/BEFORE 31st March 2006,6,50.0,Oct/24/2005 11:56:40
297881,BIRDFLU.USA.31MAR06,Bird flu (H5N1) to be confirmed in the USA ON/BEFORE 31st March 2006,89,55.0,Oct/24/2005 15:06:28
297881,BIRDFLU.USA.31MAR06,Bird flu (H5N1) to be confirmed in the USA ON/BEFORE 31st March 2006,10,54.0,Oct/24/2005 15:06:28
297881,BIRDFLU.USA.31MAR06,Bird flu (H5N1) to be confirmed in the USA ON/BEFORE 31st March 2006,1,53.9,Oct/24/2005 15:06:28
297881,BIRDFLU.USA.31MAR06,Bird flu (H5N1) to be confirmed in the USA ON/BEFORE 31st March 2006,9,54.0,Oct/24/2005 23:58:19
297881,BIRDFLU.USA.31MAR06,Bird flu (H5N1) to be confirmed in the USA ON/BEFORE 31st March 2006,2,53.9,Oct/24/2005 23:58:19
297881,BIRDFLU.USA.31MAR06,Bird flu (H5N1) to be confirmed in the USA ON/BEFORE 31st March 2006,1,54.0,Oct/25/2005 01:06:55
297881,BIRDFLU.USA.31MAR06,Bird flu (H5N1) to be confirmed in the USA ON/BEFORE 31st March 2006,1,54.0,Oct/25/2005 01:06:55
297881,BIRDFLU.USA.31MAR06,Bird flu (H5N1) to be confirmed in the USA ON/BEFORE 31st March 2006,15,60.0,Oct/25/2005 14:44:11
297881,BIRDFLU.USA.31MAR06,Bird flu (H5N1) to be confirmed in the USA ON/BEFORE 31st March 2006,1,58.0,Oct/25/2005 15:37:29
297881,BIRDFLU.USA.31MAR06,Bird flu (H5N1) to be confirmed in the USA ON/BEFORE 31st March 2006,50,48.0,Oct/25/2005 17:25:58
297881,BIRDFLU.USA.31MAR06,Bird flu (H5N1) to be confirmed in the USA ON/BEFORE 31st March 2006,5,50.0,Oct/25/2005 17:25:58
297881,BIRDFLU.USA.31MAR06,Bird flu (H5N1) to be confirmed in the USA ON/BEFORE 31st March 2006,1,55.5,Oct/26/2005 01:28:19
297881,BIRDFLU.USA.31MAR06,Bird flu (H5N1) to be confirmed in the USA ON/BEFORE 31st March 2006,1,55.5,Oct/26/2005 01:28:19
297881,BIRDFLU.USA.31MAR06,Bird flu (H5N1) to be confirmed in the USA ON/BEFORE 31st March 2006,5,55.0,Oct/26/2005 01:28:42
297881,BIRDFLU.USA.31MAR06,Bird flu (H5N1) to be confirmed in the USA ON/BEFORE 31st March 2006,8,56.0,Oct/26/2005 01:50:32
297881,BIRDFLU.USA.31MAR06,Bird flu (H5N1) to be confirmed in the USA ON/BEFORE 31st March 2006,3,56.0,Oct/26/2005 03:08:54
297881,BIRDFLU.USA.31MAR06,Bird flu (H5N1) to be confirmed in the USA ON/BEFORE 31st March 2006,9,59.0,Oct/26/2005 14:06:15
297881,BIRDFLU.USA.31MAR06,Bird flu (H5N1) to be confirmed in the USA ON/BEFORE 31st March 2006,2,58.9,Oct/26/2005 14:06:15
297881,BIRDFLU.USA.31MAR06,Bird flu (H5N1) to be confirmed in the USA ON/BEFORE 31st March 2006,5,58.0,Oct/26/2005 14:06:15
297881,BIRDFLU.USA.31MAR06,Bird flu (H5N1) to be confirmed in the USA ON/BEFORE 31st March 2006,1,58.0,Oct/26/2005 14:06:15
297881,BIRDFLU.USA.31MAR06,Bird flu (H5N1) to be confirmed in the USA ON/BEFORE 31st March 2006,5,50.0,Oct/26/2005 15:01:10
297881,BIRDFLU.USA.31MAR06,Bird flu (H5N1) to be confirmed in the USA ON/BEFORE 31st March 2006,1,50.0,Oct/26/2005 16:29:37
297881,BIRDFLU.USA.31MAR06,Bird flu (H5N1) to be confirmed in the USA ON/BEFORE 31st March 2006,2,54.0,Oct/27/2005 00:12:24
297881,BIRDFLU.USA.31MAR06,Bird flu (H5N1) to be confirmed in the USA ON/BEFORE 31st March 2006,1,59.0,Oct/27/2005 01:27:12
297881,BIRDFLU.USA.31MAR06,Bird flu (H5N1) to be confirmed in the USA ON/BEFORE 31st March 2006,85,60.0,Oct/27/2005 16:19:20
297881,BIRDFLU.USA.31MAR06,Bird flu (H5N1) to be confirmed in the USA ON/BEFORE 31st March 2006,14,50.0,Oct/27/2005 18:46:17
297881,BIRDFLU.USA.31MAR06,Bird flu (H5N1) to be confirmed in the USA ON/BEFORE 31st March 2006,5,51.0,Oct/27/2005 18:46:17
297881,BIRDFLU.USA.31MAR06,Bird flu (H5N1) to be confirmed in the USA ON/BEFORE 31st March 2006,1,51.1,Oct/27/2005 18:46:17
297881,BIRDFLU.USA.31MAR06,Bird flu (H5N1) to be confirmed in the USA ON/BEFORE 31st March 2006,1,60.0,Oct/28/2005 03:07:12
297881,BIRDFLU.USA.31MAR06,Bird flu (H5N1) to be confirmed in the USA ON/BEFORE 31st March 2006,1,50.1,Oct/28/2005 12:43:22
297881,BIRDFLU.USA.31MAR06,Bird flu (H5N1) to be confirmed in the USA ON/BEFORE 31st March 2006,3,55.0,Oct/29/2005 00:05:41
297881,BIRDFLU.USA.31MAR06,Bird flu (H5N1) to be confirmed in the USA ON/BEFORE 31st March 2006,1,50.0,Oct/29/2005 20:35:55
297881,BIRDFLU.USA.31MAR06,Bird flu (H5N1) to be confirmed in the USA ON/BEFORE 31st March 2006,14,50.0,Oct/29/2005 20:35:55
297881,BIRDFLU.USA.31MAR06,Bird flu (H5N1) to be confirmed in the USA ON/BEFORE 31st March 2006,5,50.1,Oct/29/2005 20:35:55
297881,BIRDFLU.USA.31MAR06,Bird flu (H5N1) to be confirmed in the USA ON/BEFORE 31st March 2006,1,50.5,Oct/30/2005 15:41:05
297881,BIRDFLU.USA.31MAR06,Bird flu (H5N1) to be confirmed in the USA ON/BEFORE 31st March 2006,1,50.1,Oct/30/2005 15:41:05
297881,BIRDFLU.USA.31MAR06,Bird flu (H5N1) to be confirmed in the USA ON/BEFORE 31st March 2006,1,50.2,Oct/30/2005 15:41:05
297881,BIRDFLU.USA.31MAR06,Bird flu (H5N1) to be confirmed in the USA ON/BEFORE 31st March 2006,1,50.3,Oct/30/2005 15:41:05
297881,BIRDFLU.USA.31MAR06,Bird flu (H5N1) to be confirmed in the USA ON/BEFORE 31st March 2006,1,50.4,Oct/30/2005 15:41:05
297881,BIRDFLU.USA.31MAR06,Bird flu (H5N1) to be confirmed in the USA ON/BEFORE 31st March 2006,5,50.4,Oct/30/2005 15:41:05
297881,BIRDFLU.USA.31MAR06,Bird flu (H5N1) to be confirmed in the USA ON/BEFORE 31st March 2006,2,52.0,Oct/31/2005 17:48:17
297881,BIRDFLU.USA.31MAR06,Bird flu (H5N1) to be confirmed in the USA ON/BEFORE 31st March 2006,4,59.3,Oct/31/2005 18:01:06
297881,BIRDFLU.USA.31MAR06,Bird flu (H5N1) to be confirmed in the USA ON/BEFORE 31st March 2006,5,58.0,Oct/31/2005 18:01:06
297881,BIRDFLU.USA.31MAR06,Bird flu (H5N1) to be confirmed in the USA ON/BEFORE 31st March 2006,1,57.9,Oct/31/2005 18:01:06
297881,BIRDFLU.USA.31MAR06,Bird flu (H5N1) to be confirmed in the USA ON/BEFORE 31st March 2006,1,59.2,Oct/31/2005 18:19:14
297881,BIRDFLU.USA.31MAR06,Bird flu (H5N1) to be confirmed in the USA ON/BEFORE 31st March 2006,2,57.0,Oct/31/2005 18:20:04
297881,BIRDFLU.USA.31MAR06,Bird flu (H5N1) to be confirmed in the USA ON/BEFORE 31st March 2006,2,56.5,Oct/31/2005 21:14:29
297881,BIRDFLU.USA.31MAR06,Bird flu (H5N1) to be confirmed in the USA ON/BEFORE 31st March 2006,1,56.6,Oct/31/2005 21:14:29
297881,BIRDFLU.USA.31MAR06,Bird flu (H5N1) to be confirmed in the USA ON/BEFORE 31st March 2006,1,52.9,Oct/31/2005 21:14:29
297881,BIRDFLU.USA.31MAR06,Bird flu (H5N1) to be confirmed in the USA ON/BEFORE 31st March 2006,73,50.0,Oct/31/2005 21:14:29
297881,BIRDFLU.USA.31MAR06,Bird flu (H5N1) to be confirmed in the USA ON/BEFORE 31st March 2006,2,50.1,Oct/31/2005 21:14:29
297881,BIRDFLU.USA.31MAR06,Bird flu (H5N1) to be confirmed in the USA ON/BEFORE 31st March 2006,1,50.4,Oct/31/2005 21:14:29
297881,BIRDFLU.USA.31MAR06,Bird flu (H5N1) to be confirmed in the USA ON/BEFORE 31st March 2006,13,50.0,Oct/31/2005 21:14:47
297881,BIRDFLU.USA.31MAR06,Bird flu (H5N1) to be confirmed in the USA ON/BEFORE 31st March 2006,2,58.8,Nov/01/2005 00:16:05
297881,BIRDFLU.USA.31MAR06,Bird flu (H5N1) to be confirmed in the USA ON/BEFORE 31st March 2006,47,57.0,Nov/01/2005 00:16:05
297881,BIRDFLU.USA.31MAR06,Bird flu (H5N1) to be confirmed in the USA ON/BEFORE 31st March 2006,1,56.9,Nov/01/2005 00:16:05
297881,BIRDFLU.USA.31MAR06,Bird flu (H5N1) to be confirmed in the USA ON/BEFORE 31st March 2006,1,58.7,Nov/01/2005 00:23:57
297881,BIRDFLU.USA.31MAR06,Bird flu (H5N1) to be confirmed in the USA ON/BEFORE 31st March 2006,3,58.8,Nov/01/2005 01:27:42
297881,BIRDFLU.USA.31MAR06,Bird flu (H5N1) to be confirmed in the USA ON/BEFORE 31st March 2006,5,58.9,Nov/01/2005 01:39:47
297881,BIRDFLU.USA.31MAR06,Bird flu (H5N1) to be confirmed in the USA ON/BEFORE 31st March 2006,4,58.9,Nov/01/2005 01:40:45
297881,BIRDFLU.USA.31MAR06,Bird flu (H5N1) to be confirmed in the USA ON/BEFORE 31st March 2006,5,57.5,Nov/01/2005 01:50:38
297881,BIRDFLU.USA.31MAR06,Bird flu (H5N1) to be confirmed in the USA ON/BEFORE 31st March 2006,5,59.3,Nov/01/2005 02:05:17
297881,BIRDFLU.USA.31MAR06,Bird flu (H5N1) to be confirmed in the USA ON/BEFORE 31st March 2006,1,58.9,Nov/01/2005 02:05:17
297881,BIRDFLU.USA.31MAR06,Bird flu (H5N1) to be confirmed in the USA ON/BEFORE 31st March 2006,21,60.0,Nov/01/2005 02:05:17
297881,BIRDFLU.USA.31MAR06,Bird flu (H5N1) to be confirmed in the USA ON/BEFORE 31st March 2006,5,59.9,Nov/01/2005 02:05:17
297881,BIRDFLU.USA.31MAR06,Bird flu (H5N1) to be confirmed in the USA ON/BEFORE 31st March 2006,1,58.9,Nov/01/2005 02:05:17
297881,BIRDFLU.USA.31MAR06,Bird flu (H5N1) to be confirmed in the USA ON/BEFORE 31st March 2006,20,60.0,Nov/01/2005 02:38:32
297881,BIRDFLU.USA.31MAR06,Bird flu (H5N1) to be confirmed in the USA ON/BEFORE 31st March 2006,40,60.0,Nov/01/2005 05:27:42
297881,BIRDFLU.USA.31MAR06,Bird flu (H5N1) to be confirmed in the USA ON/BEFORE 31st March 2006,10,60.0,Nov/01/2005 05:30:15
297881,BIRDFLU.USA.31MAR06,Bird flu (H5N1) to be confirmed in the USA ON/BEFORE 31st March 2006,9,60.0,Nov/01/2005 05:32:52
297881,BIRDFLU.USA.31MAR06,Bird flu (H5N1) to be confirmed in the USA ON/BEFORE 31st March 2006,1,55.1,Nov/01/2005 17:29:10
297881,BIRDFLU.USA.31MAR06,Bird flu (H5N1) to be confirmed in the USA ON/BEFORE 31st March 2006,1,63.5,Nov/02/2005 06:56:55
297881,BIRDFLU.USA.31MAR06,Bird flu (H5N1) to be confirmed in the USA ON/BEFORE 31st March 2006,8,63.5,Nov/03/2005 00:33:29
297881,BIRDFLU.USA.31MAR06,Bird flu (H5N1) to be confirmed in the USA ON/BEFORE 31st March 2006,1,56.7,Nov/03/2005 02:46:03
297881,BIRDFLU.USA.31MAR06,Bird flu (H5N1) to be confirmed in the USA ON/BEFORE 31st March 2006,1,56.7,Nov/03/2005 02:46:03
297881,BIRDFLU.USA.31MAR06,Bird flu (H5N1) to be confirmed in the USA ON/BEFORE 31st March 2006,6,56.7,Nov/03/2005 13:32:41
297881,BIRDFLU.USA.31MAR06,Bird flu (H5N1) to be confirmed in the USA ON/BEFORE 31st March 2006,1,56.1,Nov/03/2005 17:27:45
297881,BIRDFLU.USA.31MAR06,Bird flu (H5N1) to be confirmed in the USA ON/BEFORE 31st March 2006,4,56.0,Nov/03/2005 17:28:42
297881,BIRDFLU.USA.31MAR06,Bird flu (H5N1) to be confirmed in the USA ON/BEFORE 31st March 2006,10,56.7,Nov/03/2005 22:25:43
297881,BIRDFLU.USA.31MAR06,Bird flu (H5N1) to be confirmed in the USA ON/BEFORE 31st March 2006,1,54.1,Nov/04/2005 13:44:36
297881,BIRDFLU.USA.31MAR06,Bird flu (H5N1) to be confirmed in the USA ON/BEFORE 31st March 2006,1,55.0,Nov/04/2005 17:52:21
297881,BIRDFLU.USA.31MAR06,Bird flu (H5N1) to be confirmed in the USA ON/BEFORE 31st March 2006,1,55.0,Nov/04/2005 17:52:21
297881,BIRDFLU.USA.31MAR06,Bird flu (H5N1) to be confirmed in the USA ON/BEFORE 31st March 2006,1,54.8,Nov/04/2005 22:49:30
297881,BIRDFLU.USA.31MAR06,Bird flu (H5N1) to be confirmed in the USA ON/BEFORE 31st March 2006,4,55.0,Nov/05/2005 01:05:00
297881,BIRDFLU.USA.31MAR06,Bird flu (H5N1) to be confirmed in the USA ON/BEFORE 31st March 2006,2,54.9,Nov/05/2005 01:05:00
297881,BIRDFLU.USA.31MAR06,Bird flu (H5N1) to be confirmed in the USA ON/BEFORE 31st March 2006,6,55.0,Nov/05/2005 01:56:18
297881,BIRDFLU.USA.31MAR06,Bird flu (H5N1) to be confirmed in the USA ON/BEFORE 31st March 2006,1,54.0,Nov/05/2005 02:23:28
297881,BIRDFLU.USA.31MAR06,Bird flu (H5N1) to be confirmed in the USA ON/BEFORE 31st March 2006,1,54.2,Nov/05/2005 02:23:28
297881,BIRDFLU.USA.31MAR06,Bird flu (H5N1) to be confirmed in the USA ON/BEFORE 31st March 2006,1,54.4,Nov/05/2005 02:23:28
297881,BIRDFLU.USA.31MAR06,Bird flu (H5N1) to be confirmed in the USA ON/BEFORE 31st March 2006,1,54.6,Nov/05/2005 02:23:28
297881,BIRDFLU.USA.31MAR06,Bird flu (H5N1) to be confirmed in the USA ON/BEFORE 31st March 2006,1,54.0,Nov/05/2005 04:53:07
297881,BIRDFLU.USA.31MAR06,Bird flu (H5N1) to be confirmed in the USA ON/BEFORE 31st March 2006,1,55.0,Nov/05/2005 16:46:56
297881,BIRDFLU.USA.31MAR06,Bird flu (H5N1) to be confirmed in the USA ON/BEFORE 31st March 2006,1,53.8,Nov/06/2005 19:02:48
297881,BIRDFLU.USA.31MAR06,Bird flu (H5N1) to be confirmed in the USA ON/BEFORE 31st March 2006,1,53.6,Nov/06/2005 19:57:11
297881,BIRDFLU.USA.31MAR06,Bird flu (H5N1) to be confirmed in the USA ON/BEFORE 31st March 2006,1,53.4,Nov/06/2005 21:22:57
297881,BIRDFLU.USA.31MAR06,Bird flu (H5N1) to be confirmed in the USA ON/BEFORE 31st March 2006,1,53.2,Nov/06/2005 22:47:28
297881,BIRDFLU.USA.31MAR06,Bird flu (H5N1) to be confirmed in the USA ON/BEFORE 31st March 2006,1,53.0,Nov/06/2005 22:58:12
297881,BIRDFLU.USA.31MAR06,Bird flu (H5N1) to be confirmed in the USA ON/BEFORE 31st March 2006,1,53.0,Nov/06/2005 22:58:12
297881,BIRDFLU.USA.31MAR06,Bird flu (H5N1) to be confirmed in the USA ON/BEFORE 31st March 2006,5,52.9,Nov/07/2005 01:19:24
297881,BIRDFLU.USA.31MAR06,Bird flu (H5N1) to be confirmed in the USA ON/BEFORE 31st March 2006,1,53.0,Nov/07/2005 01:47:20
297881,BIRDFLU.USA.31MAR06,Bird flu (H5N1) to be confirmed in the USA ON/BEFORE 31st March 2006,1,53.0,Nov/07/2005 01:47:20
297881,BIRDFLU.USA.31MAR06,Bird flu (H5N1) to be confirmed in the USA ON/BEFORE 31st March 2006,5,53.0,Nov/07/2005 03:16:51
297881,BIRDFLU.USA.31MAR06,Bird flu (H5N1) to be confirmed in the USA ON/BEFORE 31st March 2006,5,53.5,Nov/07/2005 03:43:03
297881,BIRDFLU.USA.31MAR06,Bird flu (H5N1) to be confirmed in the USA ON/BEFORE 31st March 2006,1,51.2,Nov/07/2005 13:52:37
297881,BIRDFLU.USA.31MAR06,Bird flu (H5N1) to be confirmed in the USA ON/BEFORE 31st March 2006,1,52.2,Nov/07/2005 13:52:37
297881,BIRDFLU.USA.31MAR06,Bird flu (H5N1) to be confirmed in the USA ON/BEFORE 31st March 2006,1,52.4,Nov/07/2005 13:52:37
297881,BIRDFLU.USA.31MAR06,Bird flu (H5N1) to be confirmed in the USA ON/BEFORE 31st March 2006,1,52.6,Nov/07/2005 13:52:37
297881,BIRDFLU.USA.31MAR06,Bird flu (H5N1) to be confirmed in the USA ON/BEFORE 31st March 2006,1,52.8,Nov/07/2005 13:52:37
297881,BIRDFLU.USA.31MAR06,Bird flu (H5N1) to be confirmed in the USA ON/BEFORE 31st March 2006,1,50.6,Nov/07/2005 13:53:11
297881,BIRDFLU.USA.31MAR06,Bird flu (H5N1) to be confirmed in the USA ON/BEFORE 31st March 2006,1,50.7,Nov/07/2005 13:53:11
297881,BIRDFLU.USA.31MAR06,Bird flu (H5N1) to be confirmed in the USA ON/BEFORE 31st March 2006,1,50.8,Nov/07/2005 13:53:11
297881,BIRDFLU.USA.31MAR06,Bird flu (H5N1) to be confirmed in the USA ON/BEFORE 31st March 2006,1,50.9,Nov/07/2005 13:53:11
297881,BIRDFLU.USA.31MAR06,Bird flu (H5N1) to be confirmed in the USA ON/BEFORE 31st March 2006,1,51.0,Nov/07/2005 13:53:11
297881,BIRDFLU.USA.31MAR06,Bird flu (H5N1) to be confirmed in the USA ON/BEFORE 31st March 2006,1,50.1,Nov/07/2005 13:53:43
297881,BIRDFLU.USA.31MAR06,Bird flu (H5N1) to be confirmed in the USA ON/BEFORE 31st March 2006,1,50.2,Nov/07/2005 13:53:43
297881,BIRDFLU.USA.31MAR06,Bird flu (H5N1) to be confirmed in the USA ON/BEFORE 31st March 2006,1,50.3,Nov/07/2005 13:53:43
297881,BIRDFLU.USA.31MAR06,Bird flu (H5N1) to be confirmed in the USA ON/BEFORE 31st March 2006,1,50.4,Nov/07/2005 13:53:43
297881,BIRDFLU.USA.31MAR06,Bird flu (H5N1) to be confirmed in the USA ON/BEFORE 31st March 2006,1,50.5,Nov/07/2005 13:53:43
297881,BIRDFLU.USA.31MAR06,Bird flu (H5N1) to be confirmed in the USA ON/BEFORE 31st March 2006,1,50.1,Nov/07/2005 16:49:54
297881,BIRDFLU.USA.31MAR06,Bird flu (H5N1) to be confirmed in the USA ON/BEFORE 31st March 2006,1,50.0,Nov/07/2005 16:50:31
297881,BIRDFLU.USA.31MAR06,Bird flu (H5N1) to be confirmed in the USA ON/BEFORE 31st March 2006,14,50.0,Nov/07/2005 17:45:53
297881,BIRDFLU.USA.31MAR06,Bird flu (H5N1) to be confirmed in the USA ON/BEFORE 31st March 2006,1,50.1,Nov/07/2005 17:45:53
297881,BIRDFLU.USA.31MAR06,Bird flu (H5N1) to be confirmed in the USA ON/BEFORE 31st March 2006,10,50.0,Nov/07/2005 17:47:23
297881,BIRDFLU.USA.31MAR06,Bird flu (H5N1) to be confirmed in the USA ON/BEFORE 31st March 2006,1,51.0,Nov/07/2005 19:25:03
297881,BIRDFLU.USA.31MAR06,Bird flu (H5N1) to be confirmed in the USA ON/BEFORE 31st March 2006,5,51.0,Nov/07/2005 20:11:23
297881,BIRDFLU.USA.31MAR06,Bird flu (H5N1) to be confirmed in the USA ON/BEFORE 31st March 2006,1,50.3,Nov/07/2005 23:59:56
297881,BIRDFLU.USA.31MAR06,Bird flu (H5N1) to be confirmed in the USA ON/BEFORE 31st March 2006,5,50.3,Nov/07/2005 23:59:56
297881,BIRDFLU.USA.31MAR06,Bird flu (H5N1) to be confirmed in the USA ON/BEFORE 31st March 2006,1,50.9,Nov/08/2005 01:13:07
297881,BIRDFLU.USA.31MAR06,Bird flu (H5N1) to be confirmed in the USA ON/BEFORE 31st March 2006,1,50.8,Nov/08/2005 01:35:02
297881,BIRDFLU.USA.31MAR06,Bird flu (H5N1) to be confirmed in the USA ON/BEFORE 31st March 2006,2,50.0,Nov/08/2005 01:56:25
297881,BIRDFLU.USA.31MAR06,Bird flu (H5N1) to be confirmed in the USA ON/BEFORE 31st March 2006,1,50.1,Nov/08/2005 01:56:25
297881,BIRDFLU.USA.31MAR06,Bird flu (H5N1) to be confirmed in the USA ON/BEFORE 31st March 2006,1,50.3,Nov/08/2005 01:56:25
297881,BIRDFLU.USA.31MAR06,Bird flu (H5N1) to be confirmed in the USA ON/BEFORE 31st March 2006,40,50.0,Nov/08/2005 02:54:53
297881,BIRDFLU.USA.31MAR06,Bird flu (H5N1) to be confirmed in the USA ON/BEFORE 31st March 2006,3,50.0,Nov/08/2005 02:57:18
297881,BIRDFLU.USA.31MAR06,Bird flu (H5N1) to be confirmed in the USA ON/BEFORE 31st March 2006,30,50.0,Nov/08/2005 04:30:56
297881,BIRDFLU.USA.31MAR06,Bird flu (H5N1) to be confirmed in the USA ON/BEFORE 31st March 2006,1,47.8,Nov/08/2005 16:09:26
297881,BIRDFLU.USA.31MAR06,Bird flu (H5N1) to be confirmed in the USA ON/BEFORE 31st March 2006,1,47.4,Nov/08/2005 16:09:26
297881,BIRDFLU.USA.31MAR06,Bird flu (H5N1) to be confirmed in the USA ON/BEFORE 31st March 2006,1,47.5,Nov/08/2005 16:09:26
297881,BIRDFLU.USA.31MAR06,Bird flu (H5N1) to be confirmed in the USA ON/BEFORE 31st March 2006,1,47.6,Nov/08/2005 16:09:26
297881,BIRDFLU.USA.31MAR06,Bird flu (H5N1) to be confirmed in the USA ON/BEFORE 31st March 2006,1,47.7,Nov/08/2005 16:09:26
297881,BIRDFLU.USA.31MAR06,Bird flu (H5N1) to be confirmed in the USA ON/BEFORE 31st March 2006,1,47.2,Nov/08/2005 16:10:07
297881,BIRDFLU.USA.31MAR06,Bird flu (H5N1) to be confirmed in the USA ON/BEFORE 31st March 2006,1,47.3,Nov/08/2005 16:10:07
297881,BIRDFLU.USA.31MAR06,Bird flu (H5N1) to be confirmed in the USA ON/BEFORE 31st March 2006,9,50.0,Nov/09/2005 01:17:53
297881,BIRDFLU.USA.31MAR06,Bird flu (H5N1) to be confirmed in the USA ON/BEFORE 31st March 2006,1,49.9,Nov/09/2005 01:17:53
297881,BIRDFLU.USA.31MAR06,Bird flu (H5N1) to be confirmed in the USA ON/BEFORE 31st March 2006,1,50.0,Nov/09/2005 01:36:14
297881,BIRDFLU.USA.31MAR06,Bird flu (H5N1) to be confirmed in the USA ON/BEFORE 31st March 2006,1,50.1,Nov/09/2005 05:27:02
297881,BIRDFLU.USA.31MAR06,Bird flu (H5N1) to be confirmed in the USA ON/BEFORE 31st March 2006,1,49.6,Nov/09/2005 06:38:26
297881,BIRDFLU.USA.31MAR06,Bird flu (H5N1) to be confirmed in the USA ON/BEFORE 31st March 2006,8,50.1,Nov/09/2005 10:49:27
297881,BIRDFLU.USA.31MAR06,Bird flu (H5N1) to be confirmed in the USA ON/BEFORE 31st March 2006,1,50.3,Nov/09/2005 16:14:02
297881,BIRDFLU.USA.31MAR06,Bird flu (H5N1) to be confirmed in the USA ON/BEFORE 31st March 2006,2,49.5,Nov/09/2005 16:34:23
297881,BIRDFLU.USA.31MAR06,Bird flu (H5N1) to be confirmed in the USA ON/BEFORE 31st March 2006,1,49.7,Nov/09/2005 16:34:23
297881,BIRDFLU.USA.31MAR06,Bird flu (H5N1) to be confirmed in the USA ON/BEFORE 31st March 2006,1,49.9,Nov/09/2005 16:34:23
297881,BIRDFLU.USA.31MAR06,Bird flu (H5N1) to be confirmed in the USA ON/BEFORE 31st March 2006,1,50.1,Nov/09/2005 16:34:23
297881,BIRDFLU.USA.31MAR06,Bird flu (H5N1) to be confirmed in the USA ON/BEFORE 31st March 2006,1,50.2,Nov/09/2005 16:34:23
297881,BIRDFLU.USA.31MAR06,Bird flu (H5N1) to be confirmed in the USA ON/BEFORE 31st March 2006,1,49.9,Nov/10/2005 03:12:32
297881,BIRDFLU.USA.31MAR06,Bird flu (H5N1) to be confirmed in the USA ON/BEFORE 31st March 2006,8,49.5,Nov/10/2005 03:12:32
297881,BIRDFLU.USA.31MAR06,Bird flu (H5N1) to be confirmed in the USA ON/BEFORE 31st March 2006,1,49.6,Nov/10/2005 03:12:32
297881,BIRDFLU.USA.31MAR06,Bird flu (H5N1) to be confirmed in the USA ON/BEFORE 31st March 2006,10,49.8,Nov/10/2005 03:12:32
297881,BIRDFLU.USA.31MAR06,Bird flu (H5N1) to be confirmed in the USA ON/BEFORE 31st March 2006,1,47.7,Nov/10/2005 03:18:03
297881,BIRDFLU.USA.31MAR06,Bird flu (H5N1) to be confirmed in the USA ON/BEFORE 31st March 2006,1,47.8,Nov/10/2005 03:18:03
297881,BIRDFLU.USA.31MAR06,Bird flu (H5N1) to be confirmed in the USA ON/BEFORE 31st March 2006,1,47.9,Nov/10/2005 03:18:03
297881,BIRDFLU.USA.31MAR06,Bird flu (H5N1) to be confirmed in the USA ON/BEFORE 31st March 2006,1,48.1,Nov/10/2005 03:18:03
297881,BIRDFLU.USA.31MAR06,Bird flu (H5N1) to be confirmed in the USA ON/BEFORE 31st March 2006,1,48.2,Nov/10/2005 03:18:03
297881,BIRDFLU.USA.31MAR06,Bird flu (H5N1) to be confirmed in the USA ON/BEFORE 31st March 2006,1,47.0,Nov/10/2005 03:18:55
297881,BIRDFLU.USA.31MAR06,Bird flu (H5N1) to be confirmed in the USA ON/BEFORE 31st March 2006,5,47.1,Nov/10/2005 03:18:55
297881,BIRDFLU.USA.31MAR06,Bird flu (H5N1) to be confirmed in the USA ON/BEFORE 31st March 2006,1,47.6,Nov/10/2005 03:18:55
297881,BIRDFLU.USA.31MAR06,Bird flu (H5N1) to be confirmed in the USA ON/BEFORE 31st March 2006,1,46.6,Nov/10/2005 17:59:18
297881,BIRDFLU.USA.31MAR06,Bird flu (H5N1) to be confirmed in the USA ON/BEFORE 31st March 2006,10,46.5,Nov/10/2005 17:59:30
297881,BIRDFLU.USA.31MAR06,Bird flu (H5N1) to be confirmed in the USA ON/BEFORE 31st March 2006,1,46.6,Nov/10/2005 19:28:16
297881,BIRDFLU.USA.31MAR06,Bird flu (H5N1) to be confirmed in the USA ON/BEFORE 31st March 2006,1,46.6,Nov/11/2005 05:09:39
297881,BIRDFLU.USA.31MAR06,Bird flu (H5N1) to be confirmed in the USA ON/BEFORE 31st March 2006,1,45.5,Nov/11/2005 05:09:39
297881,BIRDFLU.USA.31MAR06,Bird flu (H5N1) to be confirmed in the USA ON/BEFORE 31st March 2006,1,46.0,Nov/11/2005 05:09:39
297881,BIRDFLU.USA.31MAR06,Bird flu (H5N1) to be confirmed in the USA ON/BEFORE 31st March 2006,1,46.0,Nov/11/2005 05:09:39
297881,BIRDFLU.USA.31MAR06,Bird flu (H5N1) to be confirmed in the USA ON/BEFORE 31st March 2006,2,46.5,Nov/11/2005 05:09:39
297881,BIRDFLU.USA.31MAR06,Bird flu (H5N1) to be confirmed in the USA ON/BEFORE 31st March 2006,1,45.4,Nov/11/2005 06:00:36
297881,BIRDFLU.USA.31MAR06,Bird flu (H5N1) to be confirmed in the USA ON/BEFORE 31st March 2006,1,45.3,Nov/11/2005 06:00:50
297881,BIRDFLU.USA.31MAR06,Bird flu (H5N1) to be confirmed in the USA ON/BEFORE 31st March 2006,1,45.2,Nov/11/2005 11:40:01
297881,BIRDFLU.USA.31MAR06,Bird flu (H5N1) to be confirmed in the USA ON/BEFORE 31st March 2006,1,45.4,Nov/11/2005 11:40:01
297881,BIRDFLU.USA.31MAR06,Bird flu (H5N1) to be confirmed in the USA ON/BEFORE 31st March 2006,1,45.5,Nov/11/2005 11:40:01
297881,BIRDFLU.USA.31MAR06,Bird flu (H5N1) to be confirmed in the USA ON/BEFORE 31st March 2006,1,45.6,Nov/11/2005 11:40:01
297881,BIRDFLU.USA.31MAR06,Bird flu (H5N1) to be confirmed in the USA ON/BEFORE 31st March 2006,1,45.7,Nov/11/2005 11:40:01
297881,BIRDFLU.USA.31MAR06,Bird flu (H5N1) to be confirmed in the USA ON/BEFORE 31st March 2006,1,43.3,Nov/11/2005 16:57:52
297881,BIRDFLU.USA.31MAR06,Bird flu (H5N1) to be confirmed in the USA ON/BEFORE 31st March 2006,1,43.4,Nov/11/2005 16:57:52
297881,BIRDFLU.USA.31MAR06,Bird flu (H5N1) to be confirmed in the USA ON/BEFORE 31st March 2006,1,43.0,Nov/11/2005 16:57:52
297881,BIRDFLU.USA.31MAR06,Bird flu (H5N1) to be confirmed in the USA ON/BEFORE 31st March 2006,1,43.1,Nov/11/2005 16:57:52
297881,BIRDFLU.USA.31MAR06,Bird flu (H5N1) to be confirmed in the USA ON/BEFORE 31st March 2006,1,43.2,Nov/11/2005 16:57:52
297881,BIRDFLU.USA.31MAR06,Bird flu (H5N1) to be confirmed in the USA ON/BEFORE 31st March 2006,1,42.1,Nov/11/2005 16:58:17
297881,BIRDFLU.USA.31MAR06,Bird flu (H5N1) to be confirmed in the USA ON/BEFORE 31st March 2006,1,42.3,Nov/11/2005 16:58:17
297881,BIRDFLU.USA.31MAR06,Bird flu (H5N1) to be confirmed in the USA ON/BEFORE 31st March 2006,1,42.4,Nov/11/2005 16:58:17
297881,BIRDFLU.USA.31MAR06,Bird flu (H5N1) to be confirmed in the USA ON/BEFORE 31st March 2006,1,42.5,Nov/11/2005 16:58:17
297881,BIRDFLU.USA.31MAR06,Bird flu (H5N1) to be confirmed in the USA ON/BEFORE 31st March 2006,1,42.6,Nov/11/2005 16:58:17
297881,BIRDFLU.USA.31MAR06,Bird flu (H5N1) to be confirmed in the USA ON/BEFORE 31st March 2006,8,47.0,Nov/11/2005 21:34:57
297881,BIRDFLU.USA.31MAR06,Bird flu (H5N1) to be confirmed in the USA ON/BEFORE 31st March 2006,7,45.8,Nov/11/2005 21:34:57
297881,BIRDFLU.USA.31MAR06,Bird flu (H5N1) to be confirmed in the USA ON/BEFORE 31st March 2006,3,48.0,Nov/11/2005 23:38:07
297881,BIRDFLU.USA.31MAR06,Bird flu (H5N1) to be confirmed in the USA ON/BEFORE 31st March 2006,3,48.0,Nov/11/2005 23:38:07
297881,BIRDFLU.USA.31MAR06,Bird flu (H5N1) to be confirmed in the USA ON/BEFORE 31st March 2006,1,49.8,Nov/11/2005 23:38:22
297881,BIRDFLU.USA.31MAR06,Bird flu (H5N1) to be confirmed in the USA ON/BEFORE 31st March 2006,10,54.0,Nov/11/2005 23:38:38
297881,BIRDFLU.USA.31MAR06,Bird flu (H5N1) to be confirmed in the USA ON/BEFORE 31st March 2006,1,54.9,Nov/11/2005 23:39:43
297881,BIRDFLU.USA.31MAR06,Bird flu (H5N1) to be confirmed in the USA ON/BEFORE 31st March 2006,4,55.0,Nov/11/2005 23:40:12
297881,BIRDFLU.USA.31MAR06,Bird flu (H5N1) to be confirmed in the USA ON/BEFORE 31st March 2006,1,43.2,Nov/11/2005 23:42:00
297881,BIRDFLU.USA.31MAR06,Bird flu (H5N1) to be confirmed in the USA ON/BEFORE 31st March 2006,9,43.1,Nov/11/2005 23:42:16
297881,BIRDFLU.USA.31MAR06,Bird flu (H5N1) to be confirmed in the USA ON/BEFORE 31st March 2006,1,43.0,Nov/11/2005 23:42:28
297881,BIRDFLU.USA.31MAR06,Bird flu (H5N1) to be confirmed in the USA ON/BEFORE 31st March 2006,3,43.0,Nov/11/2005 23:42:28
297881,BIRDFLU.USA.31MAR06,Bird flu (H5N1) to be confirmed in the USA ON/BEFORE 31st March 2006,1,42.9,Nov/11/2005 23:43:02
297881,BIRDFLU.USA.31MAR06,Bird flu (H5N1) to be confirmed in the USA ON/BEFORE 31st March 2006,1,42.8,Nov/11/2005 23:43:20
297881,BIRDFLU.USA.31MAR06,Bird flu (H5N1) to be confirmed in the USA ON/BEFORE 31st March 2006,1,42.7,Nov/11/2005 23:43:34
297881,BIRDFLU.USA.31MAR06,Bird flu (H5N1) to be confirmed in the USA ON/BEFORE 31st March 2006,1,42.6,Nov/11/2005 23:43:46
297881,BIRDFLU.USA.31MAR06,Bird flu (H5N1) to be confirmed in the USA ON/BEFORE 31st March 2006,1,42.5,Nov/11/2005 23:43:57
297881,BIRDFLU.USA.31MAR06,Bird flu (H5N1) to be confirmed in the USA ON/BEFORE 31st March 2006,1,42.4,Nov/11/2005 23:44:11
297881,BIRDFLU.USA.31MAR06,Bird flu (H5N1) to be confirmed in the USA ON/BEFORE 31st March 2006,1,42.3,Nov/11/2005 23:44:20
297881,BIRDFLU.USA.31MAR06,Bird flu (H5N1) to be confirmed in the USA ON/BEFORE 31st March 2006,1,42.2,Nov/11/2005 23:44:30
297881,BIRDFLU.USA.31MAR06,Bird flu (H5N1) to be confirmed in the USA ON/BEFORE 31st March 2006,1,42.1,Nov/11/2005 23:44:40
297881,BIRDFLU.USA.31MAR06,Bird flu (H5N1) to be confirmed in the USA ON/BEFORE 31st March 2006,1,42.0,Nov/11/2005 23:44:50
297881,BIRDFLU.USA.31MAR06,Bird flu (H5N1) to be confirmed in the USA ON/BEFORE 31st March 2006,1,41.9,Nov/11/2005 23:45:00
297881,BIRDFLU.USA.31MAR06,Bird flu (H5N1) to be confirmed in the USA ON/BEFORE 31st March 2006,1,41.8,Nov/11/2005 23:45:11
297881,BIRDFLU.USA.31MAR06,Bird flu (H5N1) to be confirmed in the USA ON/BEFORE 31st March 2006,1,41.7,Nov/11/2005 23:45:20
297881,BIRDFLU.USA.31MAR06,Bird flu (H5N1) to be confirmed in the USA ON/BEFORE 31st March 2006,1,40.9,Nov/11/2005 23:45:29
297881,BIRDFLU.USA.31MAR06,Bird flu (H5N1) to be confirmed in the USA ON/BEFORE 31st March 2006,1,40.7,Nov/11/2005 23:45:41
297881,BIRDFLU.USA.31MAR06,Bird flu (H5N1) to be confirmed in the USA ON/BEFORE 31st March 2006,1,40.5,Nov/11/2005 23:45:54
297881,BIRDFLU.USA.31MAR06,Bird flu (H5N1) to be confirmed in the USA ON/BEFORE 31st March 2006,1,40.3,Nov/11/2005 23:46:15
297881,BIRDFLU.USA.31MAR06,Bird flu (H5N1) to be confirmed in the USA ON/BEFORE 31st March 2006,1,40.0,Nov/11/2005 23:46:29
297881,BIRDFLU.USA.31MAR06,Bird flu (H5N1) to be confirmed in the USA ON/BEFORE 31st March 2006,1,40.0,Nov/11/2005 23:46:29
297881,BIRDFLU.USA.31MAR06,Bird flu (H5N1) to be confirmed in the USA ON/BEFORE 31st March 2006,63,40.0,Nov/11/2005 23:52:01
297881,BIRDFLU.USA.31MAR06,Bird flu (H5N1) to be confirmed in the USA ON/BEFORE 31st March 2006,1,40.5,Nov/12/2005 00:10:08
297881,BIRDFLU.USA.31MAR06,Bird flu (H5N1) to be confirmed in the USA ON/BEFORE 31st March 2006,1,40.6,Nov/12/2005 04:33:27
297881,BIRDFLU.USA.31MAR06,Bird flu (H5N1) to be confirmed in the USA ON/BEFORE 31st March 2006,3,40.6,Nov/12/2005 04:33:27
297881,BIRDFLU.USA.31MAR06,Bird flu (H5N1) to be confirmed in the USA ON/BEFORE 31st March 2006,1,40.6,Nov/12/2005 04:37:14
297881,BIRDFLU.USA.31MAR06,Bird flu (H5N1) to be confirmed in the USA ON/BEFORE 31st March 2006,4,43.0,Nov/12/2005 07:39:57
297881,BIRDFLU.USA.31MAR06,Bird flu (H5N1) to be confirmed in the USA ON/BEFORE 31st March 2006,1,43.0,Nov/12/2005 07:39:57
297881,BIRDFLU.USA.31MAR06,Bird flu (H5N1) to be confirmed in the USA ON/BEFORE 31st March 2006,5,46.0,Nov/12/2005 18:18:52
297881,BIRDFLU.USA.31MAR06,Bird flu (H5N1) to be confirmed in the USA ON/BEFORE 31st March 2006,3,45.9,Nov/12/2005 18:18:52
297881,BIRDFLU.USA.31MAR06,Bird flu (H5N1) to be confirmed in the USA ON/BEFORE 31st March 2006,1,46.0,Nov/12/2005 21:54:07
297881,BIRDFLU.USA.31MAR06,Bird flu (H5N1) to be confirmed in the USA ON/BEFORE 31st March 2006,1,45.0,Nov/13/2005 06:24:00
297881,BIRDFLU.USA.31MAR06,Bird flu (H5N1) to be confirmed in the USA ON/BEFORE 31st March 2006,1,41.1,Nov/13/2005 15:38:34
297881,BIRDFLU.USA.31MAR06,Bird flu (H5N1) to be confirmed in the USA ON/BEFORE 31st March 2006,1,41.3,Nov/13/2005 15:38:34
297881,BIRDFLU.USA.31MAR06,Bird flu (H5N1) to be confirmed in the USA ON/BEFORE 31st March 2006,1,41.4,Nov/13/2005 15:38:34
297881,BIRDFLU.USA.31MAR06,Bird flu (H5N1) to be confirmed in the USA ON/BEFORE 31st March 2006,2,41.5,Nov/13/2005 15:38:34
297881,BIRDFLU.USA.31MAR06,Bird flu (H5N1) to be confirmed in the USA ON/BEFORE 31st March 2006,1,41.6,Nov/13/2005 15:38:34
297881,BIRDFLU.USA.31MAR06,Bird flu (H5N1) to be confirmed in the USA ON/BEFORE 31st March 2006,1,40.8,Nov/13/2005 17:39:03
297881,BIRDFLU.USA.31MAR06,Bird flu (H5N1) to be confirmed in the USA ON/BEFORE 31st March 2006,1,40.9,Nov/13/2005 17:39:03
297881,BIRDFLU.USA.31MAR06,Bird flu (H5N1) to be confirmed in the USA ON/BEFORE 31st March 2006,1,41.0,Nov/13/2005 17:39:03
297881,BIRDFLU.USA.31MAR06,Bird flu (H5N1) to be confirmed in the USA ON/BEFORE 31st March 2006,1,41.1,Nov/13/2005 17:39:03
297881,BIRDFLU.USA.31MAR06,Bird flu (H5N1) to be confirmed in the USA ON/BEFORE 31st March 2006,1,41.2,Nov/13/2005 17:39:03
297881,BIRDFLU.USA.31MAR06,Bird flu (H5N1) to be confirmed in the USA ON/BEFORE 31st March 2006,2,43.9,Nov/13/2005 18:19:41
297881,BIRDFLU.USA.31MAR06,Bird flu (H5N1) to be confirmed in the USA ON/BEFORE 31st March 2006,4,43.9,Nov/13/2005 18:19:41
297881,BIRDFLU.USA.31MAR06,Bird flu (H5N1) to be confirmed in the USA ON/BEFORE 31st March 2006,1,40.7,Nov/13/2005 18:19:44
297881,BIRDFLU.USA.31MAR06,Bird flu (H5N1) to be confirmed in the USA ON/BEFORE 31st March 2006,19,40.7,Nov/13/2005 18:19:44
297881,BIRDFLU.USA.31MAR06,Bird flu (H5N1) to be confirmed in the USA ON/BEFORE 31st March 2006,1,41.2,Nov/13/2005 23:27:33
297881,BIRDFLU.USA.31MAR06,Bird flu (H5N1) to be confirmed in the USA ON/BEFORE 31st March 2006,1,41.3,Nov/13/2005 23:27:33
297881,BIRDFLU.USA.31MAR06,Bird flu (H5N1) to be confirmed in the USA ON/BEFORE 31st March 2006,1,41.4,Nov/13/2005 23:27:33
297881,BIRDFLU.USA.31MAR06,Bird flu (H5N1) to be confirmed in the USA ON/BEFORE 31st March 2006,1,41.5,Nov/13/2005 23:27:33
297881,BIRDFLU.USA.31MAR06,Bird flu (H5N1) to be confirmed in the USA ON/BEFORE 31st March 2006,1,41.6,Nov/13/2005 23:27:33
297881,BIRDFLU.USA.31MAR06,Bird flu (H5N1) to be confirmed in the USA ON/BEFORE 31st March 2006,1,40.6,Nov/13/2005 23:27:58
297881,BIRDFLU.USA.31MAR06,Bird flu (H5N1) to be confirmed in the USA ON/BEFORE 31st March 2006,1,40.7,Nov/13/2005 23:27:58
297881,BIRDFLU.USA.31MAR06,Bird flu (H5N1) to be confirmed in the USA ON/BEFORE 31st March 2006,1,41.0,Nov/13/2005 23:27:58
297881,BIRDFLU.USA.31MAR06,Bird flu (H5N1) to be confirmed in the USA ON/BEFORE 31st March 2006,1,40.8,Nov/13/2005 23:27:58
297881,BIRDFLU.USA.31MAR06,Bird flu (H5N1) to be confirmed in the USA ON/BEFORE 31st March 2006,1,41.1,Nov/13/2005 23:27:58
297881,BIRDFLU.USA.31MAR06,Bird flu (H5N1) to be confirmed in the USA ON/BEFORE 31st March 2006,1,40.1,Nov/13/2005 23:28:13
297881,BIRDFLU.USA.31MAR06,Bird flu (H5N1) to be confirmed in the USA ON/BEFORE 31st March 2006,1,40.2,Nov/13/2005 23:28:13
297881,BIRDFLU.USA.31MAR06,Bird flu (H5N1) to be confirmed in the USA ON/BEFORE 31st March 2006,1,40.3,Nov/13/2005 23:28:13
297881,BIRDFLU.USA.31MAR06,Bird flu (H5N1) to be confirmed in the USA ON/BEFORE 31st March 2006,1,40.4,Nov/13/2005 23:28:13
297881,BIRDFLU.USA.31MAR06,Bird flu (H5N1) to be confirmed in the USA ON/BEFORE 31st March 2006,1,40.5,Nov/13/2005 23:28:13
297881,BIRDFLU.USA.31MAR06,Bird flu (H5N1) to be confirmed in the USA ON/BEFORE 31st March 2006,1,37.1,Nov/14/2005 04:07:17
297881,BIRDFLU.USA.31MAR06,Bird flu (H5N1) to be confirmed in the USA ON/BEFORE 31st March 2006,1,37.2,Nov/14/2005 04:07:17
297881,BIRDFLU.USA.31MAR06,Bird flu (H5N1) to be confirmed in the USA ON/BEFORE 31st March 2006,2,37.3,Nov/14/2005 04:07:17
297881,BIRDFLU.USA.31MAR06,Bird flu (H5N1) to be confirmed in the USA ON/BEFORE 31st March 2006,1,37.4,Nov/14/2005 04:07:17
297881,BIRDFLU.USA.31MAR06,Bird flu (H5N1) to be confirmed in the USA ON/BEFORE 31st March 2006,1,37.5,Nov/14/2005 04:07:17
297881,BIRDFLU.USA.31MAR06,Bird flu (H5N1) to be confirmed in the USA ON/BEFORE 31st March 2006,1,36.6,Nov/14/2005 04:09:02
297881,BIRDFLU.USA.31MAR06,Bird flu (H5N1) to be confirmed in the USA ON/BEFORE 31st March 2006,1,36.7,Nov/14/2005 04:09:02
297881,BIRDFLU.USA.31MAR06,Bird flu (H5N1) to be confirmed in the USA ON/BEFORE 31st March 2006,1,36.8,Nov/14/2005 04:09:02
297881,BIRDFLU.USA.31MAR06,Bird flu (H5N1) to be confirmed in the USA ON/BEFORE 31st March 2006,1,36.9,Nov/14/2005 04:09:02
297881,BIRDFLU.USA.31MAR06,Bird flu (H5N1) to be confirmed in the USA ON/BEFORE 31st March 2006,1,37.0,Nov/14/2005 04:09:02
297881,BIRDFLU.USA.31MAR06,Bird flu (H5N1) to be confirmed in the USA ON/BEFORE 31st March 2006,1,36.1,Nov/14/2005 04:09:46
297881,BIRDFLU.USA.31MAR06,Bird flu (H5N1) to be confirmed in the USA ON/BEFORE 31st March 2006,1,36.2,Nov/14/2005 04:09:46
297881,BIRDFLU.USA.31MAR06,Bird flu (H5N1) to be confirmed in the USA ON/BEFORE 31st March 2006,1,36.3,Nov/14/2005 04:09:46
297881,BIRDFLU.USA.31MAR06,Bird flu (H5N1) to be confirmed in the USA ON/BEFORE 31st March 2006,1,36.4,Nov/14/2005 04:09:46
297881,BIRDFLU.USA.31MAR06,Bird flu (H5N1) to be confirmed in the USA ON/BEFORE 31st March 2006,1,36.5,Nov/14/2005 04:09:46
297881,BIRDFLU.USA.31MAR06,Bird flu (H5N1) to be confirmed in the USA ON/BEFORE 31st March 2006,3,36.0,Nov/14/2005 04:10:07
297881,BIRDFLU.USA.31MAR06,Bird flu (H5N1) to be confirmed in the USA ON/BEFORE 31st March 2006,1,36.7,Nov/14/2005 08:24:15
297881,BIRDFLU.USA.31MAR06,Bird flu (H5N1) to be confirmed in the USA ON/BEFORE 31st March 2006,1,40.0,Nov/14/2005 10:30:03
297881,BIRDFLU.USA.31MAR06,Bird flu (H5N1) to be confirmed in the USA ON/BEFORE 31st March 2006,1,41.0,Nov/14/2005 12:04:51
297881,BIRDFLU.USA.31MAR06,Bird flu (H5N1) to be confirmed in the USA ON/BEFORE 31st March 2006,3,41.0,Nov/14/2005 12:38:59
297881,BIRDFLU.USA.31MAR06,Bird flu (H5N1) to be confirmed in the USA ON/BEFORE 31st March 2006,4,56.0,Nov/14/2005 16:37:06
297881,BIRDFLU.USA.31MAR06,Bird flu (H5N1) to be confirmed in the USA ON/BEFORE 31st March 2006,1,55.0,Nov/14/2005 16:37:06
297881,BIRDFLU.USA.31MAR06,Bird flu (H5N1) to be confirmed in the USA ON/BEFORE 31st March 2006,22,42.9,Nov/14/2005 16:37:06
297881,BIRDFLU.USA.31MAR06,Bird flu (H5N1) to be confirmed in the USA ON/BEFORE 31st March 2006,2,42.8,Nov/14/2005 16:37:06
297881,BIRDFLU.USA.31MAR06,Bird flu (H5N1) to be confirmed in the USA ON/BEFORE 31st March 2006,1,42.5,Nov/14/2005 16:37:06
297881,BIRDFLU.USA.31MAR06,Bird flu (H5N1) to be confirmed in the USA ON/BEFORE 31st March 2006,1,45.1,Nov/14/2005 21:12:46
297881,BIRDFLU.USA.31MAR06,Bird flu (H5N1) to be confirmed in the USA ON/BEFORE 31st March 2006,5,45.0,Nov/15/2005 03:59:53
297881,BIRDFLU.USA.31MAR06,Bird flu (H5N1) to be confirmed in the USA ON/BEFORE 31st March 2006,4,40.0,Nov/15/2005 04:01:55
297881,BIRDFLU.USA.31MAR06,Bird flu (H5N1) to be confirmed in the USA ON/BEFORE 31st March 2006,1,41.0,Nov/15/2005 04:01:55
297881,BIRDFLU.USA.31MAR06,Bird flu (H5N1) to be confirmed in the USA ON/BEFORE 31st March 2006,2,42.0,Nov/15/2005 04:01:55
297881,BIRDFLU.USA.31MAR06,Bird flu (H5N1) to be confirmed in the USA ON/BEFORE 31st March 2006,1,40.5,Nov/15/2005 07:54:47
297881,BIRDFLU.USA.31MAR06,Bird flu (H5N1) to be confirmed in the USA ON/BEFORE 31st March 2006,1,41.0,Nov/15/2005 07:54:47
297881,BIRDFLU.USA.31MAR06,Bird flu (H5N1) to be confirmed in the USA ON/BEFORE 31st March 2006,4,40.0,Nov/15/2005 12:38:26
297881,BIRDFLU.USA.31MAR06,Bird flu (H5N1) to be confirmed in the USA ON/BEFORE 31st March 2006,1,41.0,Nov/15/2005 12:38:26
297881,BIRDFLU.USA.31MAR06,Bird flu (H5N1) to be confirmed in the USA ON/BEFORE 31st March 2006,2,40.0,Nov/15/2005 15:58:45
297881,BIRDFLU.USA.31MAR06,Bird flu (H5N1) to be confirmed in the USA ON/BEFORE 31st March 2006,1,40.1,Nov/15/2005 15:58:45
297881,BIRDFLU.USA.31MAR06,Bird flu (H5N1) to be confirmed in the USA ON/BEFORE 31st March 2006,1,38.7,Nov/16/2005 10:00:49
297881,BIRDFLU.USA.31MAR06,Bird flu (H5N1) to be confirmed in the USA ON/BEFORE 31st March 2006,1,39.2,Nov/16/2005 10:00:49
297881,BIRDFLU.USA.31MAR06,Bird flu (H5N1) to be confirmed in the USA ON/BEFORE 31st March 2006,4,39.3,Nov/16/2005 10:00:49
297881,BIRDFLU.USA.31MAR06,Bird flu (H5N1) to be confirmed in the USA ON/BEFORE 31st March 2006,1,38.7,Nov/16/2005 14:12:56
297881,BIRDFLU.USA.31MAR06,Bird flu (H5N1) to be confirmed in the USA ON/BEFORE 31st March 2006,1,38.7,Nov/17/2005 00:35:13
297881,BIRDFLU.USA.31MAR06,Bird flu (H5N1) to be confirmed in the USA ON/BEFORE 31st March 2006,1,38.7,Nov/17/2005 00:35:13
297881,BIRDFLU.USA.31MAR06,Bird flu (H5N1) to be confirmed in the USA ON/BEFORE 31st March 2006,4,38.7,Nov/17/2005 00:59:34
297881,BIRDFLU.USA.31MAR06,Bird flu (H5N1) to be confirmed in the USA ON/BEFORE 31st March 2006,1,38.6,Nov/17/2005 06:14:49
297881,BIRDFLU.USA.31MAR06,Bird flu (H5N1) to be confirmed in the USA ON/BEFORE 31st March 2006,5,38.6,Nov/17/2005 06:14:49
297881,BIRDFLU.USA.31MAR06,Bird flu (H5N1) to be confirmed in the USA ON/BEFORE 31st March 2006,5,38.6,Nov/17/2005 08:26:39
297881,BIRDFLU.USA.31MAR06,Bird flu (H5N1) to be confirmed in the USA ON/BEFORE 31st March 2006,2,38.5,Nov/18/2005 00:43:28
297881,BIRDFLU.USA.31MAR06,Bird flu (H5N1) to be confirmed in the USA ON/BEFORE 31st March 2006,20,39.0,Nov/18/2005 07:51:00
297881,BIRDFLU.USA.31MAR06,Bird flu (H5N1) to be confirmed in the USA ON/BEFORE 31st March 2006,4,39.0,Nov/18/2005 07:51:40
297881,BIRDFLU.USA.31MAR06,Bird flu (H5N1) to be confirmed in the USA ON/BEFORE 31st March 2006,8,38.5,Nov/18/2005 17:35:53
297881,BIRDFLU.USA.31MAR06,Bird flu (H5N1) to be confirmed in the USA ON/BEFORE 31st March 2006,1,38.3,Nov/18/2005 17:45:53
297881,BIRDFLU.USA.31MAR06,Bird flu (H5N1) to be confirmed in the USA ON/BEFORE 31st March 2006,1,38.4,Nov/18/2005 21:19:24
297881,BIRDFLU.USA.31MAR06,Bird flu (H5N1) to be confirmed in the USA ON/BEFORE 31st March 2006,5,41.0,Nov/19/2005 01:36:34
297881,BIRDFLU.USA.31MAR06,Bird flu (H5N1) to be confirmed in the USA ON/BEFORE 31st March 2006,33,44.0,Nov/19/2005 01:36:34
297881,BIRDFLU.USA.31MAR06,Bird flu (H5N1) to be confirmed in the USA ON/BEFORE 31st March 2006,5,39.8,Nov/19/2005 01:36:34
297881,BIRDFLU.USA.31MAR06,Bird flu (H5N1) to be confirmed in the USA ON/BEFORE 31st March 2006,6,39.0,Nov/19/2005 01:36:34
297881,BIRDFLU.USA.31MAR06,Bird flu (H5N1) to be confirmed in the USA ON/BEFORE 31st March 2006,1,38.9,Nov/19/2005 01:36:34
297881,BIRDFLU.USA.31MAR06,Bird flu (H5N1) to be confirmed in the USA ON/BEFORE 31st March 2006,1,45.0,Nov/19/2005 01:36:53
297881,BIRDFLU.USA.31MAR06,Bird flu (H5N1) to be confirmed in the USA ON/BEFORE 31st March 2006,1,49.9,Nov/19/2005 01:36:53
297881,BIRDFLU.USA.31MAR06,Bird flu (H5N1) to be confirmed in the USA ON/BEFORE 31st March 2006,1,50.0,Nov/19/2005 01:36:53
297881,BIRDFLU.USA.31MAR06,Bird flu (H5N1) to be confirmed in the USA ON/BEFORE 31st March 2006,2,50.0,Nov/19/2005 01:36:53
297881,BIRDFLU.USA.31MAR06,Bird flu (H5N1) to be confirmed in the USA ON/BEFORE 31st March 2006,1,40.4,Nov/19/2005 16:22:12
297881,BIRDFLU.USA.31MAR06,Bird flu (H5N1) to be confirmed in the USA ON/BEFORE 31st March 2006,1,40.7,Nov/19/2005 22:42:40
297881,BIRDFLU.USA.31MAR06,Bird flu (H5N1) to be confirmed in the USA ON/BEFORE 31st March 2006,1,40.6,Nov/20/2005 14:54:25
297881,BIRDFLU.USA.31MAR06,Bird flu (H5N1) to be confirmed in the USA ON/BEFORE 31st March 2006,2,44.8,Nov/20/2005 17:49:52
297881,BIRDFLU.USA.31MAR06,Bird flu (H5N1) to be confirmed in the USA ON/BEFORE 31st March 2006,1,44.7,Nov/20/2005 17:49:52
297881,BIRDFLU.USA.31MAR06,Bird flu (H5N1) to be confirmed in the USA ON/BEFORE 31st March 2006,3,47.6,Nov/20/2005 23:19:39
297881,BIRDFLU.USA.31MAR06,Bird flu (H5N1) to be confirmed in the USA ON/BEFORE 31st March 2006,5,49.4,Nov/20/2005 23:19:39
297881,BIRDFLU.USA.31MAR06,Bird flu (H5N1) to be confirmed in the USA ON/BEFORE 31st March 2006,2,47.0,Nov/20/2005 23:19:39
297881,BIRDFLU.USA.31MAR06,Bird flu (H5N1) to be confirmed in the USA ON/BEFORE 31st March 2006,1,45.0,Nov/20/2005 23:19:39
297881,BIRDFLU.USA.31MAR06,Bird flu (H5N1) to be confirmed in the USA ON/BEFORE 31st March 2006,1,44.0,Nov/21/2005 19:06:39
297881,BIRDFLU.USA.31MAR06,Bird flu (H5N1) to be confirmed in the USA ON/BEFORE 31st March 2006,1,45.9,Nov/21/2005 20:22:07
297881,BIRDFLU.USA.31MAR06,Bird flu (H5N1) to be confirmed in the USA ON/BEFORE 31st March 2006,4,45.9,Nov/21/2005 21:10:03
297881,BIRDFLU.USA.31MAR06,Bird flu (H5N1) to be confirmed in the USA ON/BEFORE 31st March 2006,5,45.0,Nov/22/2005 13:46:45
297881,BIRDFLU.USA.31MAR06,Bird flu (H5N1) to be confirmed in the USA ON/BEFORE 31st March 2006,4,45.9,Nov/22/2005 15:17:55
297881,BIRDFLU.USA.31MAR06,Bird flu (H5N1) to be confirmed in the USA ON/BEFORE 31st March 2006,1,45.9,Nov/22/2005 17:11:16
297881,BIRDFLU.USA.31MAR06,Bird flu (H5N1) to be confirmed in the USA ON/BEFORE 31st March 2006,2,43.1,Nov/22/2005 18:53:02
297881,BIRDFLU.USA.31MAR06,Bird flu (H5N1) to be confirmed in the USA ON/BEFORE 31st March 2006,1,40.9,Nov/22/2005 19:07:02
297881,BIRDFLU.USA.31MAR06,Bird flu (H5N1) to be confirmed in the USA ON/BEFORE 31st March 2006,1,40.8,Nov/22/2005 19:07:15
297881,BIRDFLU.USA.31MAR06,Bird flu (H5N1) to be confirmed in the USA ON/BEFORE 31st March 2006,1,40.8,Nov/22/2005 19:14:33
297881,BIRDFLU.USA.31MAR06,Bird flu (H5N1) to be confirmed in the USA ON/BEFORE 31st March 2006,1,40.6,Nov/22/2005 19:14:44
297881,BIRDFLU.USA.31MAR06,Bird flu (H5N1) to be confirmed in the USA ON/BEFORE 31st March 2006,1,40.5,Nov/22/2005 19:14:57
297881,BIRDFLU.USA.31MAR06,Bird flu (H5N1) to be confirmed in the USA ON/BEFORE 31st March 2006,1,40.4,Nov/22/2005 19:15:07
297881,BIRDFLU.USA.31MAR06,Bird flu (H5N1) to be confirmed in the USA ON/BEFORE 31st March 2006,1,40.1,Nov/22/2005 19:16:20
297881,BIRDFLU.USA.31MAR06,Bird flu (H5N1) to be confirmed in the USA ON/BEFORE 31st March 2006,1,38.0,Nov/23/2005 16:12:53
297881,BIRDFLU.USA.31MAR06,Bird flu (H5N1) to be confirmed in the USA ON/BEFORE 31st March 2006,5,43.0,Nov/23/2005 16:28:58
297881,BIRDFLU.USA.31MAR06,Bird flu (H5N1) to be confirmed in the USA ON/BEFORE 31st March 2006,1,38.1,Nov/23/2005 17:34:26
297881,BIRDFLU.USA.31MAR06,Bird flu (H5N1) to be confirmed in the USA ON/BEFORE 31st March 2006,1,38.1,Nov/23/2005 17:35:25
297881,BIRDFLU.USA.31MAR06,Bird flu (H5N1) to be confirmed in the USA ON/BEFORE 31st March 2006,4,38.0,Nov/23/2005 17:35:35
297881,BIRDFLU.USA.31MAR06,Bird flu (H5N1) to be confirmed in the USA ON/BEFORE 31st March 2006,2,36.7,Nov/23/2005 17:36:27
297881,BIRDFLU.USA.31MAR06,Bird flu (H5N1) to be confirmed in the USA ON/BEFORE 31st March 2006,1,36.2,Nov/23/2005 17:38:40
297881,BIRDFLU.USA.31MAR06,Bird flu (H5N1) to be confirmed in the USA ON/BEFORE 31st March 2006,1,36.3,Nov/23/2005 17:38:40
297881,BIRDFLU.USA.31MAR06,Bird flu (H5N1) to be confirmed in the USA ON/BEFORE 31st March 2006,1,36.4,Nov/23/2005 17:38:40
297881,BIRDFLU.USA.31MAR06,Bird flu (H5N1) to be confirmed in the USA ON/BEFORE 31st March 2006,1,36.5,Nov/23/2005 17:38:40
297881,BIRDFLU.USA.31MAR06,Bird flu (H5N1) to be confirmed in the USA ON/BEFORE 31st March 2006,1,36.6,Nov/23/2005 17:38:40
297881,BIRDFLU.USA.31MAR06,Bird flu (H5N1) to be confirmed in the USA ON/BEFORE 31st March 2006,1,36.1,Nov/23/2005 17:39:00
297881,BIRDFLU.USA.31MAR06,Bird flu (H5N1) to be confirmed in the USA ON/BEFORE 31st March 2006,30,31.0,Nov/23/2005 18:03:27
297881,BIRDFLU.USA.31MAR06,Bird flu (H5N1) to be confirmed in the USA ON/BEFORE 31st March 2006,1,42.0,Nov/24/2005 18:00:50
297881,BIRDFLU.USA.31MAR06,Bird flu (H5N1) to be confirmed in the USA ON/BEFORE 31st March 2006,3,42.0,Nov/24/2005 22:47:01
297881,BIRDFLU.USA.31MAR06,Bird flu (H5N1) to be confirmed in the USA ON/BEFORE 31st March 2006,40,43.0,Nov/24/2005 23:16:09
297881,BIRDFLU.USA.31MAR06,Bird flu (H5N1) to be confirmed in the USA ON/BEFORE 31st March 2006,3,42.7,Nov/24/2005 23:16:09
297881,BIRDFLU.USA.31MAR06,Bird flu (H5N1) to be confirmed in the USA ON/BEFORE 31st March 2006,1,42.7,Nov/24/2005 23:16:09
297881,BIRDFLU.USA.31MAR06,Bird flu (H5N1) to be confirmed in the USA ON/BEFORE 31st March 2006,2,43.9,Nov/24/2005 23:16:48
297881,BIRDFLU.USA.31MAR06,Bird flu (H5N1) to be confirmed in the USA ON/BEFORE 31st March 2006,1,43.5,Nov/24/2005 23:16:48
297881,BIRDFLU.USA.31MAR06,Bird flu (H5N1) to be confirmed in the USA ON/BEFORE 31st March 2006,10,43.0,Nov/24/2005 23:16:48
297881,BIRDFLU.USA.31MAR06,Bird flu (H5N1) to be confirmed in the USA ON/BEFORE 31st March 2006,10,44.0,Nov/24/2005 23:16:48
297881,BIRDFLU.USA.31MAR06,Bird flu (H5N1) to be confirmed in the USA ON/BEFORE 31st March 2006,5,45.5,Nov/24/2005 23:16:48
297881,BIRDFLU.USA.31MAR06,Bird flu (H5N1) to be confirmed in the USA ON/BEFORE 31st March 2006,2,45.5,Nov/25/2005 00:06:17
297881,BIRDFLU.USA.31MAR06,Bird flu (H5N1) to be confirmed in the USA ON/BEFORE 31st March 2006,10,43.9,Nov/25/2005 16:26:15
297881,BIRDFLU.USA.31MAR06,Bird flu (H5N1) to be confirmed in the USA ON/BEFORE 31st March 2006,1,43.8,Nov/25/2005 16:26:15
297881,BIRDFLU.USA.31MAR06,Bird flu (H5N1) to be confirmed in the USA ON/BEFORE 31st March 2006,4,40.5,Nov/27/2005 01:24:23
297881,BIRDFLU.USA.31MAR06,Bird flu (H5N1) to be confirmed in the USA ON/BEFORE 31st March 2006,1,36.3,Nov/27/2005 02:41:39
297881,BIRDFLU.USA.31MAR06,Bird flu (H5N1) to be confirmed in the USA ON/BEFORE 31st March 2006,1,36.8,Nov/27/2005 03:06:51
297881,BIRDFLU.USA.31MAR06,Bird flu (H5N1) to be confirmed in the USA ON/BEFORE 31st March 2006,1,36.3,Nov/27/2005 15:21:13
297881,BIRDFLU.USA.31MAR06,Bird flu (H5N1) to be confirmed in the USA ON/BEFORE 31st March 2006,2,36.3,Nov/27/2005 22:14:01
297881,BIRDFLU.USA.31MAR06,Bird flu (H5N1) to be confirmed in the USA ON/BEFORE 31st March 2006,2,36.2,Nov/27/2005 22:14:30
297881,BIRDFLU.USA.31MAR06,Bird flu (H5N1) to be confirmed in the USA ON/BEFORE 31st March 2006,5,36.1,Nov/27/2005 22:17:39
297881,BIRDFLU.USA.31MAR06,Bird flu (H5N1) to be confirmed in the USA ON/BEFORE 31st March 2006,5,36.0,Nov/27/2005 22:26:23
297881,BIRDFLU.USA.31MAR06,Bird flu (H5N1) to be confirmed in the USA ON/BEFORE 31st March 2006,11,36.1,Nov/27/2005 22:26:23
297881,BIRDFLU.USA.31MAR06,Bird flu (H5N1) to be confirmed in the USA ON/BEFORE 31st March 2006,2,36.2,Nov/27/2005 22:26:23
297881,BIRDFLU.USA.31MAR06,Bird flu (H5N1) to be confirmed in the USA ON/BEFORE 31st March 2006,3,37.9,Nov/28/2005 01:19:34
297881,BIRDFLU.USA.31MAR06,Bird flu (H5N1) to be confirmed in the USA ON/BEFORE 31st March 2006,2,37.8,Nov/28/2005 01:19:34
297881,BIRDFLU.USA.31MAR06,Bird flu (H5N1) to be confirmed in the USA ON/BEFORE 31st March 2006,1,36.8,Nov/28/2005 01:19:34
297881,BIRDFLU.USA.31MAR06,Bird flu (H5N1) to be confirmed in the USA ON/BEFORE 31st March 2006,1,38.0,Nov/28/2005 01:19:34
297881,BIRDFLU.USA.31MAR06,Bird flu (H5N1) to be confirmed in the USA ON/BEFORE 31st March 2006,3,40.0,Nov/28/2005 01:19:34
297881,BIRDFLU.USA.31MAR06,Bird flu (H5N1) to be confirmed in the USA ON/BEFORE 31st March 2006,1,34.8,Nov/28/2005 01:38:42
297881,BIRDFLU.USA.31MAR06,Bird flu (H5N1) to be confirmed in the USA ON/BEFORE 31st March 2006,1,35.4,Nov/29/2005 04:27:34
297881,BIRDFLU.USA.31MAR06,Bird flu (H5N1) to be confirmed in the USA ON/BEFORE 31st March 2006,1,35.0,Nov/29/2005 04:27:54
297881,BIRDFLU.USA.31MAR06,Bird flu (H5N1) to be confirmed in the USA ON/BEFORE 31st March 2006,1,34.8,Nov/29/2005 04:28:10
297881,BIRDFLU.USA.31MAR06,Bird flu (H5N1) to be confirmed in the USA ON/BEFORE 31st March 2006,1,34.5,Nov/29/2005 04:28:53
297881,BIRDFLU.USA.31MAR06,Bird flu (H5N1) to be confirmed in the USA ON/BEFORE 31st March 2006,1,35.0,Nov/29/2005 19:41:57
297881,BIRDFLU.USA.31MAR06,Bird flu (H5N1) to be confirmed in the USA ON/BEFORE 31st March 2006,3,36.9,Nov/30/2005 15:55:59
297881,BIRDFLU.USA.31MAR06,Bird flu (H5N1) to be confirmed in the USA ON/BEFORE 31st March 2006,10,36.8,Nov/30/2005 15:55:59
297881,BIRDFLU.USA.31MAR06,Bird flu (H5N1) to be confirmed in the USA ON/BEFORE 31st March 2006,3,36.4,Nov/30/2005 15:55:59
297881,BIRDFLU.USA.31MAR06,Bird flu (H5N1) to be confirmed in the USA ON/BEFORE 31st March 2006,1,36.6,Nov/30/2005 15:55:59
297881,BIRDFLU.USA.31MAR06,Bird flu (H5N1) to be confirmed in the USA ON/BEFORE 31st March 2006,9,35.0,Nov/30/2005 16:39:47
297881,BIRDFLU.USA.31MAR06,Bird flu (H5N1) to be confirmed in the USA ON/BEFORE 31st March 2006,1,35.1,Nov/30/2005 16:39:47
297881,BIRDFLU.USA.31MAR06,Bird flu (H5N1) to be confirmed in the USA ON/BEFORE 31st March 2006,4,35.5,Nov/30/2005 19:06:04
297881,BIRDFLU.USA.31MAR06,Bird flu (H5N1) to be confirmed in the USA ON/BEFORE 31st March 2006,5,35.4,Nov/30/2005 22:18:45
297881,BIRDFLU.USA.31MAR06,Bird flu (H5N1) to be confirmed in the USA ON/BEFORE 31st March 2006,10,35.2,Dec/01/2005 04:06:09
297881,BIRDFLU.USA.31MAR06,Bird flu (H5N1) to be confirmed in the USA ON/BEFORE 31st March 2006,1,35.4,Dec/01/2005 05:35:30
297881,BIRDFLU.USA.31MAR06,Bird flu (H5N1) to be confirmed in the USA ON/BEFORE 31st March 2006,1,35.4,Dec/01/2005 15:47:01
297881,BIRDFLU.USA.31MAR06,Bird flu (H5N1) to be confirmed in the USA ON/BEFORE 31st March 2006,2,35.5,Dec/01/2005 15:49:29
297881,BIRDFLU.USA.31MAR06,Bird flu (H5N1) to be confirmed in the USA ON/BEFORE 31st March 2006,3,35.4,Dec/01/2005 15:49:29
297881,BIRDFLU.USA.31MAR06,Bird flu (H5N1) to be confirmed in the USA ON/BEFORE 31st March 2006,5,36.0,Dec/01/2005 15:49:29
297881,BIRDFLU.USA.31MAR06,Bird flu (H5N1) to be confirmed in the USA ON/BEFORE 31st March 2006,5,36.0,Dec/01/2005 15:49:59
297881,BIRDFLU.USA.31MAR06,Bird flu (H5N1) to be confirmed in the USA ON/BEFORE 31st March 2006,4,40.0,Dec/01/2005 15:53:22
297881,BIRDFLU.USA.31MAR06,Bird flu (H5N1) to be confirmed in the USA ON/BEFORE 31st March 2006,1,40.0,Dec/01/2005 15:53:45
297881,BIRDFLU.USA.31MAR06,Bird flu (H5N1) to be confirmed in the USA ON/BEFORE 31st March 2006,5,40.7,Dec/01/2005 16:49:33
297881,BIRDFLU.USA.31MAR06,Bird flu (H5N1) to be confirmed in the USA ON/BEFORE 31st March 2006,1,35.0,Dec/01/2005 17:06:23
297881,BIRDFLU.USA.31MAR06,Bird flu (H5N1) to be confirmed in the USA ON/BEFORE 31st March 2006,20,42.0,Dec/01/2005 17:34:38
297881,BIRDFLU.USA.31MAR06,Bird flu (H5N1) to be confirmed in the USA ON/BEFORE 31st March 2006,5,41.5,Dec/01/2005 17:34:38
297881,BIRDFLU.USA.31MAR06,Bird flu (H5N1) to be confirmed in the USA ON/BEFORE 31st March 2006,3,41.0,Dec/01/2005 17:34:38
297881,BIRDFLU.USA.31MAR06,Bird flu (H5N1) to be confirmed in the USA ON/BEFORE 31st March 2006,5,42.4,Dec/01/2005 17:35:01
297881,BIRDFLU.USA.31MAR06,Bird flu (H5N1) to be confirmed in the USA ON/BEFORE 31st March 2006,3,43.8,Dec/01/2005 17:35:12
297881,BIRDFLU.USA.31MAR06,Bird flu (H5N1) to be confirmed in the USA ON/BEFORE 31st March 2006,14,47.0,Dec/01/2005 17:35:33
297881,BIRDFLU.USA.31MAR06,Bird flu (H5N1) to be confirmed in the USA ON/BEFORE 31st March 2006,1,49.9,Dec/01/2005 17:37:05
297881,BIRDFLU.USA.31MAR06,Bird flu (H5N1) to be confirmed in the USA ON/BEFORE 31st March 2006,10,50.0,Dec/01/2005 17:37:05
297881,BIRDFLU.USA.31MAR06,Bird flu (H5N1) to be confirmed in the USA ON/BEFORE 31st March 2006,20,48.0,Dec/01/2005 22:24:31
297881,BIRDFLU.USA.31MAR06,Bird flu (H5N1) to be confirmed in the USA ON/BEFORE 31st March 2006,1,37.1,Dec/02/2005 01:03:36
297881,BIRDFLU.USA.31MAR06,Bird flu (H5N1) to be confirmed in the USA ON/BEFORE 31st March 2006,19,40.0,Dec/03/2005 18:12:57
297881,BIRDFLU.USA.31MAR06,Bird flu (H5N1) to be confirmed in the USA ON/BEFORE 31st March 2006,1,37.1,Dec/04/2005 02:44:05
297881,BIRDFLU.USA.31MAR06,Bird flu (H5N1) to be confirmed in the USA ON/BEFORE 31st March 2006,1,37.2,Dec/04/2005 02:44:05
297881,BIRDFLU.USA.31MAR06,Bird flu (H5N1) to be confirmed in the USA ON/BEFORE 31st March 2006,1,37.2,Dec/04/2005 02:44:05
297881,BIRDFLU.USA.31MAR06,Bird flu (H5N1) to be confirmed in the USA ON/BEFORE 31st March 2006,2,37.4,Dec/04/2005 02:44:05
297881,BIRDFLU.USA.31MAR06,Bird flu (H5N1) to be confirmed in the USA ON/BEFORE 31st March 2006,6,35.5,Dec/04/2005 19:33:54
297881,BIRDFLU.USA.31MAR06,Bird flu (H5N1) to be confirmed in the USA ON/BEFORE 31st March 2006,3,33.6,Dec/04/2005 19:56:49
297881,BIRDFLU.USA.31MAR06,Bird flu (H5N1) to be confirmed in the USA ON/BEFORE 31st March 2006,1,34.0,Dec/04/2005 19:56:49
297881,BIRDFLU.USA.31MAR06,Bird flu (H5N1) to be confirmed in the USA ON/BEFORE 31st March 2006,2,35.4,Dec/05/2005 01:17:01
297881,BIRDFLU.USA.31MAR06,Bird flu (H5N1) to be confirmed in the USA ON/BEFORE 31st March 2006,1,34.9,Dec/05/2005 19:11:32
297881,BIRDFLU.USA.31MAR06,Bird flu (H5N1) to be confirmed in the USA ON/BEFORE 31st March 2006,4,35.0,Dec/05/2005 19:11:32
297881,BIRDFLU.USA.31MAR06,Bird flu (H5N1) to be confirmed in the USA ON/BEFORE 31st March 2006,5,35.0,Dec/05/2005 19:14:42
297881,BIRDFLU.USA.31MAR06,Bird flu (H5N1) to be confirmed in the USA ON/BEFORE 31st March 2006,6,34.0,Dec/05/2005 22:14:12
297881,BIRDFLU.USA.31MAR06,Bird flu (H5N1) to be confirmed in the USA ON/BEFORE 31st March 2006,5,34.0,Dec/05/2005 22:18:55
297881,BIRDFLU.USA.31MAR06,Bird flu (H5N1) to be confirmed in the USA ON/BEFORE 31st March 2006,2,34.0,Dec/05/2005 23:11:42
297881,BIRDFLU.USA.31MAR06,Bird flu (H5N1) to be confirmed in the USA ON/BEFORE 31st March 2006,1,33.9,Dec/06/2005 18:51:28
297881,BIRDFLU.USA.31MAR06,Bird flu (H5N1) to be confirmed in the USA ON/BEFORE 31st March 2006,1,32.2,Dec/07/2005 00:09:15
297881,BIRDFLU.USA.31MAR06,Bird flu (H5N1) to be confirmed in the USA ON/BEFORE 31st March 2006,3,33.0,Dec/07/2005 12:11:10
297881,BIRDFLU.USA.31MAR06,Bird flu (H5N1) to be confirmed in the USA ON/BEFORE 31st March 2006,5,33.0,Dec/07/2005 17:44:26
297881,BIRDFLU.USA.31MAR06,Bird flu (H5N1) to be confirmed in the USA ON/BEFORE 31st March 2006,1,32.0,Dec/07/2005 18:48:53
297881,BIRDFLU.USA.31MAR06,Bird flu (H5N1) to be confirmed in the USA ON/BEFORE 31st March 2006,15,32.1,Dec/07/2005 18:48:53
297881,BIRDFLU.USA.31MAR06,Bird flu (H5N1) to be confirmed in the USA ON/BEFORE 31st March 2006,1,32.2,Dec/07/2005 18:48:53
297881,BIRDFLU.USA.31MAR06,Bird flu (H5N1) to be confirmed in the USA ON/BEFORE 31st March 2006,1,32.2,Dec/07/2005 18:48:53
297881,BIRDFLU.USA.31MAR06,Bird flu (H5N1) to be confirmed in the USA ON/BEFORE 31st March 2006,4,32.0,Dec/08/2005 15:18:56
297881,BIRDFLU.USA.31MAR06,Bird flu (H5N1) to be confirmed in the USA ON/BEFORE 31st March 2006,1,32.0,Dec/08/2005 15:18:56
297881,BIRDFLU.USA.31MAR06,Bird flu (H5N1) to be confirmed in the USA ON/BEFORE 31st March 2006,69,31.0,Dec/08/2005 15:18:56
297881,BIRDFLU.USA.31MAR06,Bird flu (H5N1) to be confirmed in the USA ON/BEFORE 31st March 2006,5,31.5,Dec/08/2005 15:18:56
297881,BIRDFLU.USA.31MAR06,Bird flu (H5N1) to be confirmed in the USA ON/BEFORE 31st March 2006,1,31.1,Dec/08/2005 15:18:56
297881,BIRDFLU.USA.31MAR06,Bird flu (H5N1) to be confirmed in the USA ON/BEFORE 31st March 2006,123,30.0,Dec/08/2005 16:42:54
297881,BIRDFLU.USA.31MAR06,Bird flu (H5N1) to be confirmed in the USA ON/BEFORE 31st March 2006,2,30.0,Dec/08/2005 16:42:54
297881,BIRDFLU.USA.31MAR06,Bird flu (H5N1) to be confirmed in the USA ON/BEFORE 31st March 2006,2,30.1,Dec/08/2005 16:42:54
297881,BIRDFLU.USA.31MAR06,Bird flu (H5N1) to be confirmed in the USA ON/BEFORE 31st March 2006,1,28.3,Dec/08/2005 21:37:40
297881,BIRDFLU.USA.31MAR06,Bird flu (H5N1) to be confirmed in the USA ON/BEFORE 31st March 2006,3,28.3,Dec/08/2005 22:16:54
297881,BIRDFLU.USA.31MAR06,Bird flu (H5N1) to be confirmed in the USA ON/BEFORE 31st March 2006,7,26.6,Dec/09/2005 18:34:46
297881,BIRDFLU.USA.31MAR06,Bird flu (H5N1) to be confirmed in the USA ON/BEFORE 31st March 2006,1,26.8,Dec/09/2005 18:34:46
297881,BIRDFLU.USA.31MAR06,Bird flu (H5N1) to be confirmed in the USA ON/BEFORE 31st March 2006,2,26.7,Dec/09/2005 18:34:46
297881,BIRDFLU.USA.31MAR06,Bird flu (H5N1) to be confirmed in the USA ON/BEFORE 31st March 2006,1,27.7,Dec/09/2005 18:34:46
297881,BIRDFLU.USA.31MAR06,Bird flu (H5N1) to be confirmed in the USA ON/BEFORE 31st March 2006,1,26.0,Dec/09/2005 21:01:47
297881,BIRDFLU.USA.31MAR06,Bird flu (H5N1) to be confirmed in the USA ON/BEFORE 31st March 2006,4,27.7,Dec/09/2005 21:13:56
297881,BIRDFLU.USA.31MAR06,Bird flu (H5N1) to be confirmed in the USA ON/BEFORE 31st March 2006,1,27.1,Dec/09/2005 21:13:56
297881,BIRDFLU.USA.31MAR06,Bird flu (H5N1) to be confirmed in the USA ON/BEFORE 31st March 2006,1,27.5,Dec/09/2005 22:41:15
297881,BIRDFLU.USA.31MAR06,Bird flu (H5N1) to be confirmed in the USA ON/BEFORE 31st March 2006,1,28.3,Dec/10/2005 01:53:59
297881,BIRDFLU.USA.31MAR06,Bird flu (H5N1) to be confirmed in the USA ON/BEFORE 31st March 2006,1,28.1,Dec/10/2005 01:53:59
297881,BIRDFLU.USA.31MAR06,Bird flu (H5N1) to be confirmed in the USA ON/BEFORE 31st March 2006,10,28.0,Dec/10/2005 01:53:59
297881,BIRDFLU.USA.31MAR06,Bird flu (H5N1) to be confirmed in the USA ON/BEFORE 31st March 2006,8,30.0,Dec/10/2005 01:54:23
297881,BIRDFLU.USA.31MAR06,Bird flu (H5N1) to be confirmed in the USA ON/BEFORE 31st March 2006,2,28.9,Dec/10/2005 01:54:23
297881,BIRDFLU.USA.31MAR06,Bird flu (H5N1) to be confirmed in the USA ON/BEFORE 31st March 2006,2,29.9,Dec/10/2005 01:54:23
297881,BIRDFLU.USA.31MAR06,Bird flu (H5N1) to be confirmed in the USA ON/BEFORE 31st March 2006,1,29.8,Dec/10/2005 10:09:26
297881,BIRDFLU.USA.31MAR06,Bird flu (H5N1) to be confirmed in the USA ON/BEFORE 31st March 2006,10,29.8,Dec/10/2005 17:22:02
297881,BIRDFLU.USA.31MAR06,Bird flu (H5N1) to be confirmed in the USA ON/BEFORE 31st March 2006,1,27.9,Dec/13/2005 01:07:28
297881,BIRDFLU.USA.31MAR06,Bird flu (H5N1) to be confirmed in the USA ON/BEFORE 31st March 2006,2,27.9,Dec/13/2005 16:43:47
297881,BIRDFLU.USA.31MAR06,Bird flu (H5N1) to be confirmed in the USA ON/BEFORE 31st March 2006,1,27.8,Dec/13/2005 16:43:47
297881,BIRDFLU.USA.31MAR06,Bird flu (H5N1) to be confirmed in the USA ON/BEFORE 31st March 2006,1,27.7,Dec/13/2005 18:52:10
297881,BIRDFLU.USA.31MAR06,Bird flu (H5N1) to be confirmed in the USA ON/BEFORE 31st March 2006,2,27.7,Dec/13/2005 20:42:50
297881,BIRDFLU.USA.31MAR06,Bird flu (H5N1) to be confirmed in the USA ON/BEFORE 31st March 2006,1,27.9,Dec/14/2005 15:59:07
297881,BIRDFLU.USA.31MAR06,Bird flu (H5N1) to be confirmed in the USA ON/BEFORE 31st March 2006,6,27.9,Dec/14/2005 15:59:07
297881,BIRDFLU.USA.31MAR06,Bird flu (H5N1) to be confirmed in the USA ON/BEFORE 31st March 2006,1,27.9,Dec/15/2005 00:22:05
297881,BIRDFLU.USA.31MAR06,Bird flu (H5N1) to be confirmed in the USA ON/BEFORE 31st March 2006,5,28.0,Dec/15/2005 02:16:20
297881,BIRDFLU.USA.31MAR06,Bird flu (H5N1) to be confirmed in the USA ON/BEFORE 31st March 2006,3,27.9,Dec/15/2005 02:16:20
297881,BIRDFLU.USA.31MAR06,Bird flu (H5N1) to be confirmed in the USA ON/BEFORE 31st March 2006,6,27.9,Dec/15/2005 02:16:20
297881,BIRDFLU.USA.31MAR06,Bird flu (H5N1) to be confirmed in the USA ON/BEFORE 31st March 2006,2,28.0,Dec/15/2005 15:13:21
297881,BIRDFLU.USA.31MAR06,Bird flu (H5N1) to be confirmed in the USA ON/BEFORE 31st March 2006,8,28.0,Dec/15/2005 17:55:37
297881,BIRDFLU.USA.31MAR06,Bird flu (H5N1) to be confirmed in the USA ON/BEFORE 31st March 2006,2,28.9,Dec/16/2005 04:11:33
297881,BIRDFLU.USA.31MAR06,Bird flu (H5N1) to be confirmed in the USA ON/BEFORE 31st March 2006,8,28.9,Dec/16/2005 05:04:57
297881,BIRDFLU.USA.31MAR06,Bird flu (H5N1) to be confirmed in the USA ON/BEFORE 31st March 2006,2,28.2,Dec/16/2005 11:08:25
297881,BIRDFLU.USA.31MAR06,Bird flu (H5N1) to be confirmed in the USA ON/BEFORE 31st March 2006,1,28.9,Dec/16/2005 15:42:35
297881,BIRDFLU.USA.31MAR06,Bird flu (H5N1) to be confirmed in the USA ON/BEFORE 31st March 2006,3,27.8,Dec/17/2005 17:26:27
297881,BIRDFLU.USA.31MAR06,Bird flu (H5N1) to be confirmed in the USA ON/BEFORE 31st March 2006,3,27.8,Dec/17/2005 17:31:00
297881,BIRDFLU.USA.31MAR06,Bird flu (H5N1) to be confirmed in the USA ON/BEFORE 31st March 2006,1,27.5,Dec/17/2005 17:33:20
297881,BIRDFLU.USA.31MAR06,Bird flu (H5N1) to be confirmed in the USA ON/BEFORE 31st March 2006,1,26.2,Dec/17/2005 17:34:07
297881,BIRDFLU.USA.31MAR06,Bird flu (H5N1) to be confirmed in the USA ON/BEFORE 31st March 2006,1,26.2,Dec/17/2005 18:19:29
297881,BIRDFLU.USA.31MAR06,Bird flu (H5N1) to be confirmed in the USA ON/BEFORE 31st March 2006,1,25.0,Dec/18/2005 00:22:59
297881,BIRDFLU.USA.31MAR06,Bird flu (H5N1) to be confirmed in the USA ON/BEFORE 31st March 2006,9,25.0,Dec/18/2005 00:22:59
297881,BIRDFLU.USA.31MAR06,Bird flu (H5N1) to be confirmed in the USA ON/BEFORE 31st March 2006,1,25.1,Dec/18/2005 00:22:59
297881,BIRDFLU.USA.31MAR06,Bird flu (H5N1) to be confirmed in the USA ON/BEFORE 31st March 2006,3,25.2,Dec/18/2005 00:22:59
297881,BIRDFLU.USA.31MAR06,Bird flu (H5N1) to be confirmed in the USA ON/BEFORE 31st March 2006,1,25.0,Dec/18/2005 00:23:24
297881,BIRDFLU.USA.31MAR06,Bird flu (H5N1) to be confirmed in the USA ON/BEFORE 31st March 2006,1,25.5,Dec/18/2005 02:43:43
297881,BIRDFLU.USA.31MAR06,Bird flu (H5N1) to be confirmed in the USA ON/BEFORE 31st March 2006,8,22.9,Dec/18/2005 18:59:27
297881,BIRDFLU.USA.31MAR06,Bird flu (H5N1) to be confirmed in the USA ON/BEFORE 31st March 2006,1,23.0,Dec/18/2005 18:59:27
297881,BIRDFLU.USA.31MAR06,Bird flu (H5N1) to be confirmed in the USA ON/BEFORE 31st March 2006,2,22.9,Dec/18/2005 19:00:15
297881,BIRDFLU.USA.31MAR06,Bird flu (H5N1) to be confirmed in the USA ON/BEFORE 31st March 2006,1,23.0,Dec/18/2005 21:38:06
297881,BIRDFLU.USA.31MAR06,Bird flu (H5N1) to be confirmed in the USA ON/BEFORE 31st March 2006,1,23.9,Dec/19/2005 02:07:03
297881,BIRDFLU.USA.31MAR06,Bird flu (H5N1) to be confirmed in the USA ON/BEFORE 31st March 2006,1,23.1,Dec/19/2005 03:13:28
297881,BIRDFLU.USA.31MAR06,Bird flu (H5N1) to be confirmed in the USA ON/BEFORE 31st March 2006,9,23.0,Dec/19/2005 22:04:01
297881,BIRDFLU.USA.31MAR06,Bird flu (H5N1) to be confirmed in the USA ON/BEFORE 31st March 2006,1,24.0,Dec/19/2005 22:15:44
297881,BIRDFLU.USA.31MAR06,Bird flu (H5N1) to be confirmed in the USA ON/BEFORE 31st March 2006,1,23.9,Dec/19/2005 22:15:44
297881,BIRDFLU.USA.31MAR06,Bird flu (H5N1) to be confirmed in the USA ON/BEFORE 31st March 2006,1,23.7,Dec/19/2005 22:15:44
297881,BIRDFLU.USA.31MAR06,Bird flu (H5N1) to be confirmed in the USA ON/BEFORE 31st March 2006,1,23.5,Dec/19/2005 22:15:44
297881,BIRDFLU.USA.31MAR06,Bird flu (H5N1) to be confirmed in the USA ON/BEFORE 31st March 2006,6,23.4,Dec/19/2005 22:15:44
297881,BIRDFLU.USA.31MAR06,Bird flu (H5N1) to be confirmed in the USA ON/BEFORE 31st March 2006,2,23.9,Dec/19/2005 22:15:44
297881,BIRDFLU.USA.31MAR06,Bird flu (H5N1) to be confirmed in the USA ON/BEFORE 31st March 2006,1,23.4,Dec/19/2005 22:15:44
297881,BIRDFLU.USA.31MAR06,Bird flu (H5N1) to be confirmed in the USA ON/BEFORE 31st March 2006,1,22.9,Dec/20/2005 02:36:40
297881,BIRDFLU.USA.31MAR06,Bird flu (H5N1) to be confirmed in the USA ON/BEFORE 31st March 2006,6,21.2,Dec/20/2005 21:48:23
297881,BIRDFLU.USA.31MAR06,Bird flu (H5N1) to be confirmed in the USA ON/BEFORE 31st March 2006,1,20.0,Dec/20/2005 22:07:59
297881,BIRDFLU.USA.31MAR06,Bird flu (H5N1) to be confirmed in the USA ON/BEFORE 31st March 2006,4,20.0,Dec/20/2005 22:07:59
297881,BIRDFLU.USA.31MAR06,Bird flu (H5N1) to be confirmed in the USA ON/BEFORE 31st March 2006,2,20.1,Dec/20/2005 22:07:59
297881,BIRDFLU.USA.31MAR06,Bird flu (H5N1) to be confirmed in the USA ON/BEFORE 31st March 2006,1,20.5,Dec/21/2005 02:50:57
297881,BIRDFLU.USA.31MAR06,Bird flu (H5N1) to be confirmed in the USA ON/BEFORE 31st March 2006,3,20.2,Dec/22/2005 02:45:16
297881,BIRDFLU.USA.31MAR06,Bird flu (H5N1) to be confirmed in the USA ON/BEFORE 31st March 2006,4,23.0,Dec/22/2005 05:25:56
297881,BIRDFLU.USA.31MAR06,Bird flu (H5N1) to be confirmed in the USA ON/BEFORE 31st March 2006,2,22.8,Dec/22/2005 05:25:56
297881,BIRDFLU.USA.31MAR06,Bird flu (H5N1) to be confirmed in the USA ON/BEFORE 31st March 2006,2,22.4,Dec/22/2005 05:25:56
297881,BIRDFLU.USA.31MAR06,Bird flu (H5N1) to be confirmed in the USA ON/BEFORE 31st March 2006,2,21.8,Dec/22/2005 05:25:56
297881,BIRDFLU.USA.31MAR06,Bird flu (H5N1) to be confirmed in the USA ON/BEFORE 31st March 2006,2,21.4,Dec/22/2005 05:25:56
297881,BIRDFLU.USA.31MAR06,Bird flu (H5N1) to be confirmed in the USA ON/BEFORE 31st March 2006,3,21.3,Dec/22/2005 05:25:56
297881,BIRDFLU.USA.31MAR06,Bird flu (H5N1) to be confirmed in the USA ON/BEFORE 31st March 2006,6,20.5,Dec/22/2005 05:25:56
297881,BIRDFLU.USA.31MAR06,Bird flu (H5N1) to be confirmed in the USA ON/BEFORE 31st March 2006,4,22.9,Dec/22/2005 05:25:56
297881,BIRDFLU.USA.31MAR06,Bird flu (H5N1) to be confirmed in the USA ON/BEFORE 31st March 2006,2,21.9,Dec/22/2005 17:44:04
297881,BIRDFLU.USA.31MAR06,Bird flu (H5N1) to be confirmed in the USA ON/BEFORE 31st March 2006,4,22.4,Dec/22/2005 20:46:23
297881,BIRDFLU.USA.31MAR06,Bird flu (H5N1) to be confirmed in the USA ON/BEFORE 31st March 2006,1,22.6,Dec/23/2005 17:56:08
297881,BIRDFLU.USA.31MAR06,Bird flu (H5N1) to be confirmed in the USA ON/BEFORE 31st March 2006,7,20.0,Dec/23/2005 23:21:03
297881,BIRDFLU.USA.31MAR06,Bird flu (H5N1) to be confirmed in the USA ON/BEFORE 31st March 2006,2,20.3,Dec/23/2005 23:21:03
297881,BIRDFLU.USA.31MAR06,Bird flu (H5N1) to be confirmed in the USA ON/BEFORE 31st March 2006,2,20.3,Dec/23/2005 23:21:03
297881,BIRDFLU.USA.31MAR06,Bird flu (H5N1) to be confirmed in the USA ON/BEFORE 31st March 2006,1,20.8,Dec/23/2005 23:21:03
297881,BIRDFLU.USA.31MAR06,Bird flu (H5N1) to be confirmed in the USA ON/BEFORE 31st March 2006,9,20.0,Dec/24/2005 03:56:23
297881,BIRDFLU.USA.31MAR06,Bird flu (H5N1) to be confirmed in the USA ON/BEFORE 31st March 2006,1,20.1,Dec/24/2005 03:56:23
297881,BIRDFLU.USA.31MAR06,Bird flu (H5N1) to be confirmed in the USA ON/BEFORE 31st March 2006,1,20.0,Dec/24/2005 13:38:18
297881,BIRDFLU.USA.31MAR06,Bird flu (H5N1) to be confirmed in the USA ON/BEFORE 31st March 2006,2,20.0,Dec/24/2005 13:50:17
297881,BIRDFLU.USA.31MAR06,Bird flu (H5N1) to be confirmed in the USA ON/BEFORE 31st March 2006,1,18.6,Dec/24/2005 16:05:31
297881,BIRDFLU.USA.31MAR06,Bird flu (H5N1) to be confirmed in the USA ON/BEFORE 31st March 2006,1,18.5,Dec/24/2005 20:17:33
297881,BIRDFLU.USA.31MAR06,Bird flu (H5N1) to be confirmed in the USA ON/BEFORE 31st March 2006,1,18.6,Dec/24/2005 20:17:33
297881,BIRDFLU.USA.31MAR06,Bird flu (H5N1) to be confirmed in the USA ON/BEFORE 31st March 2006,3,20.3,Dec/25/2005 02:37:45
297881,BIRDFLU.USA.31MAR06,Bird flu (H5N1) to be confirmed in the USA ON/BEFORE 31st March 2006,1,20.2,Dec/25/2005 02:37:45
297881,BIRDFLU.USA.31MAR06,Bird flu (H5N1) to be confirmed in the USA ON/BEFORE 31st March 2006,2,19.1,Dec/26/2005 04:41:33
297881,BIRDFLU.USA.31MAR06,Bird flu (H5N1) to be confirmed in the USA ON/BEFORE 31st March 2006,11,19.0,Dec/26/2005 04:41:33
297881,BIRDFLU.USA.31MAR06,Bird flu (H5N1) to be confirmed in the USA ON/BEFORE 31st March 2006,3,20.0,Dec/26/2005 09:26:58
297881,BIRDFLU.USA.31MAR06,Bird flu (H5N1) to be confirmed in the USA ON/BEFORE 31st March 2006,1,21.0,Dec/26/2005 16:47:07
297881,BIRDFLU.USA.31MAR06,Bird flu (H5N1) to be confirmed in the USA ON/BEFORE 31st March 2006,1,21.5,Dec/26/2005 16:47:37
297881,BIRDFLU.USA.31MAR06,Bird flu (H5N1) to be confirmed in the USA ON/BEFORE 31st March 2006,2,22.2,Dec/26/2005 16:48:04
297881,BIRDFLU.USA.31MAR06,Bird flu (H5N1) to be confirmed in the USA ON/BEFORE 31st March 2006,2,21.0,Dec/26/2005 22:21:59
297881,BIRDFLU.USA.31MAR06,Bird flu (H5N1) to be confirmed in the USA ON/BEFORE 31st March 2006,1,20.8,Dec/26/2005 22:21:59
297881,BIRDFLU.USA.31MAR06,Bird flu (H5N1) to be confirmed in the USA ON/BEFORE 31st March 2006,2,20.3,Dec/26/2005 22:21:59
297881,BIRDFLU.USA.31MAR06,Bird flu (H5N1) to be confirmed in the USA ON/BEFORE 31st March 2006,6,18.5,Dec/28/2005 00:27:54
297881,BIRDFLU.USA.31MAR06,Bird flu (H5N1) to be confirmed in the USA ON/BEFORE 31st March 2006,1,18.6,Dec/28/2005 00:27:54
297881,BIRDFLU.USA.31MAR06,Bird flu (H5N1) to be confirmed in the USA ON/BEFORE 31st March 2006,1,18.0,Dec/28/2005 15:05:56
297881,BIRDFLU.USA.31MAR06,Bird flu (H5N1) to be confirmed in the USA ON/BEFORE 31st March 2006,9,18.0,Dec/28/2005 17:07:08
297881,BIRDFLU.USA.31MAR06,Bird flu (H5N1) to be confirmed in the USA ON/BEFORE 31st March 2006,1,18.1,Dec/28/2005 17:07:08
297881,BIRDFLU.USA.31MAR06,Bird flu (H5N1) to be confirmed in the USA ON/BEFORE 31st March 2006,2,19.5,Dec/28/2005 19:47:00
297881,BIRDFLU.USA.31MAR06,Bird flu (H5N1) to be confirmed in the USA ON/BEFORE 31st March 2006,5,17.5,Dec/29/2005 19:05:51
297881,BIRDFLU.USA.31MAR06,Bird flu (H5N1) to be confirmed in the USA ON/BEFORE 31st March 2006,5,17.6,Dec/29/2005 19:05:51
297881,BIRDFLU.USA.31MAR06,Bird flu (H5N1) to be confirmed in the USA ON/BEFORE 31st March 2006,10,18.0,Dec/30/2005 00:31:45
297881,BIRDFLU.USA.31MAR06,Bird flu (H5N1) to be confirmed in the USA ON/BEFORE 31st March 2006,8,17.5,Dec/30/2005 02:24:09
297881,BIRDFLU.USA.31MAR06,Bird flu (H5N1) to be confirmed in the USA ON/BEFORE 31st March 2006,1,17.7,Dec/30/2005 23:41:34
297881,BIRDFLU.USA.31MAR06,Bird flu (H5N1) to be confirmed in the USA ON/BEFORE 31st March 2006,2,18.2,Dec/30/2005 23:42:05
297881,BIRDFLU.USA.31MAR06,Bird flu (H5N1) to be confirmed in the USA ON/BEFORE 31st March 2006,1,17.6,Dec/31/2005 00:30:29
297881,BIRDFLU.USA.31MAR06,Bird flu (H5N1) to be confirmed in the USA ON/BEFORE 31st March 2006,5,17.6,Dec/31/2005 00:30:29
297881,BIRDFLU.USA.31MAR06,Bird flu (H5N1) to be confirmed in the USA ON/BEFORE 31st March 2006,10,16.0,Dec/31/2005 00:30:29
297881,BIRDFLU.USA.31MAR06,Bird flu (H5N1) to be confirmed in the USA ON/BEFORE 31st March 2006,2,16.1,Dec/31/2005 00:30:29
297881,BIRDFLU.USA.31MAR06,Bird flu (H5N1) to be confirmed in the USA ON/BEFORE 31st March 2006,32,17.5,Dec/31/2005 00:30:29
297881,BIRDFLU.USA.31MAR06,Bird flu (H5N1) to be confirmed in the USA ON/BEFORE 31st March 2006,2,18.3,Dec/31/2005 17:24:32
297881,BIRDFLU.USA.31MAR06,Bird flu (H5N1) to be confirmed in the USA ON/BEFORE 31st March 2006,2,15.6,Jan/01/2006 06:01:33
297881,BIRDFLU.USA.31MAR06,Bird flu (H5N1) to be confirmed in the USA ON/BEFORE 31st March 2006,1,15.8,Jan/01/2006 06:01:33
297881,BIRDFLU.USA.31MAR06,Bird flu (H5N1) to be confirmed in the USA ON/BEFORE 31st March 2006,5,16.0,Jan/01/2006 06:01:33
297881,BIRDFLU.USA.31MAR06,Bird flu (H5N1) to be confirmed in the USA ON/BEFORE 31st March 2006,2,16.1,Jan/01/2006 06:01:33
297881,BIRDFLU.USA.31MAR06,Bird flu (H5N1) to be confirmed in the USA ON/BEFORE 31st March 2006,1,18.2,Jan/01/2006 06:01:33
297881,BIRDFLU.USA.31MAR06,Bird flu (H5N1) to be confirmed in the USA ON/BEFORE 31st March 2006,1,15.2,Jan/01/2006 06:37:42
297881,BIRDFLU.USA.31MAR06,Bird flu (H5N1) to be confirmed in the USA ON/BEFORE 31st March 2006,9,15.2,Jan/01/2006 17:40:08
297881,BIRDFLU.USA.31MAR06,Bird flu (H5N1) to be confirmed in the USA ON/BEFORE 31st March 2006,10,15.1,Jan/01/2006 17:40:46
297881,BIRDFLU.USA.31MAR06,Bird flu (H5N1) to be confirmed in the USA ON/BEFORE 31st March 2006,15,15.1,Jan/01/2006 17:40:59
297881,BIRDFLU.USA.31MAR06,Bird flu (H5N1) to be confirmed in the USA ON/BEFORE 31st March 2006,7,16.4,Jan/01/2006 20:21:31
297881,BIRDFLU.USA.31MAR06,Bird flu (H5N1) to be confirmed in the USA ON/BEFORE 31st March 2006,5,16.3,Jan/01/2006 20:21:31
297881,BIRDFLU.USA.31MAR06,Bird flu (H5N1) to be confirmed in the USA ON/BEFORE 31st March 2006,1,16.4,Jan/01/2006 20:31:36
297881,BIRDFLU.USA.31MAR06,Bird flu (H5N1) to be confirmed in the USA ON/BEFORE 31st March 2006,3,16.4,Jan/01/2006 20:56:32
297881,BIRDFLU.USA.31MAR06,Bird flu (H5N1) to be confirmed in the USA ON/BEFORE 31st March 2006,8,16.4,Jan/01/2006 20:57:17
297881,BIRDFLU.USA.31MAR06,Bird flu (H5N1) to be confirmed in the USA ON/BEFORE 31st March 2006,5,16.8,Jan/01/2006 23:05:21
297881,BIRDFLU.USA.31MAR06,Bird flu (H5N1) to be confirmed in the USA ON/BEFORE 31st March 2006,9,15.5,Jan/02/2006 01:35:49
297881,BIRDFLU.USA.31MAR06,Bird flu (H5N1) to be confirmed in the USA ON/BEFORE 31st March 2006,12,15.5,Jan/02/2006 03:44:07
297881,BIRDFLU.USA.31MAR06,Bird flu (H5N1) to be confirmed in the USA ON/BEFORE 31st March 2006,1,16.0,Jan/02/2006 06:27:38
297881,BIRDFLU.USA.31MAR06,Bird flu (H5N1) to be confirmed in the USA ON/BEFORE 31st March 2006,2,16.0,Jan/02/2006 06:27:38
297881,BIRDFLU.USA.31MAR06,Bird flu (H5N1) to be confirmed in the USA ON/BEFORE 31st March 2006,3,15.8,Jan/02/2006 12:18:21
297881,BIRDFLU.USA.31MAR06,Bird flu (H5N1) to be confirmed in the USA ON/BEFORE 31st March 2006,4,15.7,Jan/02/2006 12:18:39
297881,BIRDFLU.USA.31MAR06,Bird flu (H5N1) to be confirmed in the USA ON/BEFORE 31st March 2006,7,15.6,Jan/02/2006 12:19:30
297881,BIRDFLU.USA.31MAR06,Bird flu (H5N1) to be confirmed in the USA ON/BEFORE 31st March 2006,5,15.5,Jan/02/2006 12:19:46
297881,BIRDFLU.USA.31MAR06,Bird flu (H5N1) to be confirmed in the USA ON/BEFORE 31st March 2006,5,14.1,Jan/02/2006 17:56:26
297881,BIRDFLU.USA.31MAR06,Bird flu (H5N1) to be confirmed in the USA ON/BEFORE 31st March 2006,5,15.1,Jan/02/2006 17:56:26
297881,BIRDFLU.USA.31MAR06,Bird flu (H5N1) to be confirmed in the USA ON/BEFORE 31st March 2006,13,15.3,Jan/02/2006 17:56:26
297881,BIRDFLU.USA.31MAR06,Bird flu (H5N1) to be confirmed in the USA ON/BEFORE 31st March 2006,13,14.5,Jan/02/2006 17:56:26
297881,BIRDFLU.USA.31MAR06,Bird flu (H5N1) to be confirmed in the USA ON/BEFORE 31st March 2006,20,15.0,Jan/02/2006 17:56:26
297881,BIRDFLU.USA.31MAR06,Bird flu (H5N1) to be confirmed in the USA ON/BEFORE 31st March 2006,25,14.2,Jan/02/2006 17:56:26
297881,BIRDFLU.USA.31MAR06,Bird flu (H5N1) to be confirmed in the USA ON/BEFORE 31st March 2006,1,14.6,Jan/02/2006 17:56:26
297881,BIRDFLU.USA.31MAR06,Bird flu (H5N1) to be confirmed in the USA ON/BEFORE 31st March 2006,5,15.4,Jan/02/2006 17:56:26
297881,BIRDFLU.USA.31MAR06,Bird flu (H5N1) to be confirmed in the USA ON/BEFORE 31st March 2006,3,15.5,Jan/02/2006 17:56:26
297881,BIRDFLU.USA.31MAR06,Bird flu (H5N1) to be confirmed in the USA ON/BEFORE 31st March 2006,2,14.1,Jan/02/2006 18:34:11
297881,BIRDFLU.USA.31MAR06,Bird flu (H5N1) to be confirmed in the USA ON/BEFORE 31st March 2006,2,16.2,Jan/02/2006 19:36:41
297881,BIRDFLU.USA.31MAR06,Bird flu (H5N1) to be confirmed in the USA ON/BEFORE 31st March 2006,10,16.5,Jan/02/2006 19:55:00
297881,BIRDFLU.USA.31MAR06,Bird flu (H5N1) to be confirmed in the USA ON/BEFORE 31st March 2006,2,16.4,Jan/02/2006 19:55:00
297881,BIRDFLU.USA.31MAR06,Bird flu (H5N1) to be confirmed in the USA ON/BEFORE 31st March 2006,20,17.0,Jan/02/2006 21:36:26
297881,BIRDFLU.USA.31MAR06,Bird flu (H5N1) to be confirmed in the USA ON/BEFORE 31st March 2006,2,16.9,Jan/02/2006 21:36:26
297881,BIRDFLU.USA.31MAR06,Bird flu (H5N1) to be confirmed in the USA ON/BEFORE 31st March 2006,1,14.2,Jan/02/2006 21:53:29
297881,BIRDFLU.USA.31MAR06,Bird flu (H5N1) to be confirmed in the USA ON/BEFORE 31st March 2006,2,17.6,Jan/03/2006 00:44:04
297881,BIRDFLU.USA.31MAR06,Bird flu (H5N1) to be confirmed in the USA ON/BEFORE 31st March 2006,2,14.3,Jan/03/2006 06:44:06
297881,BIRDFLU.USA.31MAR06,Bird flu (H5N1) to be confirmed in the USA ON/BEFORE 31st March 2006,2,14.2,Jan/03/2006 06:47:00
297881,BIRDFLU.USA.31MAR06,Bird flu (H5N1) to be confirmed in the USA ON/BEFORE 31st March 2006,9,14.2,Jan/03/2006 06:47:00
297881,BIRDFLU.USA.31MAR06,Bird flu (H5N1) to be confirmed in the USA ON/BEFORE 31st March 2006,44,14.2,Jan/03/2006 16:53:25
297881,BIRDFLU.USA.31MAR06,Bird flu (H5N1) to be confirmed in the USA ON/BEFORE 31st March 2006,2,14.0,Jan/03/2006 16:53:45
297881,BIRDFLU.USA.31MAR06,Bird flu (H5N1) to be confirmed in the USA ON/BEFORE 31st March 2006,10,13.0,Jan/03/2006 16:54:31
297881,BIRDFLU.USA.31MAR06,Bird flu (H5N1) to be confirmed in the USA ON/BEFORE 31st March 2006,10,12.0,Jan/03/2006 16:55:02
297881,BIRDFLU.USA.31MAR06,Bird flu (H5N1) to be confirmed in the USA ON/BEFORE 31st March 2006,5,12.0,Jan/03/2006 16:55:27
297881,BIRDFLU.USA.31MAR06,Bird flu (H5N1) to be confirmed in the USA ON/BEFORE 31st March 2006,1,13.5,Jan/03/2006 22:28:45
297881,BIRDFLU.USA.31MAR06,Bird flu (H5N1) to be confirmed in the USA ON/BEFORE 31st March 2006,4,13.7,Jan/04/2006 04:55:38
297881,BIRDFLU.USA.31MAR06,Bird flu (H5N1) to be confirmed in the USA ON/BEFORE 31st March 2006,1,13.5,Jan/04/2006 04:55:38
297881,BIRDFLU.USA.31MAR06,Bird flu (H5N1) to be confirmed in the USA ON/BEFORE 31st March 2006,1,13.5,Jan/04/2006 04:55:38
297881,BIRDFLU.USA.31MAR06,Bird flu (H5N1) to be confirmed in the USA ON/BEFORE 31st March 2006,2,13.0,Jan/04/2006 05:36:55
297881,BIRDFLU.USA.31MAR06,Bird flu (H5N1) to be confirmed in the USA ON/BEFORE 31st March 2006,18,13.0,Jan/04/2006 06:45:27
297881,BIRDFLU.USA.31MAR06,Bird flu (H5N1) to be confirmed in the USA ON/BEFORE 31st March 2006,7,13.5,Jan/04/2006 06:45:27
297881,BIRDFLU.USA.31MAR06,Bird flu (H5N1) to be confirmed in the USA ON/BEFORE 31st March 2006,5,13.0,Jan/04/2006 07:47:47
297881,BIRDFLU.USA.31MAR06,Bird flu (H5N1) to be confirmed in the USA ON/BEFORE 31st March 2006,2,14.2,Jan/04/2006 20:09:46
297881,BIRDFLU.USA.31MAR06,Bird flu (H5N1) to be confirmed in the USA ON/BEFORE 31st March 2006,2,14.0,Jan/04/2006 20:09:46
297881,BIRDFLU.USA.31MAR06,Bird flu (H5N1) to be confirmed in the USA ON/BEFORE 31st March 2006,6,14.3,Jan/04/2006 20:10:25
297881,BIRDFLU.USA.31MAR06,Bird flu (H5N1) to be confirmed in the USA ON/BEFORE 31st March 2006,4,14.3,Jan/04/2006 20:14:53
297881,BIRDFLU.USA.31MAR06,Bird flu (H5N1) to be confirmed in the USA ON/BEFORE 31st March 2006,8,14.3,Jan/04/2006 20:17:58
297881,BIRDFLU.USA.31MAR06,Bird flu (H5N1) to be confirmed in the USA ON/BEFORE 31st March 2006,2,14.3,Jan/04/2006 20:17:58
297881,BIRDFLU.USA.31MAR06,Bird flu (H5N1) to be confirmed in the USA ON/BEFORE 31st March 2006,24,17.5,Jan/04/2006 20:39:00
297881,BIRDFLU.USA.31MAR06,Bird flu (H5N1) to be confirmed in the USA ON/BEFORE 31st March 2006,20,18.4,Jan/04/2006 20:39:29
297881,BIRDFLU.USA.31MAR06,Bird flu (H5N1) to be confirmed in the USA ON/BEFORE 31st March 2006,30,18.5,Jan/04/2006 20:39:29
297881,BIRDFLU.USA.31MAR06,Bird flu (H5N1) to be confirmed in the USA ON/BEFORE 31st March 2006,2,19.7,Jan/04/2006 20:39:29
297881,BIRDFLU.USA.31MAR06,Bird flu (H5N1) to be confirmed in the USA ON/BEFORE 31st March 2006,2,17.8,Jan/04/2006 20:39:29
297881,BIRDFLU.USA.31MAR06,Bird flu (H5N1) to be confirmed in the USA ON/BEFORE 31st March 2006,1,20.0,Jan/04/2006 20:40:35
297881,BIRDFLU.USA.31MAR06,Bird flu (H5N1) to be confirmed in the USA ON/BEFORE 31st March 2006,23,20.7,Jan/04/2006 20:40:52
297881,BIRDFLU.USA.31MAR06,Bird flu (H5N1) to be confirmed in the USA ON/BEFORE 31st March 2006,26,23.0,Jan/04/2006 21:52:20
297881,BIRDFLU.USA.31MAR06,Bird flu (H5N1) to be confirmed in the USA ON/BEFORE 31st March 2006,10,22.7,Jan/04/2006 21:52:20
297881,BIRDFLU.USA.31MAR06,Bird flu (H5N1) to be confirmed in the USA ON/BEFORE 31st March 2006,2,21.0,Jan/04/2006 21:52:20
297881,BIRDFLU.USA.31MAR06,Bird flu (H5N1) to be confirmed in the USA ON/BEFORE 31st March 2006,2,19.6,Jan/04/2006 21:52:20
297881,BIRDFLU.USA.31MAR06,Bird flu (H5N1) to be confirmed in the USA ON/BEFORE 31st March 2006,2,22.6,Jan/04/2006 21:52:20
297881,BIRDFLU.USA.31MAR06,Bird flu (H5N1) to be confirmed in the USA ON/BEFORE 31st March 2006,1,24.9,Jan/04/2006 21:52:43
297881,BIRDFLU.USA.31MAR06,Bird flu (H5N1) to be confirmed in the USA ON/BEFORE 31st March 2006,2,15.3,Jan/05/2006 00:54:45
297881,BIRDFLU.USA.31MAR06,Bird flu (H5N1) to be confirmed in the USA ON/BEFORE 31st March 2006,1,15.3,Jan/05/2006 02:13:08
297881,BIRDFLU.USA.31MAR06,Bird flu (H5N1) to be confirmed in the USA ON/BEFORE 31st March 2006,1,15.0,Jan/05/2006 03:41:21
297881,BIRDFLU.USA.31MAR06,Bird flu (H5N1) to be confirmed in the USA ON/BEFORE 31st March 2006,5,15.1,Jan/05/2006 03:41:21
297881,BIRDFLU.USA.31MAR06,Bird flu (H5N1) to be confirmed in the USA ON/BEFORE 31st March 2006,2,15.2,Jan/05/2006 03:41:21
297881,BIRDFLU.USA.31MAR06,Bird flu (H5N1) to be confirmed in the USA ON/BEFORE 31st March 2006,9,20.0,Jan/05/2006 05:12:05
297881,BIRDFLU.USA.31MAR06,Bird flu (H5N1) to be confirmed in the USA ON/BEFORE 31st March 2006,1,18.0,Jan/05/2006 05:12:05
297881,BIRDFLU.USA.31MAR06,Bird flu (H5N1) to be confirmed in the USA ON/BEFORE 31st March 2006,9,15.0,Jan/05/2006 05:27:12
297881,BIRDFLU.USA.31MAR06,Bird flu (H5N1) to be confirmed in the USA ON/BEFORE 31st March 2006,1,13.0,Jan/05/2006 05:27:12
297881,BIRDFLU.USA.31MAR06,Bird flu (H5N1) to be confirmed in the USA ON/BEFORE 31st March 2006,1,20.0,Jan/05/2006 17:29:30
297881,BIRDFLU.USA.31MAR06,Bird flu (H5N1) to be confirmed in the USA ON/BEFORE 31st March 2006,5,15.0,Jan/06/2006 14:32:47
297881,BIRDFLU.USA.31MAR06,Bird flu (H5N1) to be confirmed in the USA ON/BEFORE 31st March 2006,1,13.3,Jan/06/2006 22:07:42
297881,BIRDFLU.USA.31MAR06,Bird flu (H5N1) to be confirmed in the USA ON/BEFORE 31st March 2006,1,13.4,Jan/06/2006 22:07:42
297881,BIRDFLU.USA.31MAR06,Bird flu (H5N1) to be confirmed in the USA ON/BEFORE 31st March 2006,9,13.3,Jan/06/2006 23:24:12
297881,BIRDFLU.USA.31MAR06,Bird flu (H5N1) to be confirmed in the USA ON/BEFORE 31st March 2006,10,13.1,Jan/06/2006 23:30:22
297881,BIRDFLU.USA.31MAR06,Bird flu (H5N1) to be confirmed in the USA ON/BEFORE 31st March 2006,11,13.0,Jan/06/2006 23:30:39
297881,BIRDFLU.USA.31MAR06,Bird flu (H5N1) to be confirmed in the USA ON/BEFORE 31st March 2006,14,15.3,Jan/07/2006 04:28:55
297881,BIRDFLU.USA.31MAR06,Bird flu (H5N1) to be confirmed in the USA ON/BEFORE 31st March 2006,8,15.2,Jan/07/2006 04:28:55
297881,BIRDFLU.USA.31MAR06,Bird flu (H5N1) to be confirmed in the USA ON/BEFORE 31st March 2006,5,15.1,Jan/07/2006 04:28:55
297881,BIRDFLU.USA.31MAR06,Bird flu (H5N1) to be confirmed in the USA ON/BEFORE 31st March 2006,1,15.5,Jan/07/2006 09:57:35
297881,BIRDFLU.USA.31MAR06,Bird flu (H5N1) to be confirmed in the USA ON/BEFORE 31st March 2006,19,15.5,Jan/07/2006 10:03:17
297881,BIRDFLU.USA.31MAR06,Bird flu (H5N1) to be confirmed in the USA ON/BEFORE 31st March 2006,1,13.0,Jan/07/2006 16:08:17
297881,BIRDFLU.USA.31MAR06,Bird flu (H5N1) to be confirmed in the USA ON/BEFORE 31st March 2006,10,13.0,Jan/07/2006 16:08:17
297881,BIRDFLU.USA.31MAR06,Bird flu (H5N1) to be confirmed in the USA ON/BEFORE 31st March 2006,10,12.9,Jan/07/2006 16:11:05
297881,BIRDFLU.USA.31MAR06,Bird flu (H5N1) to be confirmed in the USA ON/BEFORE 31st March 2006,2,12.5,Jan/07/2006 16:13:42
297881,BIRDFLU.USA.31MAR06,Bird flu (H5N1) to be confirmed in the USA ON/BEFORE 31st March 2006,5,13.1,Jan/08/2006 03:00:25
297881,BIRDFLU.USA.31MAR06,Bird flu (H5N1) to be confirmed in the USA ON/BEFORE 31st March 2006,1,14.9,Jan/08/2006 21:02:42
297881,BIRDFLU.USA.31MAR06,Bird flu (H5N1) to be confirmed in the USA ON/BEFORE 31st March 2006,10,15.1,Jan/08/2006 21:02:42
297881,BIRDFLU.USA.31MAR06,Bird flu (H5N1) to be confirmed in the USA ON/BEFORE 31st March 2006,5,15.0,Jan/08/2006 21:02:42
297881,BIRDFLU.USA.31MAR06,Bird flu (H5N1) to be confirmed in the USA ON/BEFORE 31st March 2006,1,14.5,Jan/09/2006 08:14:30
297881,BIRDFLU.USA.31MAR06,Bird flu (H5N1) to be confirmed in the USA ON/BEFORE 31st March 2006,4,16.0,Jan/09/2006 11:57:54
297881,BIRDFLU.USA.31MAR06,Bird flu (H5N1) to be confirmed in the USA ON/BEFORE 31st March 2006,5,15.2,Jan/09/2006 18:29:59
297881,BIRDFLU.USA.31MAR06,Bird flu (H5N1) to be confirmed in the USA ON/BEFORE 31st March 2006,5,15.2,Jan/09/2006 22:41:33
297881,BIRDFLU.USA.31MAR06,Bird flu (H5N1) to be confirmed in the USA ON/BEFORE 31st March 2006,2,15.1,Jan/09/2006 23:21:12
297881,BIRDFLU.USA.31MAR06,Bird flu (H5N1) to be confirmed in the USA ON/BEFORE 31st March 2006,2,15.7,Jan/10/2006 03:06:43
297881,BIRDFLU.USA.31MAR06,Bird flu (H5N1) to be confirmed in the USA ON/BEFORE 31st March 2006,11,15.6,Jan/10/2006 03:06:43
297881,BIRDFLU.USA.31MAR06,Bird flu (H5N1) to be confirmed in the USA ON/BEFORE 31st March 2006,5,15.9,Jan/10/2006 05:03:59
297881,BIRDFLU.USA.31MAR06,Bird flu (H5N1) to be confirmed in the USA ON/BEFORE 31st March 2006,1,15.7,Jan/10/2006 05:03:59
297881,BIRDFLU.USA.31MAR06,Bird flu (H5N1) to be confirmed in the USA ON/BEFORE 31st March 2006,5,15.7,Jan/10/2006 05:03:59
297881,BIRDFLU.USA.31MAR06,Bird flu (H5N1) to be confirmed in the USA ON/BEFORE 31st March 2006,9,15.9,Jan/10/2006 05:10:54
297881,BIRDFLU.USA.31MAR06,Bird flu (H5N1) to be confirmed in the USA ON/BEFORE 31st March 2006,5,16.0,Jan/10/2006 08:58:39
297881,BIRDFLU.USA.31MAR06,Bird flu (H5N1) to be confirmed in the USA ON/BEFORE 31st March 2006,1,16.0,Jan/10/2006 12:16:32
297881,BIRDFLU.USA.31MAR06,Bird flu (H5N1) to be confirmed in the USA ON/BEFORE 31st March 2006,4,14.8,Jan/10/2006 12:38:05
297881,BIRDFLU.USA.31MAR06,Bird flu (H5N1) to be confirmed in the USA ON/BEFORE 31st March 2006,2,15.7,Jan/10/2006 18:18:05
297881,BIRDFLU.USA.31MAR06,Bird flu (H5N1) to be confirmed in the USA ON/BEFORE 31st March 2006,2,15.7,Jan/10/2006 18:18:05
297881,BIRDFLU.USA.31MAR06,Bird flu (H5N1) to be confirmed in the USA ON/BEFORE 31st March 2006,2,15.9,Jan/10/2006 19:45:05
297881,BIRDFLU.USA.31MAR06,Bird flu (H5N1) to be confirmed in the USA ON/BEFORE 31st March 2006,3,15.9,Jan/10/2006 20:35:43
297881,BIRDFLU.USA.31MAR06,Bird flu (H5N1) to be confirmed in the USA ON/BEFORE 31st March 2006,17,15.9,Jan/10/2006 22:39:06
297881,BIRDFLU.USA.31MAR06,Bird flu (H5N1) to be confirmed in the USA ON/BEFORE 31st March 2006,5,15.6,Jan/11/2006 03:09:18
297881,BIRDFLU.USA.31MAR06,Bird flu (H5N1) to be confirmed in the USA ON/BEFORE 31st March 2006,1,16.0,Jan/11/2006 08:50:38
297881,BIRDFLU.USA.31MAR06,Bird flu (H5N1) to be confirmed in the USA ON/BEFORE 31st March 2006,8,16.0,Jan/11/2006 13:07:45
297881,BIRDFLU.USA.31MAR06,Bird flu (H5N1) to be confirmed in the USA ON/BEFORE 31st March 2006,1,15.6,Jan/11/2006 13:28:29
297881,BIRDFLU.USA.31MAR06,Bird flu (H5N1) to be confirmed in the USA ON/BEFORE 31st March 2006,1,16.0,Jan/11/2006 15:47:10
297881,BIRDFLU.USA.31MAR06,Bird flu (H5N1) to be confirmed in the USA ON/BEFORE 31st March 2006,1,16.8,Jan/11/2006 15:47:18
297881,BIRDFLU.USA.31MAR06,Bird flu (H5N1) to be confirmed in the USA ON/BEFORE 31st March 2006,1,17.8,Jan/11/2006 21:05:24
297881,BIRDFLU.USA.31MAR06,Bird flu (H5N1) to be confirmed in the USA ON/BEFORE 31st March 2006,9,17.8,Jan/11/2006 21:15:31
297881,BIRDFLU.USA.31MAR06,Bird flu (H5N1) to be confirmed in the USA ON/BEFORE 31st March 2006,2,19.0,Jan/11/2006 21:24:08
297881,BIRDFLU.USA.31MAR06,Bird flu (H5N1) to be confirmed in the USA ON/BEFORE 31st March 2006,1,18.0,Jan/11/2006 21:37:58
297881,BIRDFLU.USA.31MAR06,Bird flu (H5N1) to be confirmed in the USA ON/BEFORE 31st March 2006,1,17.6,Jan/11/2006 23:29:15
297881,BIRDFLU.USA.31MAR06,Bird flu (H5N1) to be confirmed in the USA ON/BEFORE 31st March 2006,1,17.6,Jan/12/2006 00:30:04
297881,BIRDFLU.USA.31MAR06,Bird flu (H5N1) to be confirmed in the USA ON/BEFORE 31st March 2006,10,23.0,Jan/12/2006 00:48:14
297881,BIRDFLU.USA.31MAR06,Bird flu (H5N1) to be confirmed in the USA ON/BEFORE 31st March 2006,10,22.0,Jan/12/2006 00:48:14
297881,BIRDFLU.USA.31MAR06,Bird flu (H5N1) to be confirmed in the USA ON/BEFORE 31st March 2006,3,19.0,Jan/12/2006 00:48:14
297881,BIRDFLU.USA.31MAR06,Bird flu (H5N1) to be confirmed in the USA ON/BEFORE 31st March 2006,1,18.0,Jan/12/2006 00:48:14
297881,BIRDFLU.USA.31MAR06,Bird flu (H5N1) to be confirmed in the USA ON/BEFORE 31st March 2006,8,17.6,Jan/12/2006 02:55:26
297881,BIRDFLU.USA.31MAR06,Bird flu (H5N1) to be confirmed in the USA ON/BEFORE 31st March 2006,8,17.5,Jan/12/2006 02:55:26
297881,BIRDFLU.USA.31MAR06,Bird flu (H5N1) to be confirmed in the USA ON/BEFORE 31st March 2006,1500,15.0,Jan/12/2006 06:44:51
297881,BIRDFLU.USA.31MAR06,Bird flu (H5N1) to be confirmed in the USA ON/BEFORE 31st March 2006,1500,15.0,Jan/12/2006 06:45:15
297881,BIRDFLU.USA.31MAR06,Bird flu (H5N1) to be confirmed in the USA ON/BEFORE 31st March 2006,4,15.0,Jan/12/2006 10:37:30
297881,BIRDFLU.USA.31MAR06,Bird flu (H5N1) to be confirmed in the USA ON/BEFORE 31st March 2006,1,17.0,Jan/12/2006 13:56:33
297881,BIRDFLU.USA.31MAR06,Bird flu (H5N1) to be confirmed in the USA ON/BEFORE 31st March 2006,1,16.9,Jan/12/2006 13:56:33
297881,BIRDFLU.USA.31MAR06,Bird flu (H5N1) to be confirmed in the USA ON/BEFORE 31st March 2006,6,15.0,Jan/12/2006 15:03:58
297881,BIRDFLU.USA.31MAR06,Bird flu (H5N1) to be confirmed in the USA ON/BEFORE 31st March 2006,1,15.0,Jan/12/2006 17:02:10
297881,BIRDFLU.USA.31MAR06,Bird flu (H5N1) to be confirmed in the USA ON/BEFORE 31st March 2006,3,15.0,Jan/12/2006 17:54:46
297881,BIRDFLU.USA.31MAR06,Bird flu (H5N1) to be confirmed in the USA ON/BEFORE 31st March 2006,1,16.9,Jan/12/2006 17:54:46
297881,BIRDFLU.USA.31MAR06,Bird flu (H5N1) to be confirmed in the USA ON/BEFORE 31st March 2006,1,15.0,Jan/12/2006 17:54:46
297881,BIRDFLU.USA.31MAR06,Bird flu (H5N1) to be confirmed in the USA ON/BEFORE 31st March 2006,1,15.5,Jan/13/2006 00:37:32
297881,BIRDFLU.USA.31MAR06,Bird flu (H5N1) to be confirmed in the USA ON/BEFORE 31st March 2006,9,15.5,Jan/13/2006 02:10:27
297881,BIRDFLU.USA.31MAR06,Bird flu (H5N1) to be confirmed in the USA ON/BEFORE 31st March 2006,1,15.3,Jan/13/2006 20:07:23
297881,BIRDFLU.USA.31MAR06,Bird flu (H5N1) to be confirmed in the USA ON/BEFORE 31st March 2006,5,14.9,Jan/13/2006 20:07:41
297881,BIRDFLU.USA.31MAR06,Bird flu (H5N1) to be confirmed in the USA ON/BEFORE 31st March 2006,1,14.8,Jan/13/2006 20:08:04
297881,BIRDFLU.USA.31MAR06,Bird flu (H5N1) to be confirmed in the USA ON/BEFORE 31st March 2006,2,16.3,Jan/13/2006 21:19:57
297881,BIRDFLU.USA.31MAR06,Bird flu (H5N1) to be confirmed in the USA ON/BEFORE 31st March 2006,41,17.0,Jan/13/2006 21:34:03
297881,BIRDFLU.USA.31MAR06,Bird flu (H5N1) to be confirmed in the USA ON/BEFORE 31st March 2006,5,16.5,Jan/13/2006 21:34:03
297881,BIRDFLU.USA.31MAR06,Bird flu (H5N1) to be confirmed in the USA ON/BEFORE 31st March 2006,1,16.4,Jan/13/2006 21:34:03
297881,BIRDFLU.USA.31MAR06,Bird flu (H5N1) to be confirmed in the USA ON/BEFORE 31st March 2006,3,16.3,Jan/13/2006 21:34:03
297881,BIRDFLU.USA.31MAR06,Bird flu (H5N1) to be confirmed in the USA ON/BEFORE 31st March 2006,8,17.0,Jan/13/2006 21:34:23
297881,BIRDFLU.USA.31MAR06,Bird flu (H5N1) to be confirmed in the USA ON/BEFORE 31st March 2006,10,18.0,Jan/13/2006 21:34:48
297881,BIRDFLU.USA.31MAR06,Bird flu (H5N1) to be confirmed in the USA ON/BEFORE 31st March 2006,1,22.9,Jan/14/2006 00:25:50
297881,BIRDFLU.USA.31MAR06,Bird flu (H5N1) to be confirmed in the USA ON/BEFORE 31st March 2006,1,22.8,Jan/14/2006 00:25:50
297881,BIRDFLU.USA.31MAR06,Bird flu (H5N1) to be confirmed in the USA ON/BEFORE 31st March 2006,1,23.5,Jan/14/2006 00:25:50
297881,BIRDFLU.USA.31MAR06,Bird flu (H5N1) to be confirmed in the USA ON/BEFORE 31st March 2006,1,23.4,Jan/14/2006 00:25:50
297881,BIRDFLU.USA.31MAR06,Bird flu (H5N1) to be confirmed in the USA ON/BEFORE 31st March 2006,1,23.3,Jan/14/2006 00:25:50
297881,BIRDFLU.USA.31MAR06,Bird flu (H5N1) to be confirmed in the USA ON/BEFORE 31st March 2006,1,23.2,Jan/14/2006 00:25:50
297881,BIRDFLU.USA.31MAR06,Bird flu (H5N1) to be confirmed in the USA ON/BEFORE 31st March 2006,1,23.1,Jan/14/2006 00:25:50
297881,BIRDFLU.USA.31MAR06,Bird flu (H5N1) to be confirmed in the USA ON/BEFORE 31st March 2006,1,23.0,Jan/14/2006 00:25:50
297881,BIRDFLU.USA.31MAR06,Bird flu (H5N1) to be confirmed in the USA ON/BEFORE 31st March 2006,8,23.9,Jan/14/2006 00:27:24
297881,BIRDFLU.USA.31MAR06,Bird flu (H5N1) to be confirmed in the USA ON/BEFORE 31st March 2006,1,23.7,Jan/14/2006 00:27:24
297881,BIRDFLU.USA.31MAR06,Bird flu (H5N1) to be confirmed in the USA ON/BEFORE 31st March 2006,1,23.6,Jan/14/2006 00:27:24
297881,BIRDFLU.USA.31MAR06,Bird flu (H5N1) to be confirmed in the USA ON/BEFORE 31st March 2006,17,23.9,Jan/14/2006 00:32:17
297881,BIRDFLU.USA.31MAR06,Bird flu (H5N1) to be confirmed in the USA ON/BEFORE 31st March 2006,1,22.0,Jan/14/2006 00:55:39
297881,BIRDFLU.USA.31MAR06,Bird flu (H5N1) to be confirmed in the USA ON/BEFORE 31st March 2006,1,17.0,Jan/14/2006 01:06:31
297881,BIRDFLU.USA.31MAR06,Bird flu (H5N1) to be confirmed in the USA ON/BEFORE 31st March 2006,1,19.0,Jan/14/2006 01:06:31
297881,BIRDFLU.USA.31MAR06,Bird flu (H5N1) to be confirmed in the USA ON/BEFORE 31st March 2006,1,22.1,Jan/14/2006 05:15:34
297881,BIRDFLU.USA.31MAR06,Bird flu (H5N1) to be confirmed in the USA ON/BEFORE 31st March 2006,1,22.1,Jan/14/2006 05:59:07
297881,BIRDFLU.USA.31MAR06,Bird flu (H5N1) to be confirmed in the USA ON/BEFORE 31st March 2006,1,22.0,Jan/14/2006 05:59:14
297881,BIRDFLU.USA.31MAR06,Bird flu (H5N1) to be confirmed in the USA ON/BEFORE 31st March 2006,1,15.5,Jan/14/2006 06:57:07
297881,BIRDFLU.USA.31MAR06,Bird flu (H5N1) to be confirmed in the USA ON/BEFORE 31st March 2006,2,16.9,Jan/14/2006 13:23:52
297881,BIRDFLU.USA.31MAR06,Bird flu (H5N1) to be confirmed in the USA ON/BEFORE 31st March 2006,10,15.0,Jan/14/2006 16:04:12
297881,BIRDFLU.USA.31MAR06,Bird flu (H5N1) to be confirmed in the USA ON/BEFORE 31st March 2006,9,15.5,Jan/14/2006 16:04:12
297881,BIRDFLU.USA.31MAR06,Bird flu (H5N1) to be confirmed in the USA ON/BEFORE 31st March 2006,10,15.0,Jan/14/2006 16:04:12
297881,BIRDFLU.USA.31MAR06,Bird flu (H5N1) to be confirmed in the USA ON/BEFORE 31st March 2006,10,15.5,Jan/14/2006 16:04:12
297881,BIRDFLU.USA.31MAR06,Bird flu (H5N1) to be confirmed in the USA ON/BEFORE 31st March 2006,12,13.2,Jan/14/2006 16:14:28
297881,BIRDFLU.USA.31MAR06,Bird flu (H5N1) to be confirmed in the USA ON/BEFORE 31st March 2006,12,14.5,Jan/14/2006 16:14:28
297881,BIRDFLU.USA.31MAR06,Bird flu (H5N1) to be confirmed in the USA ON/BEFORE 31st March 2006,5,13.2,Jan/14/2006 16:14:28
297881,BIRDFLU.USA.31MAR06,Bird flu (H5N1) to be confirmed in the USA ON/BEFORE 31st March 2006,10,13.3,Jan/14/2006 16:14:28
297881,BIRDFLU.USA.31MAR06,Bird flu (H5N1) to be confirmed in the USA ON/BEFORE 31st March 2006,12,14.6,Jan/14/2006 16:14:28
297881,BIRDFLU.USA.31MAR06,Bird flu (H5N1) to be confirmed in the USA ON/BEFORE 31st March 2006,1,14.7,Jan/14/2006 16:14:28
297881,BIRDFLU.USA.31MAR06,Bird flu (H5N1) to be confirmed in the USA ON/BEFORE 31st March 2006,1,13.0,Jan/14/2006 16:15:15
297881,BIRDFLU.USA.31MAR06,Bird flu (H5N1) to be confirmed in the USA ON/BEFORE 31st March 2006,3,11.0,Jan/14/2006 16:20:39
297881,BIRDFLU.USA.31MAR06,Bird flu (H5N1) to be confirmed in the USA ON/BEFORE 31st March 2006,1,12.0,Jan/14/2006 18:28:08
297881,BIRDFLU.USA.31MAR06,Bird flu (H5N1) to be confirmed in the USA ON/BEFORE 31st March 2006,1,12.0,Jan/14/2006 18:30:48
