market id,market symbol,market name,trade quantity,trade price,date/time [utc]
310933,BIRDFLU.USA.31DEC06,Bird flu (H5N1) to be confirmed in the USA ON/BEFORE 31st December 2006,10,65.0,Mar/03/2006 08:48:53
310933,BIRDFLU.USA.31DEC06,Bird flu (H5N1) to be confirmed in the USA ON/BEFORE 31st December 2006,1,64.0,Mar/03/2006 08:48:53
310933,BIRDFLU.USA.31DEC06,Bird flu (H5N1) to be confirmed in the USA ON/BEFORE 31st December 2006,1,65.0,Mar/05/2006 05:22:51
310933,BIRDFLU.USA.31DEC06,Bird flu (H5N1) to be confirmed in the USA ON/BEFORE 31st December 2006,1,63.0,Mar/09/2006 04:29:49
310933,BIRDFLU.USA.31DEC06,Bird flu (H5N1) to be confirmed in the USA ON/BEFORE 31st December 2006,9,63.0,Mar/09/2006 06:23:04
310933,BIRDFLU.USA.31DEC06,Bird flu (H5N1) to be confirmed in the USA ON/BEFORE 31st December 2006,9,65.0,Mar/09/2006 11:26:53
310933,BIRDFLU.USA.31DEC06,Bird flu (H5N1) to be confirmed in the USA ON/BEFORE 31st December 2006,10,65.0,Mar/09/2006 21:58:34
310933,BIRDFLU.USA.31DEC06,Bird flu (H5N1) to be confirmed in the USA ON/BEFORE 31st December 2006,2,71.0,Mar/10/2006 10:54:04
310933,BIRDFLU.USA.31DEC06,Bird flu (H5N1) to be confirmed in the USA ON/BEFORE 31st December 2006,1,71.5,Mar/10/2006 10:54:04
310933,BIRDFLU.USA.31DEC06,Bird flu (H5N1) to be confirmed in the USA ON/BEFORE 31st December 2006,4,73.2,Mar/10/2006 10:54:04
310933,BIRDFLU.USA.31DEC06,Bird flu (H5N1) to be confirmed in the USA ON/BEFORE 31st December 2006,10,72.5,Mar/10/2006 10:54:04
310933,BIRDFLU.USA.31DEC06,Bird flu (H5N1) to be confirmed in the USA ON/BEFORE 31st December 2006,10,75.0,Mar/10/2006 10:54:04
310933,BIRDFLU.USA.31DEC06,Bird flu (H5N1) to be confirmed in the USA ON/BEFORE 31st December 2006,2,66.0,Mar/10/2006 22:55:23
310933,BIRDFLU.USA.31DEC06,Bird flu (H5N1) to be confirmed in the USA ON/BEFORE 31st December 2006,10,70.0,Mar/11/2006 20:53:47
310933,BIRDFLU.USA.31DEC06,Bird flu (H5N1) to be confirmed in the USA ON/BEFORE 31st December 2006,2,69.7,Mar/11/2006 20:53:47
310933,BIRDFLU.USA.31DEC06,Bird flu (H5N1) to be confirmed in the USA ON/BEFORE 31st December 2006,2,75.6,Mar/12/2006 05:23:01
310933,BIRDFLU.USA.31DEC06,Bird flu (H5N1) to be confirmed in the USA ON/BEFORE 31st December 2006,1,76.8,Mar/12/2006 05:25:17
310933,BIRDFLU.USA.31DEC06,Bird flu (H5N1) to be confirmed in the USA ON/BEFORE 31st December 2006,3,77.0,Mar/14/2006 03:43:21
310933,BIRDFLU.USA.31DEC06,Bird flu (H5N1) to be confirmed in the USA ON/BEFORE 31st December 2006,8,76.5,Mar/14/2006 03:43:21
310933,BIRDFLU.USA.31DEC06,Bird flu (H5N1) to be confirmed in the USA ON/BEFORE 31st December 2006,1,74.3,Mar/14/2006 03:43:21
310933,BIRDFLU.USA.31DEC06,Bird flu (H5N1) to be confirmed in the USA ON/BEFORE 31st December 2006,2,74.5,Mar/14/2006 03:43:21
310933,BIRDFLU.USA.31DEC06,Bird flu (H5N1) to be confirmed in the USA ON/BEFORE 31st December 2006,10,75.0,Mar/14/2006 16:50:47
310933,BIRDFLU.USA.31DEC06,Bird flu (H5N1) to be confirmed in the USA ON/BEFORE 31st December 2006,10,74.7,Mar/14/2006 17:15:28
310933,BIRDFLU.USA.31DEC06,Bird flu (H5N1) to be confirmed in the USA ON/BEFORE 31st December 2006,2,78.4,Mar/14/2006 17:16:30
310933,BIRDFLU.USA.31DEC06,Bird flu (H5N1) to be confirmed in the USA ON/BEFORE 31st December 2006,2,76.5,Mar/14/2006 17:16:30
310933,BIRDFLU.USA.31DEC06,Bird flu (H5N1) to be confirmed in the USA ON/BEFORE 31st December 2006,9,79.0,Mar/14/2006 17:16:30
310933,BIRDFLU.USA.31DEC06,Bird flu (H5N1) to be confirmed in the USA ON/BEFORE 31st December 2006,4,78.2,Mar/14/2006 17:16:30
310933,BIRDFLU.USA.31DEC06,Bird flu (H5N1) to be confirmed in the USA ON/BEFORE 31st December 2006,8,77.5,Mar/14/2006 17:16:30
310933,BIRDFLU.USA.31DEC06,Bird flu (H5N1) to be confirmed in the USA ON/BEFORE 31st December 2006,1,79.7,Mar/15/2006 13:23:32
310933,BIRDFLU.USA.31DEC06,Bird flu (H5N1) to be confirmed in the USA ON/BEFORE 31st December 2006,3,79.7,Mar/15/2006 18:29:26
310933,BIRDFLU.USA.31DEC06,Bird flu (H5N1) to be confirmed in the USA ON/BEFORE 31st December 2006,2,79.8,Mar/15/2006 18:29:46
310933,BIRDFLU.USA.31DEC06,Bird flu (H5N1) to be confirmed in the USA ON/BEFORE 31st December 2006,1,75.4,Mar/15/2006 23:45:45
310933,BIRDFLU.USA.31DEC06,Bird flu (H5N1) to be confirmed in the USA ON/BEFORE 31st December 2006,1,75.4,Mar/15/2006 23:46:04
310933,BIRDFLU.USA.31DEC06,Bird flu (H5N1) to be confirmed in the USA ON/BEFORE 31st December 2006,3,75.4,Mar/16/2006 01:58:53
310933,BIRDFLU.USA.31DEC06,Bird flu (H5N1) to be confirmed in the USA ON/BEFORE 31st December 2006,20,75.0,Mar/16/2006 01:58:53
310933,BIRDFLU.USA.31DEC06,Bird flu (H5N1) to be confirmed in the USA ON/BEFORE 31st December 2006,3,75.2,Mar/16/2006 01:58:53
310933,BIRDFLU.USA.31DEC06,Bird flu (H5N1) to be confirmed in the USA ON/BEFORE 31st December 2006,2,75.3,Mar/16/2006 01:58:53
310933,BIRDFLU.USA.31DEC06,Bird flu (H5N1) to be confirmed in the USA ON/BEFORE 31st December 2006,3,73.6,Mar/16/2006 03:38:28
310933,BIRDFLU.USA.31DEC06,Bird flu (H5N1) to be confirmed in the USA ON/BEFORE 31st December 2006,2,73.1,Mar/17/2006 01:08:51
310933,BIRDFLU.USA.31DEC06,Bird flu (H5N1) to be confirmed in the USA ON/BEFORE 31st December 2006,3,72.4,Mar/17/2006 01:09:09
310933,BIRDFLU.USA.31DEC06,Bird flu (H5N1) to be confirmed in the USA ON/BEFORE 31st December 2006,3,72.1,Mar/17/2006 01:09:09
310933,BIRDFLU.USA.31DEC06,Bird flu (H5N1) to be confirmed in the USA ON/BEFORE 31st December 2006,2,72.7,Mar/17/2006 01:09:09
310933,BIRDFLU.USA.31DEC06,Bird flu (H5N1) to be confirmed in the USA ON/BEFORE 31st December 2006,2,73.9,Mar/17/2006 06:01:08
310933,BIRDFLU.USA.31DEC06,Bird flu (H5N1) to be confirmed in the USA ON/BEFORE 31st December 2006,2,70.6,Mar/18/2006 02:12:12
310933,BIRDFLU.USA.31DEC06,Bird flu (H5N1) to be confirmed in the USA ON/BEFORE 31st December 2006,3,71.0,Mar/18/2006 02:12:12
310933,BIRDFLU.USA.31DEC06,Bird flu (H5N1) to be confirmed in the USA ON/BEFORE 31st December 2006,2,70.3,Mar/18/2006 02:12:36
310933,BIRDFLU.USA.31DEC06,Bird flu (H5N1) to be confirmed in the USA ON/BEFORE 31st December 2006,1,70.4,Mar/18/2006 02:12:36
310933,BIRDFLU.USA.31DEC06,Bird flu (H5N1) to be confirmed in the USA ON/BEFORE 31st December 2006,2,70.4,Mar/18/2006 02:12:36
310933,BIRDFLU.USA.31DEC06,Bird flu (H5N1) to be confirmed in the USA ON/BEFORE 31st December 2006,2,74.8,Mar/18/2006 13:55:16
310933,BIRDFLU.USA.31DEC06,Bird flu (H5N1) to be confirmed in the USA ON/BEFORE 31st December 2006,5,72.1,Mar/18/2006 22:09:51
310933,BIRDFLU.USA.31DEC06,Bird flu (H5N1) to be confirmed in the USA ON/BEFORE 31st December 2006,1,71.5,Mar/19/2006 00:12:33
310933,BIRDFLU.USA.31DEC06,Bird flu (H5N1) to be confirmed in the USA ON/BEFORE 31st December 2006,3,71.4,Mar/19/2006 16:40:52
310933,BIRDFLU.USA.31DEC06,Bird flu (H5N1) to be confirmed in the USA ON/BEFORE 31st December 2006,1,71.5,Mar/19/2006 16:40:52
310933,BIRDFLU.USA.31DEC06,Bird flu (H5N1) to be confirmed in the USA ON/BEFORE 31st December 2006,3,71.7,Mar/19/2006 16:40:52
310933,BIRDFLU.USA.31DEC06,Bird flu (H5N1) to be confirmed in the USA ON/BEFORE 31st December 2006,4,72.3,Mar/19/2006 16:40:52
310933,BIRDFLU.USA.31DEC06,Bird flu (H5N1) to be confirmed in the USA ON/BEFORE 31st December 2006,1,73.2,Mar/19/2006 16:40:52
310933,BIRDFLU.USA.31DEC06,Bird flu (H5N1) to be confirmed in the USA ON/BEFORE 31st December 2006,2,73.0,Mar/19/2006 16:40:52
310933,BIRDFLU.USA.31DEC06,Bird flu (H5N1) to be confirmed in the USA ON/BEFORE 31st December 2006,2,71.2,Mar/19/2006 16:40:52
310933,BIRDFLU.USA.31DEC06,Bird flu (H5N1) to be confirmed in the USA ON/BEFORE 31st December 2006,1,70.3,Mar/19/2006 16:40:52
310933,BIRDFLU.USA.31DEC06,Bird flu (H5N1) to be confirmed in the USA ON/BEFORE 31st December 2006,1,70.6,Mar/19/2006 16:40:52
310933,BIRDFLU.USA.31DEC06,Bird flu (H5N1) to be confirmed in the USA ON/BEFORE 31st December 2006,2,70.4,Mar/19/2006 16:40:52
310933,BIRDFLU.USA.31DEC06,Bird flu (H5N1) to be confirmed in the USA ON/BEFORE 31st December 2006,1,73.0,Mar/20/2006 21:13:07
310933,BIRDFLU.USA.31DEC06,Bird flu (H5N1) to be confirmed in the USA ON/BEFORE 31st December 2006,2,72.6,Mar/20/2006 23:02:09
310933,BIRDFLU.USA.31DEC06,Bird flu (H5N1) to be confirmed in the USA ON/BEFORE 31st December 2006,4,73.0,Mar/21/2006 04:03:25
310933,BIRDFLU.USA.31DEC06,Bird flu (H5N1) to be confirmed in the USA ON/BEFORE 31st December 2006,6,73.0,Mar/21/2006 04:03:25
310933,BIRDFLU.USA.31DEC06,Bird flu (H5N1) to be confirmed in the USA ON/BEFORE 31st December 2006,2,73.4,Mar/21/2006 15:48:24
310933,BIRDFLU.USA.31DEC06,Bird flu (H5N1) to be confirmed in the USA ON/BEFORE 31st December 2006,3,73.7,Mar/21/2006 15:48:24
310933,BIRDFLU.USA.31DEC06,Bird flu (H5N1) to be confirmed in the USA ON/BEFORE 31st December 2006,3,73.1,Mar/21/2006 19:30:40
310933,BIRDFLU.USA.31DEC06,Bird flu (H5N1) to be confirmed in the USA ON/BEFORE 31st December 2006,2,72.6,Mar/23/2006 06:53:47
310933,BIRDFLU.USA.31DEC06,Bird flu (H5N1) to be confirmed in the USA ON/BEFORE 31st December 2006,1,71.2,Mar/23/2006 06:53:47
310933,BIRDFLU.USA.31DEC06,Bird flu (H5N1) to be confirmed in the USA ON/BEFORE 31st December 2006,2,72.3,Mar/23/2006 06:53:47
310933,BIRDFLU.USA.31DEC06,Bird flu (H5N1) to be confirmed in the USA ON/BEFORE 31st December 2006,2,72.6,Mar/23/2006 06:53:47
310933,BIRDFLU.USA.31DEC06,Bird flu (H5N1) to be confirmed in the USA ON/BEFORE 31st December 2006,3,72.0,Mar/24/2006 02:32:23
310933,BIRDFLU.USA.31DEC06,Bird flu (H5N1) to be confirmed in the USA ON/BEFORE 31st December 2006,2,70.6,Mar/24/2006 02:34:31
310933,BIRDFLU.USA.31DEC06,Bird flu (H5N1) to be confirmed in the USA ON/BEFORE 31st December 2006,2,71.7,Mar/24/2006 02:34:31
310933,BIRDFLU.USA.31DEC06,Bird flu (H5N1) to be confirmed in the USA ON/BEFORE 31st December 2006,2,71.2,Mar/24/2006 02:34:31
310933,BIRDFLU.USA.31DEC06,Bird flu (H5N1) to be confirmed in the USA ON/BEFORE 31st December 2006,3,70.3,Mar/24/2006 02:34:31
310933,BIRDFLU.USA.31DEC06,Bird flu (H5N1) to be confirmed in the USA ON/BEFORE 31st December 2006,4,71.8,Mar/24/2006 02:34:31
310933,BIRDFLU.USA.31DEC06,Bird flu (H5N1) to be confirmed in the USA ON/BEFORE 31st December 2006,10,70.0,Mar/24/2006 02:35:19
310933,BIRDFLU.USA.31DEC06,Bird flu (H5N1) to be confirmed in the USA ON/BEFORE 31st December 2006,3,70.1,Mar/24/2006 02:35:19
310933,BIRDFLU.USA.31DEC06,Bird flu (H5N1) to be confirmed in the USA ON/BEFORE 31st December 2006,2,70.2,Mar/24/2006 02:35:19
310933,BIRDFLU.USA.31DEC06,Bird flu (H5N1) to be confirmed in the USA ON/BEFORE 31st December 2006,1,70.2,Mar/24/2006 02:35:19
310933,BIRDFLU.USA.31DEC06,Bird flu (H5N1) to be confirmed in the USA ON/BEFORE 31st December 2006,10,70.0,Mar/24/2006 02:35:19
310933,BIRDFLU.USA.31DEC06,Bird flu (H5N1) to be confirmed in the USA ON/BEFORE 31st December 2006,1,70.1,Mar/24/2006 02:35:19
310933,BIRDFLU.USA.31DEC06,Bird flu (H5N1) to be confirmed in the USA ON/BEFORE 31st December 2006,1,71.6,Mar/25/2006 00:31:55
310933,BIRDFLU.USA.31DEC06,Bird flu (H5N1) to be confirmed in the USA ON/BEFORE 31st December 2006,2,70.0,Mar/25/2006 17:47:40
310933,BIRDFLU.USA.31DEC06,Bird flu (H5N1) to be confirmed in the USA ON/BEFORE 31st December 2006,3,70.0,Mar/25/2006 17:47:40
310933,BIRDFLU.USA.31DEC06,Bird flu (H5N1) to be confirmed in the USA ON/BEFORE 31st December 2006,2,69.9,Mar/27/2006 17:11:05
310933,BIRDFLU.USA.31DEC06,Bird flu (H5N1) to be confirmed in the USA ON/BEFORE 31st December 2006,10,70.0,Mar/27/2006 20:11:57
310933,BIRDFLU.USA.31DEC06,Bird flu (H5N1) to be confirmed in the USA ON/BEFORE 31st December 2006,5,70.0,Mar/27/2006 20:11:57
310933,BIRDFLU.USA.31DEC06,Bird flu (H5N1) to be confirmed in the USA ON/BEFORE 31st December 2006,20,70.4,Mar/27/2006 22:06:48
310933,BIRDFLU.USA.31DEC06,Bird flu (H5N1) to be confirmed in the USA ON/BEFORE 31st December 2006,3,71.4,Mar/28/2006 03:00:25
310933,BIRDFLU.USA.31DEC06,Bird flu (H5N1) to be confirmed in the USA ON/BEFORE 31st December 2006,2,71.9,Mar/28/2006 03:00:55
310933,BIRDFLU.USA.31DEC06,Bird flu (H5N1) to be confirmed in the USA ON/BEFORE 31st December 2006,3,72.4,Mar/28/2006 03:01:27
310933,BIRDFLU.USA.31DEC06,Bird flu (H5N1) to be confirmed in the USA ON/BEFORE 31st December 2006,4,72.8,Mar/28/2006 03:03:01
310933,BIRDFLU.USA.31DEC06,Bird flu (H5N1) to be confirmed in the USA ON/BEFORE 31st December 2006,2,72.9,Mar/28/2006 05:16:52
310933,BIRDFLU.USA.31DEC06,Bird flu (H5N1) to be confirmed in the USA ON/BEFORE 31st December 2006,5,73.0,Mar/28/2006 05:17:51
310933,BIRDFLU.USA.31DEC06,Bird flu (H5N1) to be confirmed in the USA ON/BEFORE 31st December 2006,3,70.5,Mar/28/2006 08:11:12
310933,BIRDFLU.USA.31DEC06,Bird flu (H5N1) to be confirmed in the USA ON/BEFORE 31st December 2006,4,69.9,Mar/28/2006 08:11:12
310933,BIRDFLU.USA.31DEC06,Bird flu (H5N1) to be confirmed in the USA ON/BEFORE 31st December 2006,7,70.0,Mar/28/2006 08:11:12
310933,BIRDFLU.USA.31DEC06,Bird flu (H5N1) to be confirmed in the USA ON/BEFORE 31st December 2006,4,70.2,Mar/28/2006 08:11:12
310933,BIRDFLU.USA.31DEC06,Bird flu (H5N1) to be confirmed in the USA ON/BEFORE 31st December 2006,3,69.8,Mar/28/2006 08:11:12
310933,BIRDFLU.USA.31DEC06,Bird flu (H5N1) to be confirmed in the USA ON/BEFORE 31st December 2006,2,69.5,Mar/28/2006 08:11:43
310933,BIRDFLU.USA.31DEC06,Bird flu (H5N1) to be confirmed in the USA ON/BEFORE 31st December 2006,3,69.3,Mar/28/2006 08:11:43
310933,BIRDFLU.USA.31DEC06,Bird flu (H5N1) to be confirmed in the USA ON/BEFORE 31st December 2006,2,69.2,Mar/28/2006 08:11:43
310933,BIRDFLU.USA.31DEC06,Bird flu (H5N1) to be confirmed in the USA ON/BEFORE 31st December 2006,1,69.1,Mar/28/2006 08:11:43
310933,BIRDFLU.USA.31DEC06,Bird flu (H5N1) to be confirmed in the USA ON/BEFORE 31st December 2006,2,69.0,Mar/28/2006 08:11:43
310933,BIRDFLU.USA.31DEC06,Bird flu (H5N1) to be confirmed in the USA ON/BEFORE 31st December 2006,1,70.2,Mar/28/2006 14:31:26
310933,BIRDFLU.USA.31DEC06,Bird flu (H5N1) to be confirmed in the USA ON/BEFORE 31st December 2006,1,68.6,Mar/28/2006 19:15:54
310933,BIRDFLU.USA.31DEC06,Bird flu (H5N1) to be confirmed in the USA ON/BEFORE 31st December 2006,2,70.3,Mar/28/2006 23:40:23
310933,BIRDFLU.USA.31DEC06,Bird flu (H5N1) to be confirmed in the USA ON/BEFORE 31st December 2006,2,70.5,Mar/28/2006 23:40:23
310933,BIRDFLU.USA.31DEC06,Bird flu (H5N1) to be confirmed in the USA ON/BEFORE 31st December 2006,3,70.8,Mar/28/2006 23:40:23
310933,BIRDFLU.USA.31DEC06,Bird flu (H5N1) to be confirmed in the USA ON/BEFORE 31st December 2006,7,71.0,Mar/28/2006 23:40:23
310933,BIRDFLU.USA.31DEC06,Bird flu (H5N1) to be confirmed in the USA ON/BEFORE 31st December 2006,96,70.0,Mar/29/2006 02:11:09
310933,BIRDFLU.USA.31DEC06,Bird flu (H5N1) to be confirmed in the USA ON/BEFORE 31st December 2006,4,70.2,Mar/29/2006 02:11:09
310933,BIRDFLU.USA.31DEC06,Bird flu (H5N1) to be confirmed in the USA ON/BEFORE 31st December 2006,4,70.0,Mar/29/2006 02:11:44
310933,BIRDFLU.USA.31DEC06,Bird flu (H5N1) to be confirmed in the USA ON/BEFORE 31st December 2006,3,70.0,Mar/30/2006 01:14:15
310933,BIRDFLU.USA.31DEC06,Bird flu (H5N1) to be confirmed in the USA ON/BEFORE 31st December 2006,2,69.6,Mar/30/2006 01:31:37
310933,BIRDFLU.USA.31DEC06,Bird flu (H5N1) to be confirmed in the USA ON/BEFORE 31st December 2006,2,69.2,Mar/30/2006 01:31:58
310933,BIRDFLU.USA.31DEC06,Bird flu (H5N1) to be confirmed in the USA ON/BEFORE 31st December 2006,2,69.3,Mar/30/2006 01:31:58
310933,BIRDFLU.USA.31DEC06,Bird flu (H5N1) to be confirmed in the USA ON/BEFORE 31st December 2006,1,69.4,Mar/30/2006 01:31:58
310933,BIRDFLU.USA.31DEC06,Bird flu (H5N1) to be confirmed in the USA ON/BEFORE 31st December 2006,1,69.0,Mar/30/2006 01:32:44
310933,BIRDFLU.USA.31DEC06,Bird flu (H5N1) to be confirmed in the USA ON/BEFORE 31st December 2006,1,69.2,Mar/30/2006 01:32:44
310933,BIRDFLU.USA.31DEC06,Bird flu (H5N1) to be confirmed in the USA ON/BEFORE 31st December 2006,2,71.5,Mar/30/2006 16:16:23
310933,BIRDFLU.USA.31DEC06,Bird flu (H5N1) to be confirmed in the USA ON/BEFORE 31st December 2006,2,70.0,Mar/30/2006 20:50:42
310933,BIRDFLU.USA.31DEC06,Bird flu (H5N1) to be confirmed in the USA ON/BEFORE 31st December 2006,2,69.8,Mar/30/2006 22:37:21
310933,BIRDFLU.USA.31DEC06,Bird flu (H5N1) to be confirmed in the USA ON/BEFORE 31st December 2006,2,68.6,Mar/30/2006 22:37:21
310933,BIRDFLU.USA.31DEC06,Bird flu (H5N1) to be confirmed in the USA ON/BEFORE 31st December 2006,3,69.7,Mar/30/2006 22:37:21
310933,BIRDFLU.USA.31DEC06,Bird flu (H5N1) to be confirmed in the USA ON/BEFORE 31st December 2006,1,68.7,Mar/30/2006 22:37:21
310933,BIRDFLU.USA.31DEC06,Bird flu (H5N1) to be confirmed in the USA ON/BEFORE 31st December 2006,2,68.1,Mar/30/2006 22:37:21
310933,BIRDFLU.USA.31DEC06,Bird flu (H5N1) to be confirmed in the USA ON/BEFORE 31st December 2006,5,70.0,Mar/31/2006 04:47:32
310933,BIRDFLU.USA.31DEC06,Bird flu (H5N1) to be confirmed in the USA ON/BEFORE 31st December 2006,1,70.1,Mar/31/2006 04:48:10
310933,BIRDFLU.USA.31DEC06,Bird flu (H5N1) to be confirmed in the USA ON/BEFORE 31st December 2006,1,70.2,Mar/31/2006 04:48:53
310933,BIRDFLU.USA.31DEC06,Bird flu (H5N1) to be confirmed in the USA ON/BEFORE 31st December 2006,1,70.3,Mar/31/2006 04:50:09
310933,BIRDFLU.USA.31DEC06,Bird flu (H5N1) to be confirmed in the USA ON/BEFORE 31st December 2006,1,70.4,Mar/31/2006 04:50:55
310933,BIRDFLU.USA.31DEC06,Bird flu (H5N1) to be confirmed in the USA ON/BEFORE 31st December 2006,5,70.5,Mar/31/2006 04:51:39
310933,BIRDFLU.USA.31DEC06,Bird flu (H5N1) to be confirmed in the USA ON/BEFORE 31st December 2006,5,71.0,Mar/31/2006 05:31:22
310933,BIRDFLU.USA.31DEC06,Bird flu (H5N1) to be confirmed in the USA ON/BEFORE 31st December 2006,3,71.4,Mar/31/2006 06:45:53
310933,BIRDFLU.USA.31DEC06,Bird flu (H5N1) to be confirmed in the USA ON/BEFORE 31st December 2006,2,71.5,Mar/31/2006 06:45:53
310933,BIRDFLU.USA.31DEC06,Bird flu (H5N1) to be confirmed in the USA ON/BEFORE 31st December 2006,2,70.5,Mar/31/2006 16:16:37
310933,BIRDFLU.USA.31DEC06,Bird flu (H5N1) to be confirmed in the USA ON/BEFORE 31st December 2006,3,73.9,Mar/31/2006 16:44:12
310933,BIRDFLU.USA.31DEC06,Bird flu (H5N1) to be confirmed in the USA ON/BEFORE 31st December 2006,2,73.7,Mar/31/2006 16:44:12
310933,BIRDFLU.USA.31DEC06,Bird flu (H5N1) to be confirmed in the USA ON/BEFORE 31st December 2006,2,72.8,Mar/31/2006 16:44:12
310933,BIRDFLU.USA.31DEC06,Bird flu (H5N1) to be confirmed in the USA ON/BEFORE 31st December 2006,2,71.8,Mar/31/2006 16:44:12
310933,BIRDFLU.USA.31DEC06,Bird flu (H5N1) to be confirmed in the USA ON/BEFORE 31st December 2006,2,72.4,Mar/31/2006 16:44:12
310933,BIRDFLU.USA.31DEC06,Bird flu (H5N1) to be confirmed in the USA ON/BEFORE 31st December 2006,4,74.9,Mar/31/2006 16:48:36
310933,BIRDFLU.USA.31DEC06,Bird flu (H5N1) to be confirmed in the USA ON/BEFORE 31st December 2006,3,74.4,Mar/31/2006 16:48:36
310933,BIRDFLU.USA.31DEC06,Bird flu (H5N1) to be confirmed in the USA ON/BEFORE 31st December 2006,2,74.8,Mar/31/2006 16:48:36
310933,BIRDFLU.USA.31DEC06,Bird flu (H5N1) to be confirmed in the USA ON/BEFORE 31st December 2006,10,75.0,Mar/31/2006 16:52:23
310933,BIRDFLU.USA.31DEC06,Bird flu (H5N1) to be confirmed in the USA ON/BEFORE 31st December 2006,5,75.0,Mar/31/2006 16:52:23
310933,BIRDFLU.USA.31DEC06,Bird flu (H5N1) to be confirmed in the USA ON/BEFORE 31st December 2006,2,70.4,Apr/01/2006 02:05:54
310933,BIRDFLU.USA.31DEC06,Bird flu (H5N1) to be confirmed in the USA ON/BEFORE 31st December 2006,1,70.5,Apr/01/2006 02:05:54
310933,BIRDFLU.USA.31DEC06,Bird flu (H5N1) to be confirmed in the USA ON/BEFORE 31st December 2006,1,70.6,Apr/01/2006 02:05:54
310933,BIRDFLU.USA.31DEC06,Bird flu (H5N1) to be confirmed in the USA ON/BEFORE 31st December 2006,2,70.8,Apr/01/2006 02:05:54
310933,BIRDFLU.USA.31DEC06,Bird flu (H5N1) to be confirmed in the USA ON/BEFORE 31st December 2006,2,71.0,Apr/01/2006 02:05:54
310933,BIRDFLU.USA.31DEC06,Bird flu (H5N1) to be confirmed in the USA ON/BEFORE 31st December 2006,1,70.2,Apr/01/2006 02:05:54
310933,BIRDFLU.USA.31DEC06,Bird flu (H5N1) to be confirmed in the USA ON/BEFORE 31st December 2006,3,70.0,Apr/01/2006 13:58:26
310933,BIRDFLU.USA.31DEC06,Bird flu (H5N1) to be confirmed in the USA ON/BEFORE 31st December 2006,2,70.2,Apr/01/2006 13:58:26
310933,BIRDFLU.USA.31DEC06,Bird flu (H5N1) to be confirmed in the USA ON/BEFORE 31st December 2006,2,72.8,Apr/01/2006 16:07:52
310933,BIRDFLU.USA.31DEC06,Bird flu (H5N1) to be confirmed in the USA ON/BEFORE 31st December 2006,2,73.0,Apr/01/2006 16:07:52
310933,BIRDFLU.USA.31DEC06,Bird flu (H5N1) to be confirmed in the USA ON/BEFORE 31st December 2006,2,73.0,Apr/01/2006 21:02:59
310933,BIRDFLU.USA.31DEC06,Bird flu (H5N1) to be confirmed in the USA ON/BEFORE 31st December 2006,1,73.2,Apr/01/2006 21:04:49
310933,BIRDFLU.USA.31DEC06,Bird flu (H5N1) to be confirmed in the USA ON/BEFORE 31st December 2006,4,73.4,Apr/01/2006 21:04:49
310933,BIRDFLU.USA.31DEC06,Bird flu (H5N1) to be confirmed in the USA ON/BEFORE 31st December 2006,7,73.5,Apr/01/2006 21:05:48
310933,BIRDFLU.USA.31DEC06,Bird flu (H5N1) to be confirmed in the USA ON/BEFORE 31st December 2006,24,74.0,Apr/01/2006 21:07:17
310933,BIRDFLU.USA.31DEC06,Bird flu (H5N1) to be confirmed in the USA ON/BEFORE 31st December 2006,3,73.7,Apr/01/2006 21:07:17
310933,BIRDFLU.USA.31DEC06,Bird flu (H5N1) to be confirmed in the USA ON/BEFORE 31st December 2006,35,71.1,Apr/02/2006 01:37:19
310933,BIRDFLU.USA.31DEC06,Bird flu (H5N1) to be confirmed in the USA ON/BEFORE 31st December 2006,1,68.5,Apr/02/2006 13:02:56
310933,BIRDFLU.USA.31DEC06,Bird flu (H5N1) to be confirmed in the USA ON/BEFORE 31st December 2006,10,70.0,Apr/03/2006 15:16:53
310933,BIRDFLU.USA.31DEC06,Bird flu (H5N1) to be confirmed in the USA ON/BEFORE 31st December 2006,1,69.0,Apr/04/2006 01:44:15
310933,BIRDFLU.USA.31DEC06,Bird flu (H5N1) to be confirmed in the USA ON/BEFORE 31st December 2006,2,69.0,Apr/04/2006 03:04:46
310933,BIRDFLU.USA.31DEC06,Bird flu (H5N1) to be confirmed in the USA ON/BEFORE 31st December 2006,1,69.0,Apr/04/2006 13:31:37
310933,BIRDFLU.USA.31DEC06,Bird flu (H5N1) to be confirmed in the USA ON/BEFORE 31st December 2006,1,71.0,Apr/04/2006 15:18:50
310933,BIRDFLU.USA.31DEC06,Bird flu (H5N1) to be confirmed in the USA ON/BEFORE 31st December 2006,2,69.0,Apr/04/2006 20:54:58
310933,BIRDFLU.USA.31DEC06,Bird flu (H5N1) to be confirmed in the USA ON/BEFORE 31st December 2006,3,68.8,Apr/04/2006 20:55:12
310933,BIRDFLU.USA.31DEC06,Bird flu (H5N1) to be confirmed in the USA ON/BEFORE 31st December 2006,2,68.7,Apr/04/2006 20:55:21
310933,BIRDFLU.USA.31DEC06,Bird flu (H5N1) to be confirmed in the USA ON/BEFORE 31st December 2006,12,68.5,Apr/04/2006 20:55:34
310933,BIRDFLU.USA.31DEC06,Bird flu (H5N1) to be confirmed in the USA ON/BEFORE 31st December 2006,1,68.3,Apr/04/2006 20:55:51
310933,BIRDFLU.USA.31DEC06,Bird flu (H5N1) to be confirmed in the USA ON/BEFORE 31st December 2006,2,68.1,Apr/04/2006 20:56:00
310933,BIRDFLU.USA.31DEC06,Bird flu (H5N1) to be confirmed in the USA ON/BEFORE 31st December 2006,5,67.3,Apr/04/2006 20:59:13
310933,BIRDFLU.USA.31DEC06,Bird flu (H5N1) to be confirmed in the USA ON/BEFORE 31st December 2006,2,67.2,Apr/04/2006 20:59:20
310933,BIRDFLU.USA.31DEC06,Bird flu (H5N1) to be confirmed in the USA ON/BEFORE 31st December 2006,1,66.7,Apr/04/2006 21:05:46
310933,BIRDFLU.USA.31DEC06,Bird flu (H5N1) to be confirmed in the USA ON/BEFORE 31st December 2006,3,69.4,Apr/05/2006 00:01:21
310933,BIRDFLU.USA.31DEC06,Bird flu (H5N1) to be confirmed in the USA ON/BEFORE 31st December 2006,2,67.0,Apr/05/2006 03:41:50
310933,BIRDFLU.USA.31DEC06,Bird flu (H5N1) to be confirmed in the USA ON/BEFORE 31st December 2006,8,67.0,Apr/05/2006 05:22:24
310933,BIRDFLU.USA.31DEC06,Bird flu (H5N1) to be confirmed in the USA ON/BEFORE 31st December 2006,1,67.0,Apr/05/2006 20:23:38
310933,BIRDFLU.USA.31DEC06,Bird flu (H5N1) to be confirmed in the USA ON/BEFORE 31st December 2006,3,66.8,Apr/05/2006 20:23:55
310933,BIRDFLU.USA.31DEC06,Bird flu (H5N1) to be confirmed in the USA ON/BEFORE 31st December 2006,1,67.2,Apr/07/2006 22:34:33
310933,BIRDFLU.USA.31DEC06,Bird flu (H5N1) to be confirmed in the USA ON/BEFORE 31st December 2006,1,67.2,Apr/07/2006 23:32:42
310933,BIRDFLU.USA.31DEC06,Bird flu (H5N1) to be confirmed in the USA ON/BEFORE 31st December 2006,4,68.1,Apr/08/2006 21:06:12
310933,BIRDFLU.USA.31DEC06,Bird flu (H5N1) to be confirmed in the USA ON/BEFORE 31st December 2006,3,67.3,Apr/08/2006 21:06:44
310933,BIRDFLU.USA.31DEC06,Bird flu (H5N1) to be confirmed in the USA ON/BEFORE 31st December 2006,2,67.1,Apr/08/2006 21:06:53
310933,BIRDFLU.USA.31DEC06,Bird flu (H5N1) to be confirmed in the USA ON/BEFORE 31st December 2006,10,67.0,Apr/08/2006 21:07:04
310933,BIRDFLU.USA.31DEC06,Bird flu (H5N1) to be confirmed in the USA ON/BEFORE 31st December 2006,8,68.0,Apr/09/2006 02:44:17
310933,BIRDFLU.USA.31DEC06,Bird flu (H5N1) to be confirmed in the USA ON/BEFORE 31st December 2006,13,70.0,Apr/09/2006 02:44:17
310933,BIRDFLU.USA.31DEC06,Bird flu (H5N1) to be confirmed in the USA ON/BEFORE 31st December 2006,2,69.2,Apr/09/2006 02:44:17
310933,BIRDFLU.USA.31DEC06,Bird flu (H5N1) to be confirmed in the USA ON/BEFORE 31st December 2006,3,69.8,Apr/09/2006 02:44:17
310933,BIRDFLU.USA.31DEC06,Bird flu (H5N1) to be confirmed in the USA ON/BEFORE 31st December 2006,2,69.6,Apr/09/2006 02:44:17
310933,BIRDFLU.USA.31DEC06,Bird flu (H5N1) to be confirmed in the USA ON/BEFORE 31st December 2006,2,69.3,Apr/09/2006 02:44:17
310933,BIRDFLU.USA.31DEC06,Bird flu (H5N1) to be confirmed in the USA ON/BEFORE 31st December 2006,1,70.0,Apr/09/2006 02:45:00
310933,BIRDFLU.USA.31DEC06,Bird flu (H5N1) to be confirmed in the USA ON/BEFORE 31st December 2006,30,70.0,Apr/09/2006 03:39:09
310933,BIRDFLU.USA.31DEC06,Bird flu (H5N1) to be confirmed in the USA ON/BEFORE 31st December 2006,1,66.8,Apr/10/2006 02:13:00
310933,BIRDFLU.USA.31DEC06,Bird flu (H5N1) to be confirmed in the USA ON/BEFORE 31st December 2006,3,67.0,Apr/10/2006 02:13:00
310933,BIRDFLU.USA.31DEC06,Bird flu (H5N1) to be confirmed in the USA ON/BEFORE 31st December 2006,3,66.5,Apr/10/2006 02:13:00
310933,BIRDFLU.USA.31DEC06,Bird flu (H5N1) to be confirmed in the USA ON/BEFORE 31st December 2006,8,65.0,Apr/10/2006 02:13:00
310933,BIRDFLU.USA.31DEC06,Bird flu (H5N1) to be confirmed in the USA ON/BEFORE 31st December 2006,20,66.4,Apr/10/2006 02:13:00
310933,BIRDFLU.USA.31DEC06,Bird flu (H5N1) to be confirmed in the USA ON/BEFORE 31st December 2006,2,65.1,Apr/10/2006 03:43:04
310933,BIRDFLU.USA.31DEC06,Bird flu (H5N1) to be confirmed in the USA ON/BEFORE 31st December 2006,2,65.0,Apr/10/2006 03:43:19
310933,BIRDFLU.USA.31DEC06,Bird flu (H5N1) to be confirmed in the USA ON/BEFORE 31st December 2006,1,65.0,Apr/12/2006 12:11:56
310933,BIRDFLU.USA.31DEC06,Bird flu (H5N1) to be confirmed in the USA ON/BEFORE 31st December 2006,2,64.9,Apr/14/2006 13:30:41
310933,BIRDFLU.USA.31DEC06,Bird flu (H5N1) to be confirmed in the USA ON/BEFORE 31st December 2006,8,65.0,Apr/14/2006 13:30:41
310933,BIRDFLU.USA.31DEC06,Bird flu (H5N1) to be confirmed in the USA ON/BEFORE 31st December 2006,1,65.0,Apr/14/2006 22:54:52
310933,BIRDFLU.USA.31DEC06,Bird flu (H5N1) to be confirmed in the USA ON/BEFORE 31st December 2006,2,67.8,Apr/17/2006 17:25:34
310933,BIRDFLU.USA.31DEC06,Bird flu (H5N1) to be confirmed in the USA ON/BEFORE 31st December 2006,2,66.9,Apr/17/2006 17:25:34
310933,BIRDFLU.USA.31DEC06,Bird flu (H5N1) to be confirmed in the USA ON/BEFORE 31st December 2006,2,67.4,Apr/17/2006 17:25:34
310933,BIRDFLU.USA.31DEC06,Bird flu (H5N1) to be confirmed in the USA ON/BEFORE 31st December 2006,9,67.7,Apr/18/2006 04:13:53
310933,BIRDFLU.USA.31DEC06,Bird flu (H5N1) to be confirmed in the USA ON/BEFORE 31st December 2006,1,67.9,Apr/18/2006 04:13:53
310933,BIRDFLU.USA.31DEC06,Bird flu (H5N1) to be confirmed in the USA ON/BEFORE 31st December 2006,9,67.5,Apr/19/2006 08:14:49
310933,BIRDFLU.USA.31DEC06,Bird flu (H5N1) to be confirmed in the USA ON/BEFORE 31st December 2006,3,67.6,Apr/19/2006 08:18:02
310933,BIRDFLU.USA.31DEC06,Bird flu (H5N1) to be confirmed in the USA ON/BEFORE 31st December 2006,1,68.0,Apr/19/2006 19:02:28
310933,BIRDFLU.USA.31DEC06,Bird flu (H5N1) to be confirmed in the USA ON/BEFORE 31st December 2006,6,66.5,Apr/21/2006 04:04:11
310933,BIRDFLU.USA.31DEC06,Bird flu (H5N1) to be confirmed in the USA ON/BEFORE 31st December 2006,2,67.5,Apr/21/2006 23:21:50
310933,BIRDFLU.USA.31DEC06,Bird flu (H5N1) to be confirmed in the USA ON/BEFORE 31st December 2006,3,67.7,Apr/21/2006 23:21:50
310933,BIRDFLU.USA.31DEC06,Bird flu (H5N1) to be confirmed in the USA ON/BEFORE 31st December 2006,3,67.3,Apr/21/2006 23:21:50
310933,BIRDFLU.USA.31DEC06,Bird flu (H5N1) to be confirmed in the USA ON/BEFORE 31st December 2006,5,66.0,Apr/22/2006 18:30:36
310933,BIRDFLU.USA.31DEC06,Bird flu (H5N1) to be confirmed in the USA ON/BEFORE 31st December 2006,3,67.4,Apr/26/2006 01:56:38
310933,BIRDFLU.USA.31DEC06,Bird flu (H5N1) to be confirmed in the USA ON/BEFORE 31st December 2006,2,66.0,Apr/28/2006 14:54:32
310933,BIRDFLU.USA.31DEC06,Bird flu (H5N1) to be confirmed in the USA ON/BEFORE 31st December 2006,10,67.4,Apr/28/2006 18:15:56
310933,BIRDFLU.USA.31DEC06,Bird flu (H5N1) to be confirmed in the USA ON/BEFORE 31st December 2006,7,67.7,Apr/28/2006 19:24:19
310933,BIRDFLU.USA.31DEC06,Bird flu (H5N1) to be confirmed in the USA ON/BEFORE 31st December 2006,1,67.0,May/01/2006 03:31:33
310933,BIRDFLU.USA.31DEC06,Bird flu (H5N1) to be confirmed in the USA ON/BEFORE 31st December 2006,4,67.4,May/01/2006 16:24:45
310933,BIRDFLU.USA.31DEC06,Bird flu (H5N1) to be confirmed in the USA ON/BEFORE 31st December 2006,3,67.7,May/01/2006 16:25:10
310933,BIRDFLU.USA.31DEC06,Bird flu (H5N1) to be confirmed in the USA ON/BEFORE 31st December 2006,2,66.5,May/01/2006 17:11:46
310933,BIRDFLU.USA.31DEC06,Bird flu (H5N1) to be confirmed in the USA ON/BEFORE 31st December 2006,1,66.6,May/01/2006 17:11:46
310933,BIRDFLU.USA.31DEC06,Bird flu (H5N1) to be confirmed in the USA ON/BEFORE 31st December 2006,1,66.0,May/01/2006 17:11:46
310933,BIRDFLU.USA.31DEC06,Bird flu (H5N1) to be confirmed in the USA ON/BEFORE 31st December 2006,4,65.7,May/01/2006 17:11:46
310933,BIRDFLU.USA.31DEC06,Bird flu (H5N1) to be confirmed in the USA ON/BEFORE 31st December 2006,7,64.0,May/01/2006 17:11:46
310933,BIRDFLU.USA.31DEC06,Bird flu (H5N1) to be confirmed in the USA ON/BEFORE 31st December 2006,4,64.6,May/01/2006 17:11:46
310933,BIRDFLU.USA.31DEC06,Bird flu (H5N1) to be confirmed in the USA ON/BEFORE 31st December 2006,3,65.6,May/01/2006 17:11:46
310933,BIRDFLU.USA.31DEC06,Bird flu (H5N1) to be confirmed in the USA ON/BEFORE 31st December 2006,2,65.2,May/01/2006 17:11:46
310933,BIRDFLU.USA.31DEC06,Bird flu (H5N1) to be confirmed in the USA ON/BEFORE 31st December 2006,3,65.0,May/01/2006 17:11:46
310933,BIRDFLU.USA.31DEC06,Bird flu (H5N1) to be confirmed in the USA ON/BEFORE 31st December 2006,3,64.1,May/01/2006 17:11:46
310933,BIRDFLU.USA.31DEC06,Bird flu (H5N1) to be confirmed in the USA ON/BEFORE 31st December 2006,1,64.2,May/01/2006 17:14:44
310933,BIRDFLU.USA.31DEC06,Bird flu (H5N1) to be confirmed in the USA ON/BEFORE 31st December 2006,6,64.0,May/01/2006 17:15:23
310933,BIRDFLU.USA.31DEC06,Bird flu (H5N1) to be confirmed in the USA ON/BEFORE 31st December 2006,1,64.2,May/01/2006 17:17:45
310933,BIRDFLU.USA.31DEC06,Bird flu (H5N1) to be confirmed in the USA ON/BEFORE 31st December 2006,1,64.2,May/01/2006 19:49:19
310933,BIRDFLU.USA.31DEC06,Bird flu (H5N1) to be confirmed in the USA ON/BEFORE 31st December 2006,1,64.2,May/01/2006 19:50:32
310933,BIRDFLU.USA.31DEC06,Bird flu (H5N1) to be confirmed in the USA ON/BEFORE 31st December 2006,4,64.0,May/02/2006 03:21:14
310933,BIRDFLU.USA.31DEC06,Bird flu (H5N1) to be confirmed in the USA ON/BEFORE 31st December 2006,1,64.1,May/02/2006 03:21:14
310933,BIRDFLU.USA.31DEC06,Bird flu (H5N1) to be confirmed in the USA ON/BEFORE 31st December 2006,10,64.0,May/02/2006 12:24:53
310933,BIRDFLU.USA.31DEC06,Bird flu (H5N1) to be confirmed in the USA ON/BEFORE 31st December 2006,3,63.2,May/02/2006 16:22:11
310933,BIRDFLU.USA.31DEC06,Bird flu (H5N1) to be confirmed in the USA ON/BEFORE 31st December 2006,1,63.6,May/02/2006 16:22:11
310933,BIRDFLU.USA.31DEC06,Bird flu (H5N1) to be confirmed in the USA ON/BEFORE 31st December 2006,2,63.8,May/02/2006 16:22:11
310933,BIRDFLU.USA.31DEC06,Bird flu (H5N1) to be confirmed in the USA ON/BEFORE 31st December 2006,3,63.9,May/02/2006 16:22:11
310933,BIRDFLU.USA.31DEC06,Bird flu (H5N1) to be confirmed in the USA ON/BEFORE 31st December 2006,3,62.3,May/02/2006 16:23:14
310933,BIRDFLU.USA.31DEC06,Bird flu (H5N1) to be confirmed in the USA ON/BEFORE 31st December 2006,3,61.0,May/02/2006 16:23:14
310933,BIRDFLU.USA.31DEC06,Bird flu (H5N1) to be confirmed in the USA ON/BEFORE 31st December 2006,2,62.0,May/02/2006 16:23:14
310933,BIRDFLU.USA.31DEC06,Bird flu (H5N1) to be confirmed in the USA ON/BEFORE 31st December 2006,4,61.2,May/02/2006 16:23:14
310933,BIRDFLU.USA.31DEC06,Bird flu (H5N1) to be confirmed in the USA ON/BEFORE 31st December 2006,4,62.3,May/02/2006 23:04:37
310933,BIRDFLU.USA.31DEC06,Bird flu (H5N1) to be confirmed in the USA ON/BEFORE 31st December 2006,1,62.3,May/02/2006 23:04:37
310933,BIRDFLU.USA.31DEC06,Bird flu (H5N1) to be confirmed in the USA ON/BEFORE 31st December 2006,1,62.3,May/02/2006 23:04:37
310933,BIRDFLU.USA.31DEC06,Bird flu (H5N1) to be confirmed in the USA ON/BEFORE 31st December 2006,14,62.5,May/02/2006 23:04:37
310933,BIRDFLU.USA.31DEC06,Bird flu (H5N1) to be confirmed in the USA ON/BEFORE 31st December 2006,1,60.9,May/03/2006 17:14:07
310933,BIRDFLU.USA.31DEC06,Bird flu (H5N1) to be confirmed in the USA ON/BEFORE 31st December 2006,1,61.7,May/04/2006 01:00:05
310933,BIRDFLU.USA.31DEC06,Bird flu (H5N1) to be confirmed in the USA ON/BEFORE 31st December 2006,1,61.7,May/04/2006 05:24:39
310933,BIRDFLU.USA.31DEC06,Bird flu (H5N1) to be confirmed in the USA ON/BEFORE 31st December 2006,4,62.4,May/04/2006 09:13:27
310933,BIRDFLU.USA.31DEC06,Bird flu (H5N1) to be confirmed in the USA ON/BEFORE 31st December 2006,1,62.0,May/04/2006 09:13:27
310933,BIRDFLU.USA.31DEC06,Bird flu (H5N1) to be confirmed in the USA ON/BEFORE 31st December 2006,5,62.5,May/04/2006 09:13:27
310933,BIRDFLU.USA.31DEC06,Bird flu (H5N1) to be confirmed in the USA ON/BEFORE 31st December 2006,2,63.0,May/04/2006 15:29:01
310933,BIRDFLU.USA.31DEC06,Bird flu (H5N1) to be confirmed in the USA ON/BEFORE 31st December 2006,1,63.0,May/04/2006 15:29:01
310933,BIRDFLU.USA.31DEC06,Bird flu (H5N1) to be confirmed in the USA ON/BEFORE 31st December 2006,4,63.8,May/04/2006 15:30:31
310933,BIRDFLU.USA.31DEC06,Bird flu (H5N1) to be confirmed in the USA ON/BEFORE 31st December 2006,4,61.7,May/04/2006 19:28:02
310933,BIRDFLU.USA.31DEC06,Bird flu (H5N1) to be confirmed in the USA ON/BEFORE 31st December 2006,1,61.7,May/04/2006 19:28:02
310933,BIRDFLU.USA.31DEC06,Bird flu (H5N1) to be confirmed in the USA ON/BEFORE 31st December 2006,2,61.5,May/04/2006 19:28:39
310933,BIRDFLU.USA.31DEC06,Bird flu (H5N1) to be confirmed in the USA ON/BEFORE 31st December 2006,1,61.5,May/04/2006 19:28:39
310933,BIRDFLU.USA.31DEC06,Bird flu (H5N1) to be confirmed in the USA ON/BEFORE 31st December 2006,4,62.5,May/06/2006 00:36:28
310933,BIRDFLU.USA.31DEC06,Bird flu (H5N1) to be confirmed in the USA ON/BEFORE 31st December 2006,4,62.0,May/06/2006 00:36:28
310933,BIRDFLU.USA.31DEC06,Bird flu (H5N1) to be confirmed in the USA ON/BEFORE 31st December 2006,1,62.0,May/06/2006 00:36:28
310933,BIRDFLU.USA.31DEC06,Bird flu (H5N1) to be confirmed in the USA ON/BEFORE 31st December 2006,1,62.0,May/06/2006 00:36:28
310933,BIRDFLU.USA.31DEC06,Bird flu (H5N1) to be confirmed in the USA ON/BEFORE 31st December 2006,4,62.9,May/06/2006 05:46:56
310933,BIRDFLU.USA.31DEC06,Bird flu (H5N1) to be confirmed in the USA ON/BEFORE 31st December 2006,2,62.9,May/06/2006 20:54:04
310933,BIRDFLU.USA.31DEC06,Bird flu (H5N1) to be confirmed in the USA ON/BEFORE 31st December 2006,4,62.7,May/06/2006 22:48:35
310933,BIRDFLU.USA.31DEC06,Bird flu (H5N1) to be confirmed in the USA ON/BEFORE 31st December 2006,2,62.9,May/06/2006 22:49:01
310933,BIRDFLU.USA.31DEC06,Bird flu (H5N1) to be confirmed in the USA ON/BEFORE 31st December 2006,1,61.2,May/07/2006 05:30:08
310933,BIRDFLU.USA.31DEC06,Bird flu (H5N1) to be confirmed in the USA ON/BEFORE 31st December 2006,4,63.1,May/07/2006 15:33:18
310933,BIRDFLU.USA.31DEC06,Bird flu (H5N1) to be confirmed in the USA ON/BEFORE 31st December 2006,2,63.2,May/07/2006 15:33:18
310933,BIRDFLU.USA.31DEC06,Bird flu (H5N1) to be confirmed in the USA ON/BEFORE 31st December 2006,4,63.8,May/07/2006 15:36:01
310933,BIRDFLU.USA.31DEC06,Bird flu (H5N1) to be confirmed in the USA ON/BEFORE 31st December 2006,2,63.8,May/07/2006 15:36:01
310933,BIRDFLU.USA.31DEC06,Bird flu (H5N1) to be confirmed in the USA ON/BEFORE 31st December 2006,3,61.2,May/09/2006 21:19:33
310933,BIRDFLU.USA.31DEC06,Bird flu (H5N1) to be confirmed in the USA ON/BEFORE 31st December 2006,1,61.0,May/09/2006 21:19:33
310933,BIRDFLU.USA.31DEC06,Bird flu (H5N1) to be confirmed in the USA ON/BEFORE 31st December 2006,1,61.4,May/09/2006 21:19:33
310933,BIRDFLU.USA.31DEC06,Bird flu (H5N1) to be confirmed in the USA ON/BEFORE 31st December 2006,5,61.4,May/09/2006 21:19:33
310933,BIRDFLU.USA.31DEC06,Bird flu (H5N1) to be confirmed in the USA ON/BEFORE 31st December 2006,10,61.0,May/09/2006 21:20:51
310933,BIRDFLU.USA.31DEC06,Bird flu (H5N1) to be confirmed in the USA ON/BEFORE 31st December 2006,20,63.0,May/10/2006 16:11:28
310933,BIRDFLU.USA.31DEC06,Bird flu (H5N1) to be confirmed in the USA ON/BEFORE 31st December 2006,39,61.0,May/12/2006 02:59:36
310933,BIRDFLU.USA.31DEC06,Bird flu (H5N1) to be confirmed in the USA ON/BEFORE 31st December 2006,4,61.2,May/12/2006 02:59:36
310933,BIRDFLU.USA.31DEC06,Bird flu (H5N1) to be confirmed in the USA ON/BEFORE 31st December 2006,4,60.1,May/14/2006 17:02:57
310933,BIRDFLU.USA.31DEC06,Bird flu (H5N1) to be confirmed in the USA ON/BEFORE 31st December 2006,5,60.0,May/14/2006 17:02:57
310933,BIRDFLU.USA.31DEC06,Bird flu (H5N1) to be confirmed in the USA ON/BEFORE 31st December 2006,20,60.0,May/14/2006 17:02:57
310933,BIRDFLU.USA.31DEC06,Bird flu (H5N1) to be confirmed in the USA ON/BEFORE 31st December 2006,5,60.3,May/14/2006 17:02:57
310933,BIRDFLU.USA.31DEC06,Bird flu (H5N1) to be confirmed in the USA ON/BEFORE 31st December 2006,10,60.0,May/14/2006 17:02:57
310933,BIRDFLU.USA.31DEC06,Bird flu (H5N1) to be confirmed in the USA ON/BEFORE 31st December 2006,10,60.4,May/14/2006 17:02:57
310933,BIRDFLU.USA.31DEC06,Bird flu (H5N1) to be confirmed in the USA ON/BEFORE 31st December 2006,4,60.6,May/14/2006 17:02:57
310933,BIRDFLU.USA.31DEC06,Bird flu (H5N1) to be confirmed in the USA ON/BEFORE 31st December 2006,1,56.7,May/14/2006 18:56:29
310933,BIRDFLU.USA.31DEC06,Bird flu (H5N1) to be confirmed in the USA ON/BEFORE 31st December 2006,1,56.5,May/14/2006 18:57:34
310933,BIRDFLU.USA.31DEC06,Bird flu (H5N1) to be confirmed in the USA ON/BEFORE 31st December 2006,4,56.2,May/14/2006 18:57:51
310933,BIRDFLU.USA.31DEC06,Bird flu (H5N1) to be confirmed in the USA ON/BEFORE 31st December 2006,1,61.3,May/14/2006 18:58:13
310933,BIRDFLU.USA.31DEC06,Bird flu (H5N1) to be confirmed in the USA ON/BEFORE 31st December 2006,10,58.1,May/15/2006 02:46:28
310933,BIRDFLU.USA.31DEC06,Bird flu (H5N1) to be confirmed in the USA ON/BEFORE 31st December 2006,1,55.8,May/16/2006 22:31:48
310933,BIRDFLU.USA.31DEC06,Bird flu (H5N1) to be confirmed in the USA ON/BEFORE 31st December 2006,1,52.2,May/17/2006 03:08:33
310933,BIRDFLU.USA.31DEC06,Bird flu (H5N1) to be confirmed in the USA ON/BEFORE 31st December 2006,10,52.0,May/17/2006 03:08:45
310933,BIRDFLU.USA.31DEC06,Bird flu (H5N1) to be confirmed in the USA ON/BEFORE 31st December 2006,1,51.5,May/17/2006 07:33:17
310933,BIRDFLU.USA.31DEC06,Bird flu (H5N1) to be confirmed in the USA ON/BEFORE 31st December 2006,1,51.0,May/17/2006 07:33:17
310933,BIRDFLU.USA.31DEC06,Bird flu (H5N1) to be confirmed in the USA ON/BEFORE 31st December 2006,6,51.0,May/17/2006 23:12:41
310933,BIRDFLU.USA.31DEC06,Bird flu (H5N1) to be confirmed in the USA ON/BEFORE 31st December 2006,2,51.1,May/17/2006 23:12:41
310933,BIRDFLU.USA.31DEC06,Bird flu (H5N1) to be confirmed in the USA ON/BEFORE 31st December 2006,3,51.0,May/17/2006 23:24:04
310933,BIRDFLU.USA.31DEC06,Bird flu (H5N1) to be confirmed in the USA ON/BEFORE 31st December 2006,7,51.0,May/18/2006 02:37:40
310933,BIRDFLU.USA.31DEC06,Bird flu (H5N1) to be confirmed in the USA ON/BEFORE 31st December 2006,1,53.0,May/18/2006 03:57:06
310933,BIRDFLU.USA.31DEC06,Bird flu (H5N1) to be confirmed in the USA ON/BEFORE 31st December 2006,1,53.0,May/18/2006 03:57:06
310933,BIRDFLU.USA.31DEC06,Bird flu (H5N1) to be confirmed in the USA ON/BEFORE 31st December 2006,1,53.7,May/18/2006 03:57:35
310933,BIRDFLU.USA.31DEC06,Bird flu (H5N1) to be confirmed in the USA ON/BEFORE 31st December 2006,1,50.1,May/18/2006 04:32:24
310933,BIRDFLU.USA.31DEC06,Bird flu (H5N1) to be confirmed in the USA ON/BEFORE 31st December 2006,1,50.4,May/18/2006 04:32:24
310933,BIRDFLU.USA.31DEC06,Bird flu (H5N1) to be confirmed in the USA ON/BEFORE 31st December 2006,1,50.2,May/18/2006 04:32:24
310933,BIRDFLU.USA.31DEC06,Bird flu (H5N1) to be confirmed in the USA ON/BEFORE 31st December 2006,1,50.0,May/18/2006 04:32:24
310933,BIRDFLU.USA.31DEC06,Bird flu (H5N1) to be confirmed in the USA ON/BEFORE 31st December 2006,2,53.0,May/18/2006 17:17:56
310933,BIRDFLU.USA.31DEC06,Bird flu (H5N1) to be confirmed in the USA ON/BEFORE 31st December 2006,1,52.0,May/18/2006 17:17:56
310933,BIRDFLU.USA.31DEC06,Bird flu (H5N1) to be confirmed in the USA ON/BEFORE 31st December 2006,1,52.9,May/18/2006 17:17:56
310933,BIRDFLU.USA.31DEC06,Bird flu (H5N1) to be confirmed in the USA ON/BEFORE 31st December 2006,1,53.0,May/18/2006 17:17:56
310933,BIRDFLU.USA.31DEC06,Bird flu (H5N1) to be confirmed in the USA ON/BEFORE 31st December 2006,1,52.8,May/19/2006 21:22:05
310933,BIRDFLU.USA.31DEC06,Bird flu (H5N1) to be confirmed in the USA ON/BEFORE 31st December 2006,1,53.0,May/19/2006 21:22:05
310933,BIRDFLU.USA.31DEC06,Bird flu (H5N1) to be confirmed in the USA ON/BEFORE 31st December 2006,2,53.4,May/19/2006 22:06:19
310933,BIRDFLU.USA.31DEC06,Bird flu (H5N1) to be confirmed in the USA ON/BEFORE 31st December 2006,1,50.0,May/21/2006 23:22:25
310933,BIRDFLU.USA.31DEC06,Bird flu (H5N1) to be confirmed in the USA ON/BEFORE 31st December 2006,9,50.0,May/21/2006 23:22:25
310933,BIRDFLU.USA.31DEC06,Bird flu (H5N1) to be confirmed in the USA ON/BEFORE 31st December 2006,1,51.8,May/22/2006 13:40:39
310933,BIRDFLU.USA.31DEC06,Bird flu (H5N1) to be confirmed in the USA ON/BEFORE 31st December 2006,1,51.6,May/22/2006 13:40:39
310933,BIRDFLU.USA.31DEC06,Bird flu (H5N1) to be confirmed in the USA ON/BEFORE 31st December 2006,8,51.8,May/23/2006 04:45:59
310933,BIRDFLU.USA.31DEC06,Bird flu (H5N1) to be confirmed in the USA ON/BEFORE 31st December 2006,2,51.8,May/23/2006 04:45:59
310933,BIRDFLU.USA.31DEC06,Bird flu (H5N1) to be confirmed in the USA ON/BEFORE 31st December 2006,10,48.9,May/25/2006 18:58:15
310933,BIRDFLU.USA.31DEC06,Bird flu (H5N1) to be confirmed in the USA ON/BEFORE 31st December 2006,3,49.9,May/25/2006 23:08:57
310933,BIRDFLU.USA.31DEC06,Bird flu (H5N1) to be confirmed in the USA ON/BEFORE 31st December 2006,4,50.0,May/25/2006 23:08:57
310933,BIRDFLU.USA.31DEC06,Bird flu (H5N1) to be confirmed in the USA ON/BEFORE 31st December 2006,1,50.0,May/25/2006 23:53:19
310933,BIRDFLU.USA.31DEC06,Bird flu (H5N1) to be confirmed in the USA ON/BEFORE 31st December 2006,1,48.8,May/26/2006 04:19:34
310933,BIRDFLU.USA.31DEC06,Bird flu (H5N1) to be confirmed in the USA ON/BEFORE 31st December 2006,1,50.0,May/26/2006 20:41:57
310933,BIRDFLU.USA.31DEC06,Bird flu (H5N1) to be confirmed in the USA ON/BEFORE 31st December 2006,1,50.0,May/26/2006 23:35:42
310933,BIRDFLU.USA.31DEC06,Bird flu (H5N1) to be confirmed in the USA ON/BEFORE 31st December 2006,5,51.0,May/26/2006 23:35:42
310933,BIRDFLU.USA.31DEC06,Bird flu (H5N1) to be confirmed in the USA ON/BEFORE 31st December 2006,1,50.5,May/27/2006 04:36:40
310933,BIRDFLU.USA.31DEC06,Bird flu (H5N1) to be confirmed in the USA ON/BEFORE 31st December 2006,14,50.0,May/29/2006 09:12:38
310933,BIRDFLU.USA.31DEC06,Bird flu (H5N1) to be confirmed in the USA ON/BEFORE 31st December 2006,19,48.8,May/29/2006 09:13:29
310933,BIRDFLU.USA.31DEC06,Bird flu (H5N1) to be confirmed in the USA ON/BEFORE 31st December 2006,3,45.1,May/30/2006 02:42:37
310933,BIRDFLU.USA.31DEC06,Bird flu (H5N1) to be confirmed in the USA ON/BEFORE 31st December 2006,10,45.1,May/30/2006 02:42:37
310933,BIRDFLU.USA.31DEC06,Bird flu (H5N1) to be confirmed in the USA ON/BEFORE 31st December 2006,5,45.0,May/30/2006 02:43:15
310933,BIRDFLU.USA.31DEC06,Bird flu (H5N1) to be confirmed in the USA ON/BEFORE 31st December 2006,2,46.9,May/31/2006 05:58:32
310933,BIRDFLU.USA.31DEC06,Bird flu (H5N1) to be confirmed in the USA ON/BEFORE 31st December 2006,8,44.0,May/31/2006 07:10:58
310933,BIRDFLU.USA.31DEC06,Bird flu (H5N1) to be confirmed in the USA ON/BEFORE 31st December 2006,5,43.2,May/31/2006 07:10:58
310933,BIRDFLU.USA.31DEC06,Bird flu (H5N1) to be confirmed in the USA ON/BEFORE 31st December 2006,10,43.1,May/31/2006 07:10:58
310933,BIRDFLU.USA.31DEC06,Bird flu (H5N1) to be confirmed in the USA ON/BEFORE 31st December 2006,5,43.0,May/31/2006 07:10:58
310933,BIRDFLU.USA.31DEC06,Bird flu (H5N1) to be confirmed in the USA ON/BEFORE 31st December 2006,4,40.3,May/31/2006 07:11:47
310933,BIRDFLU.USA.31DEC06,Bird flu (H5N1) to be confirmed in the USA ON/BEFORE 31st December 2006,3,42.2,May/31/2006 07:11:47
310933,BIRDFLU.USA.31DEC06,Bird flu (H5N1) to be confirmed in the USA ON/BEFORE 31st December 2006,1,41.4,Jun/01/2006 00:46:07
310933,BIRDFLU.USA.31DEC06,Bird flu (H5N1) to be confirmed in the USA ON/BEFORE 31st December 2006,1,43.1,Jun/01/2006 21:27:27
310933,BIRDFLU.USA.31DEC06,Bird flu (H5N1) to be confirmed in the USA ON/BEFORE 31st December 2006,1,41.7,Jun/02/2006 20:14:23
310933,BIRDFLU.USA.31DEC06,Bird flu (H5N1) to be confirmed in the USA ON/BEFORE 31st December 2006,1,41.5,Jun/02/2006 20:14:23
310933,BIRDFLU.USA.31DEC06,Bird flu (H5N1) to be confirmed in the USA ON/BEFORE 31st December 2006,5,40.0,Jun/03/2006 19:37:05
310933,BIRDFLU.USA.31DEC06,Bird flu (H5N1) to be confirmed in the USA ON/BEFORE 31st December 2006,1,40.8,Jun/03/2006 19:37:05
310933,BIRDFLU.USA.31DEC06,Bird flu (H5N1) to be confirmed in the USA ON/BEFORE 31st December 2006,1,40.1,Jun/03/2006 19:37:05
310933,BIRDFLU.USA.31DEC06,Bird flu (H5N1) to be confirmed in the USA ON/BEFORE 31st December 2006,1,41.0,Jun/03/2006 19:37:05
310933,BIRDFLU.USA.31DEC06,Bird flu (H5N1) to be confirmed in the USA ON/BEFORE 31st December 2006,7,40.0,Jun/03/2006 19:37:05
310933,BIRDFLU.USA.31DEC06,Bird flu (H5N1) to be confirmed in the USA ON/BEFORE 31st December 2006,1,41.7,Jun/08/2006 11:34:06
310933,BIRDFLU.USA.31DEC06,Bird flu (H5N1) to be confirmed in the USA ON/BEFORE 31st December 2006,1,41.5,Jun/08/2006 11:34:06
310933,BIRDFLU.USA.31DEC06,Bird flu (H5N1) to be confirmed in the USA ON/BEFORE 31st December 2006,2,41.9,Jun/08/2006 11:34:06
310933,BIRDFLU.USA.31DEC06,Bird flu (H5N1) to be confirmed in the USA ON/BEFORE 31st December 2006,1,42.0,Jun/08/2006 11:34:08
310933,BIRDFLU.USA.31DEC06,Bird flu (H5N1) to be confirmed in the USA ON/BEFORE 31st December 2006,2,41.0,Jun/08/2006 12:38:08
310933,BIRDFLU.USA.31DEC06,Bird flu (H5N1) to be confirmed in the USA ON/BEFORE 31st December 2006,3,40.8,Jun/08/2006 12:38:08
310933,BIRDFLU.USA.31DEC06,Bird flu (H5N1) to be confirmed in the USA ON/BEFORE 31st December 2006,2,41.0,Jun/09/2006 13:12:42
310933,BIRDFLU.USA.31DEC06,Bird flu (H5N1) to be confirmed in the USA ON/BEFORE 31st December 2006,1,43.0,Jun/10/2006 01:05:37
310933,BIRDFLU.USA.31DEC06,Bird flu (H5N1) to be confirmed in the USA ON/BEFORE 31st December 2006,1,40.5,Jun/13/2006 02:07:48
310933,BIRDFLU.USA.31DEC06,Bird flu (H5N1) to be confirmed in the USA ON/BEFORE 31st December 2006,2,40.5,Jun/13/2006 02:07:48
310933,BIRDFLU.USA.31DEC06,Bird flu (H5N1) to be confirmed in the USA ON/BEFORE 31st December 2006,3,40.0,Jun/13/2006 02:07:48
310933,BIRDFLU.USA.31DEC06,Bird flu (H5N1) to be confirmed in the USA ON/BEFORE 31st December 2006,2,39.0,Jun/13/2006 02:07:48
310933,BIRDFLU.USA.31DEC06,Bird flu (H5N1) to be confirmed in the USA ON/BEFORE 31st December 2006,2,38.0,Jun/13/2006 02:07:48
310933,BIRDFLU.USA.31DEC06,Bird flu (H5N1) to be confirmed in the USA ON/BEFORE 31st December 2006,1,42.5,Jun/17/2006 17:06:55
310933,BIRDFLU.USA.31DEC06,Bird flu (H5N1) to be confirmed in the USA ON/BEFORE 31st December 2006,4,43.8,Jun/17/2006 17:23:05
310933,BIRDFLU.USA.31DEC06,Bird flu (H5N1) to be confirmed in the USA ON/BEFORE 31st December 2006,2,44.8,Jun/17/2006 17:23:37
310933,BIRDFLU.USA.31DEC06,Bird flu (H5N1) to be confirmed in the USA ON/BEFORE 31st December 2006,1,44.9,Jun/18/2006 01:39:47
310933,BIRDFLU.USA.31DEC06,Bird flu (H5N1) to be confirmed in the USA ON/BEFORE 31st December 2006,2,43.0,Jun/18/2006 01:39:47
310933,BIRDFLU.USA.31DEC06,Bird flu (H5N1) to be confirmed in the USA ON/BEFORE 31st December 2006,9,45.0,Jun/18/2006 01:39:47
310933,BIRDFLU.USA.31DEC06,Bird flu (H5N1) to be confirmed in the USA ON/BEFORE 31st December 2006,2,46.4,Jun/18/2006 02:13:50
310933,BIRDFLU.USA.31DEC06,Bird flu (H5N1) to be confirmed in the USA ON/BEFORE 31st December 2006,1,45.0,Jun/18/2006 02:13:50
310933,BIRDFLU.USA.31DEC06,Bird flu (H5N1) to be confirmed in the USA ON/BEFORE 31st December 2006,1,45.0,Jun/18/2006 20:28:16
310933,BIRDFLU.USA.31DEC06,Bird flu (H5N1) to be confirmed in the USA ON/BEFORE 31st December 2006,7,45.0,Jun/19/2006 11:50:45
310933,BIRDFLU.USA.31DEC06,Bird flu (H5N1) to be confirmed in the USA ON/BEFORE 31st December 2006,6,47.0,Jun/19/2006 11:50:45
310933,BIRDFLU.USA.31DEC06,Bird flu (H5N1) to be confirmed in the USA ON/BEFORE 31st December 2006,2,46.4,Jun/19/2006 11:50:45
310933,BIRDFLU.USA.31DEC06,Bird flu (H5N1) to be confirmed in the USA ON/BEFORE 31st December 2006,5,41.0,Jun/19/2006 14:48:40
310933,BIRDFLU.USA.31DEC06,Bird flu (H5N1) to be confirmed in the USA ON/BEFORE 31st December 2006,2,46.0,Jun/19/2006 19:54:38
310933,BIRDFLU.USA.31DEC06,Bird flu (H5N1) to be confirmed in the USA ON/BEFORE 31st December 2006,1,44.9,Jun/20/2006 05:08:29
310933,BIRDFLU.USA.31DEC06,Bird flu (H5N1) to be confirmed in the USA ON/BEFORE 31st December 2006,1,44.0,Jun/20/2006 18:50:39
310933,BIRDFLU.USA.31DEC06,Bird flu (H5N1) to be confirmed in the USA ON/BEFORE 31st December 2006,2,45.0,Jun/21/2006 12:49:29
310933,BIRDFLU.USA.31DEC06,Bird flu (H5N1) to be confirmed in the USA ON/BEFORE 31st December 2006,1,45.0,Jun/21/2006 15:35:01
310933,BIRDFLU.USA.31DEC06,Bird flu (H5N1) to be confirmed in the USA ON/BEFORE 31st December 2006,1,45.0,Jun/21/2006 15:35:01
310933,BIRDFLU.USA.31DEC06,Bird flu (H5N1) to be confirmed in the USA ON/BEFORE 31st December 2006,2,44.0,Jun/21/2006 19:20:16
310933,BIRDFLU.USA.31DEC06,Bird flu (H5N1) to be confirmed in the USA ON/BEFORE 31st December 2006,10,46.0,Jun/22/2006 03:30:46
310933,BIRDFLU.USA.31DEC06,Bird flu (H5N1) to be confirmed in the USA ON/BEFORE 31st December 2006,1,46.0,Jun/22/2006 14:28:38
310933,BIRDFLU.USA.31DEC06,Bird flu (H5N1) to be confirmed in the USA ON/BEFORE 31st December 2006,7,46.4,Jun/22/2006 16:28:20
310933,BIRDFLU.USA.31DEC06,Bird flu (H5N1) to be confirmed in the USA ON/BEFORE 31st December 2006,1,45.5,Jun/23/2006 15:39:55
310933,BIRDFLU.USA.31DEC06,Bird flu (H5N1) to be confirmed in the USA ON/BEFORE 31st December 2006,1,45.5,Jun/23/2006 15:39:55
310933,BIRDFLU.USA.31DEC06,Bird flu (H5N1) to be confirmed in the USA ON/BEFORE 31st December 2006,4,44.0,Jun/27/2006 03:53:38
310933,BIRDFLU.USA.31DEC06,Bird flu (H5N1) to be confirmed in the USA ON/BEFORE 31st December 2006,8,45.0,Jun/27/2006 18:59:04
310933,BIRDFLU.USA.31DEC06,Bird flu (H5N1) to be confirmed in the USA ON/BEFORE 31st December 2006,10,44.9,Jun/27/2006 18:59:04
310933,BIRDFLU.USA.31DEC06,Bird flu (H5N1) to be confirmed in the USA ON/BEFORE 31st December 2006,5,46.5,Jun/29/2006 21:19:49
310933,BIRDFLU.USA.31DEC06,Bird flu (H5N1) to be confirmed in the USA ON/BEFORE 31st December 2006,10,45.0,Jun/30/2006 15:50:47
310933,BIRDFLU.USA.31DEC06,Bird flu (H5N1) to be confirmed in the USA ON/BEFORE 31st December 2006,1,45.0,Jun/30/2006 15:50:50
310933,BIRDFLU.USA.31DEC06,Bird flu (H5N1) to be confirmed in the USA ON/BEFORE 31st December 2006,2,40.1,Jul/02/2006 19:49:25
310933,BIRDFLU.USA.31DEC06,Bird flu (H5N1) to be confirmed in the USA ON/BEFORE 31st December 2006,2,40.0,Jul/02/2006 19:49:25
310933,BIRDFLU.USA.31DEC06,Bird flu (H5N1) to be confirmed in the USA ON/BEFORE 31st December 2006,1,40.3,Jul/02/2006 19:49:25
310933,BIRDFLU.USA.31DEC06,Bird flu (H5N1) to be confirmed in the USA ON/BEFORE 31st December 2006,2,42.3,Jul/05/2006 12:39:25
310933,BIRDFLU.USA.31DEC06,Bird flu (H5N1) to be confirmed in the USA ON/BEFORE 31st December 2006,5,42.5,Jul/05/2006 14:27:31
310933,BIRDFLU.USA.31DEC06,Bird flu (H5N1) to be confirmed in the USA ON/BEFORE 31st December 2006,5,42.9,Jul/05/2006 14:28:08
310933,BIRDFLU.USA.31DEC06,Bird flu (H5N1) to be confirmed in the USA ON/BEFORE 31st December 2006,16,40.1,Jul/05/2006 21:01:11
310933,BIRDFLU.USA.31DEC06,Bird flu (H5N1) to be confirmed in the USA ON/BEFORE 31st December 2006,5,39.0,Jul/05/2006 21:08:28
310933,BIRDFLU.USA.31DEC06,Bird flu (H5N1) to be confirmed in the USA ON/BEFORE 31st December 2006,1,38.9,Jul/05/2006 21:09:29
310933,BIRDFLU.USA.31DEC06,Bird flu (H5N1) to be confirmed in the USA ON/BEFORE 31st December 2006,1,38.8,Jul/05/2006 21:09:38
310933,BIRDFLU.USA.31DEC06,Bird flu (H5N1) to be confirmed in the USA ON/BEFORE 31st December 2006,3,38.3,Jul/05/2006 21:10:02
310933,BIRDFLU.USA.31DEC06,Bird flu (H5N1) to be confirmed in the USA ON/BEFORE 31st December 2006,1,42.4,Jul/07/2006 14:21:05
310933,BIRDFLU.USA.31DEC06,Bird flu (H5N1) to be confirmed in the USA ON/BEFORE 31st December 2006,2,43.0,Jul/07/2006 14:26:07
310933,BIRDFLU.USA.31DEC06,Bird flu (H5N1) to be confirmed in the USA ON/BEFORE 31st December 2006,5,43.5,Jul/07/2006 14:26:30
310933,BIRDFLU.USA.31DEC06,Bird flu (H5N1) to be confirmed in the USA ON/BEFORE 31st December 2006,1,43.5,Jul/07/2006 14:26:30
310933,BIRDFLU.USA.31DEC06,Bird flu (H5N1) to be confirmed in the USA ON/BEFORE 31st December 2006,5,43.5,Jul/09/2006 14:52:07
310933,BIRDFLU.USA.31DEC06,Bird flu (H5N1) to be confirmed in the USA ON/BEFORE 31st December 2006,2,43.5,Jul/09/2006 14:54:24
310933,BIRDFLU.USA.31DEC06,Bird flu (H5N1) to be confirmed in the USA ON/BEFORE 31st December 2006,5,40.0,Jul/09/2006 19:07:35
310933,BIRDFLU.USA.31DEC06,Bird flu (H5N1) to be confirmed in the USA ON/BEFORE 31st December 2006,1,39.2,Jul/11/2006 02:15:42
310933,BIRDFLU.USA.31DEC06,Bird flu (H5N1) to be confirmed in the USA ON/BEFORE 31st December 2006,1,39.2,Jul/11/2006 18:08:14
310933,BIRDFLU.USA.31DEC06,Bird flu (H5N1) to be confirmed in the USA ON/BEFORE 31st December 2006,2,40.0,Jul/13/2006 04:40:05
310933,BIRDFLU.USA.31DEC06,Bird flu (H5N1) to be confirmed in the USA ON/BEFORE 31st December 2006,8,46.4,Jul/13/2006 12:55:31
310933,BIRDFLU.USA.31DEC06,Bird flu (H5N1) to be confirmed in the USA ON/BEFORE 31st December 2006,2,41.5,Jul/13/2006 12:55:31
310933,BIRDFLU.USA.31DEC06,Bird flu (H5N1) to be confirmed in the USA ON/BEFORE 31st December 2006,2,39.1,Jul/15/2006 00:22:20
310933,BIRDFLU.USA.31DEC06,Bird flu (H5N1) to be confirmed in the USA ON/BEFORE 31st December 2006,1,38.3,Jul/16/2006 00:46:08
310933,BIRDFLU.USA.31DEC06,Bird flu (H5N1) to be confirmed in the USA ON/BEFORE 31st December 2006,2,38.3,Jul/16/2006 03:15:09
310933,BIRDFLU.USA.31DEC06,Bird flu (H5N1) to be confirmed in the USA ON/BEFORE 31st December 2006,5,38.2,Jul/16/2006 03:15:42
310933,BIRDFLU.USA.31DEC06,Bird flu (H5N1) to be confirmed in the USA ON/BEFORE 31st December 2006,5,40.0,Jul/17/2006 01:46:43
310933,BIRDFLU.USA.31DEC06,Bird flu (H5N1) to be confirmed in the USA ON/BEFORE 31st December 2006,3,39.9,Jul/18/2006 13:26:27
310933,BIRDFLU.USA.31DEC06,Bird flu (H5N1) to be confirmed in the USA ON/BEFORE 31st December 2006,5,40.0,Jul/18/2006 13:27:15
310933,BIRDFLU.USA.31DEC06,Bird flu (H5N1) to be confirmed in the USA ON/BEFORE 31st December 2006,2,40.9,Jul/18/2006 13:27:15
310933,BIRDFLU.USA.31DEC06,Bird flu (H5N1) to be confirmed in the USA ON/BEFORE 31st December 2006,3,38.3,Jul/19/2006 01:22:56
310933,BIRDFLU.USA.31DEC06,Bird flu (H5N1) to be confirmed in the USA ON/BEFORE 31st December 2006,5,38.2,Jul/19/2006 01:23:07
310933,BIRDFLU.USA.31DEC06,Bird flu (H5N1) to be confirmed in the USA ON/BEFORE 31st December 2006,10,38.1,Jul/19/2006 01:23:16
310933,BIRDFLU.USA.31DEC06,Bird flu (H5N1) to be confirmed in the USA ON/BEFORE 31st December 2006,5,38.0,Jul/19/2006 01:23:26
310933,BIRDFLU.USA.31DEC06,Bird flu (H5N1) to be confirmed in the USA ON/BEFORE 31st December 2006,2,38.0,Jul/19/2006 03:15:22
310933,BIRDFLU.USA.31DEC06,Bird flu (H5N1) to be confirmed in the USA ON/BEFORE 31st December 2006,10,39.0,Jul/19/2006 09:11:12
310933,BIRDFLU.USA.31DEC06,Bird flu (H5N1) to be confirmed in the USA ON/BEFORE 31st December 2006,5,37.0,Jul/19/2006 20:53:53
310933,BIRDFLU.USA.31DEC06,Bird flu (H5N1) to be confirmed in the USA ON/BEFORE 31st December 2006,1,37.0,Jul/20/2006 01:25:40
310933,BIRDFLU.USA.31DEC06,Bird flu (H5N1) to be confirmed in the USA ON/BEFORE 31st December 2006,3,39.0,Jul/20/2006 02:36:07
310933,BIRDFLU.USA.31DEC06,Bird flu (H5N1) to be confirmed in the USA ON/BEFORE 31st December 2006,8,40.0,Jul/20/2006 02:36:07
310933,BIRDFLU.USA.31DEC06,Bird flu (H5N1) to be confirmed in the USA ON/BEFORE 31st December 2006,4,37.0,Jul/20/2006 02:36:07
310933,BIRDFLU.USA.31DEC06,Bird flu (H5N1) to be confirmed in the USA ON/BEFORE 31st December 2006,3,39.8,Jul/21/2006 21:06:37
310933,BIRDFLU.USA.31DEC06,Bird flu (H5N1) to be confirmed in the USA ON/BEFORE 31st December 2006,10,36.1,Jul/23/2006 06:51:25
310933,BIRDFLU.USA.31DEC06,Bird flu (H5N1) to be confirmed in the USA ON/BEFORE 31st December 2006,10,35.0,Jul/23/2006 06:51:36
310933,BIRDFLU.USA.31DEC06,Bird flu (H5N1) to be confirmed in the USA ON/BEFORE 31st December 2006,10,35.0,Jul/23/2006 06:51:36
310933,BIRDFLU.USA.31DEC06,Bird flu (H5N1) to be confirmed in the USA ON/BEFORE 31st December 2006,3,30.0,Jul/23/2006 13:27:33
310933,BIRDFLU.USA.31DEC06,Bird flu (H5N1) to be confirmed in the USA ON/BEFORE 31st December 2006,2,28.8,Jul/23/2006 13:27:33
310933,BIRDFLU.USA.31DEC06,Bird flu (H5N1) to be confirmed in the USA ON/BEFORE 31st December 2006,5,34.0,Jul/23/2006 13:27:33
310933,BIRDFLU.USA.31DEC06,Bird flu (H5N1) to be confirmed in the USA ON/BEFORE 31st December 2006,1,35.0,Jul/24/2006 18:14:24
310933,BIRDFLU.USA.31DEC06,Bird flu (H5N1) to be confirmed in the USA ON/BEFORE 31st December 2006,9,34.0,Jul/26/2006 03:22:23
310933,BIRDFLU.USA.31DEC06,Bird flu (H5N1) to be confirmed in the USA ON/BEFORE 31st December 2006,5,35.0,Jul/26/2006 03:24:59
310933,BIRDFLU.USA.31DEC06,Bird flu (H5N1) to be confirmed in the USA ON/BEFORE 31st December 2006,2,26.1,Jul/26/2006 09:18:30
310933,BIRDFLU.USA.31DEC06,Bird flu (H5N1) to be confirmed in the USA ON/BEFORE 31st December 2006,8,29.0,Jul/26/2006 09:18:30
310933,BIRDFLU.USA.31DEC06,Bird flu (H5N1) to be confirmed in the USA ON/BEFORE 31st December 2006,5,25.0,Jul/26/2006 09:18:30
310933,BIRDFLU.USA.31DEC06,Bird flu (H5N1) to be confirmed in the USA ON/BEFORE 31st December 2006,5,29.6,Jul/26/2006 09:18:30
310933,BIRDFLU.USA.31DEC06,Bird flu (H5N1) to be confirmed in the USA ON/BEFORE 31st December 2006,10,34.4,Jul/27/2006 23:54:32
310933,BIRDFLU.USA.31DEC06,Bird flu (H5N1) to be confirmed in the USA ON/BEFORE 31st December 2006,3,34.5,Jul/28/2006 00:16:39
310933,BIRDFLU.USA.31DEC06,Bird flu (H5N1) to be confirmed in the USA ON/BEFORE 31st December 2006,5,35.0,Jul/28/2006 00:17:08
310933,BIRDFLU.USA.31DEC06,Bird flu (H5N1) to be confirmed in the USA ON/BEFORE 31st December 2006,5,27.1,Jul/28/2006 00:48:12
310933,BIRDFLU.USA.31DEC06,Bird flu (H5N1) to be confirmed in the USA ON/BEFORE 31st December 2006,1,33.0,Jul/28/2006 21:51:59
310933,BIRDFLU.USA.31DEC06,Bird flu (H5N1) to be confirmed in the USA ON/BEFORE 31st December 2006,5,33.0,Jul/31/2006 20:40:38
310933,BIRDFLU.USA.31DEC06,Bird flu (H5N1) to be confirmed in the USA ON/BEFORE 31st December 2006,1,33.5,Jul/31/2006 20:40:51
310933,BIRDFLU.USA.31DEC06,Bird flu (H5N1) to be confirmed in the USA ON/BEFORE 31st December 2006,1,34.0,Jul/31/2006 20:41:07
310933,BIRDFLU.USA.31DEC06,Bird flu (H5N1) to be confirmed in the USA ON/BEFORE 31st December 2006,5,35.0,Jul/31/2006 20:41:25
310933,BIRDFLU.USA.31DEC06,Bird flu (H5N1) to be confirmed in the USA ON/BEFORE 31st December 2006,10,35.9,Jul/31/2006 20:41:40
310933,BIRDFLU.USA.31DEC06,Bird flu (H5N1) to be confirmed in the USA ON/BEFORE 31st December 2006,20,36.0,Jul/31/2006 20:41:57
310933,BIRDFLU.USA.31DEC06,Bird flu (H5N1) to be confirmed in the USA ON/BEFORE 31st December 2006,2,34.2,Aug/03/2006 05:08:58
310933,BIRDFLU.USA.31DEC06,Bird flu (H5N1) to be confirmed in the USA ON/BEFORE 31st December 2006,3,34.2,Aug/03/2006 05:14:43
310933,BIRDFLU.USA.31DEC06,Bird flu (H5N1) to be confirmed in the USA ON/BEFORE 31st December 2006,5,30.1,Aug/03/2006 05:18:49
310933,BIRDFLU.USA.31DEC06,Bird flu (H5N1) to be confirmed in the USA ON/BEFORE 31st December 2006,2,30.0,Aug/03/2006 05:21:40
310933,BIRDFLU.USA.31DEC06,Bird flu (H5N1) to be confirmed in the USA ON/BEFORE 31st December 2006,4,34.0,Aug/03/2006 13:49:08
310933,BIRDFLU.USA.31DEC06,Bird flu (H5N1) to be confirmed in the USA ON/BEFORE 31st December 2006,5,34.4,Aug/03/2006 13:49:19
310933,BIRDFLU.USA.31DEC06,Bird flu (H5N1) to be confirmed in the USA ON/BEFORE 31st December 2006,10,36.0,Aug/03/2006 13:49:29
310933,BIRDFLU.USA.31DEC06,Bird flu (H5N1) to be confirmed in the USA ON/BEFORE 31st December 2006,5,33.3,Aug/03/2006 15:44:30
310933,BIRDFLU.USA.31DEC06,Bird flu (H5N1) to be confirmed in the USA ON/BEFORE 31st December 2006,5,33.5,Aug/03/2006 15:44:47
310933,BIRDFLU.USA.31DEC06,Bird flu (H5N1) to be confirmed in the USA ON/BEFORE 31st December 2006,5,34.0,Aug/03/2006 15:44:58
310933,BIRDFLU.USA.31DEC06,Bird flu (H5N1) to be confirmed in the USA ON/BEFORE 31st December 2006,5,35.0,Aug/03/2006 15:45:31
310933,BIRDFLU.USA.31DEC06,Bird flu (H5N1) to be confirmed in the USA ON/BEFORE 31st December 2006,5,34.9,Aug/03/2006 21:07:07
310933,BIRDFLU.USA.31DEC06,Bird flu (H5N1) to be confirmed in the USA ON/BEFORE 31st December 2006,2,31.0,Aug/03/2006 21:59:56
310933,BIRDFLU.USA.31DEC06,Bird flu (H5N1) to be confirmed in the USA ON/BEFORE 31st December 2006,6,31.0,Aug/03/2006 22:44:18
310933,BIRDFLU.USA.31DEC06,Bird flu (H5N1) to be confirmed in the USA ON/BEFORE 31st December 2006,2,35.0,Aug/04/2006 15:31:41
310933,BIRDFLU.USA.31DEC06,Bird flu (H5N1) to be confirmed in the USA ON/BEFORE 31st December 2006,3,35.0,Aug/04/2006 18:19:53
310933,BIRDFLU.USA.31DEC06,Bird flu (H5N1) to be confirmed in the USA ON/BEFORE 31st December 2006,10,36.0,Aug/04/2006 18:56:43
310933,BIRDFLU.USA.31DEC06,Bird flu (H5N1) to be confirmed in the USA ON/BEFORE 31st December 2006,10,36.0,Aug/04/2006 18:56:43
310933,BIRDFLU.USA.31DEC06,Bird flu (H5N1) to be confirmed in the USA ON/BEFORE 31st December 2006,5,30.0,Aug/04/2006 20:54:06
310933,BIRDFLU.USA.31DEC06,Bird flu (H5N1) to be confirmed in the USA ON/BEFORE 31st December 2006,1,35.0,Aug/05/2006 03:16:06
310933,BIRDFLU.USA.31DEC06,Bird flu (H5N1) to be confirmed in the USA ON/BEFORE 31st December 2006,5,34.0,Aug/05/2006 19:06:25
310933,BIRDFLU.USA.31DEC06,Bird flu (H5N1) to be confirmed in the USA ON/BEFORE 31st December 2006,1,30.5,Aug/06/2006 15:45:27
310933,BIRDFLU.USA.31DEC06,Bird flu (H5N1) to be confirmed in the USA ON/BEFORE 31st December 2006,1,33.9,Aug/06/2006 17:44:50
310933,BIRDFLU.USA.31DEC06,Bird flu (H5N1) to be confirmed in the USA ON/BEFORE 31st December 2006,1,30.5,Aug/06/2006 17:45:07
310933,BIRDFLU.USA.31DEC06,Bird flu (H5N1) to be confirmed in the USA ON/BEFORE 31st December 2006,1,30.5,Aug/06/2006 17:45:09
310933,BIRDFLU.USA.31DEC06,Bird flu (H5N1) to be confirmed in the USA ON/BEFORE 31st December 2006,10,30.1,Aug/07/2006 05:02:27
310933,BIRDFLU.USA.31DEC06,Bird flu (H5N1) to be confirmed in the USA ON/BEFORE 31st December 2006,5,33.0,Aug/07/2006 15:42:00
310933,BIRDFLU.USA.31DEC06,Bird flu (H5N1) to be confirmed in the USA ON/BEFORE 31st December 2006,1,30.1,Aug/09/2006 02:15:12
310933,BIRDFLU.USA.31DEC06,Bird flu (H5N1) to be confirmed in the USA ON/BEFORE 31st December 2006,4,30.1,Aug/09/2006 23:37:54
310933,BIRDFLU.USA.31DEC06,Bird flu (H5N1) to be confirmed in the USA ON/BEFORE 31st December 2006,3,30.0,Aug/09/2006 23:37:54
310933,BIRDFLU.USA.31DEC06,Bird flu (H5N1) to be confirmed in the USA ON/BEFORE 31st December 2006,1,29.5,Aug/09/2006 23:38:30
310933,BIRDFLU.USA.31DEC06,Bird flu (H5N1) to be confirmed in the USA ON/BEFORE 31st December 2006,10,29.0,Aug/10/2006 02:00:16
310933,BIRDFLU.USA.31DEC06,Bird flu (H5N1) to be confirmed in the USA ON/BEFORE 31st December 2006,10,26.7,Aug/10/2006 05:08:42
310933,BIRDFLU.USA.31DEC06,Bird flu (H5N1) to be confirmed in the USA ON/BEFORE 31st December 2006,15,26.6,Aug/10/2006 05:08:42
310933,BIRDFLU.USA.31DEC06,Bird flu (H5N1) to be confirmed in the USA ON/BEFORE 31st December 2006,5,26.6,Aug/10/2006 05:08:42
310933,BIRDFLU.USA.31DEC06,Bird flu (H5N1) to be confirmed in the USA ON/BEFORE 31st December 2006,7,26.6,Aug/10/2006 13:59:22
310933,BIRDFLU.USA.31DEC06,Bird flu (H5N1) to be confirmed in the USA ON/BEFORE 31st December 2006,10,31.9,Aug/12/2006 00:22:17
310933,BIRDFLU.USA.31DEC06,Bird flu (H5N1) to be confirmed in the USA ON/BEFORE 31st December 2006,10,32.0,Aug/12/2006 00:27:21
310933,BIRDFLU.USA.31DEC06,Bird flu (H5N1) to be confirmed in the USA ON/BEFORE 31st December 2006,4,30.9,Aug/14/2006 14:33:56
310933,BIRDFLU.USA.31DEC06,Bird flu (H5N1) to be confirmed in the USA ON/BEFORE 31st December 2006,3,31.0,Aug/14/2006 14:37:11
310933,BIRDFLU.USA.31DEC06,Bird flu (H5N1) to be confirmed in the USA ON/BEFORE 31st December 2006,5,32.0,Aug/14/2006 14:37:34
310933,BIRDFLU.USA.31DEC06,Bird flu (H5N1) to be confirmed in the USA ON/BEFORE 31st December 2006,10,32.1,Aug/14/2006 14:37:45
310933,BIRDFLU.USA.31DEC06,Bird flu (H5N1) to be confirmed in the USA ON/BEFORE 31st December 2006,10,46.0,Aug/14/2006 16:15:27
310933,BIRDFLU.USA.31DEC06,Bird flu (H5N1) to be confirmed in the USA ON/BEFORE 31st December 2006,4,47.0,Aug/14/2006 16:26:22
310933,BIRDFLU.USA.31DEC06,Bird flu (H5N1) to be confirmed in the USA ON/BEFORE 31st December 2006,20,48.0,Aug/14/2006 16:26:48
310933,BIRDFLU.USA.31DEC06,Bird flu (H5N1) to be confirmed in the USA ON/BEFORE 31st December 2006,20,48.5,Aug/14/2006 16:27:28
310933,BIRDFLU.USA.31DEC06,Bird flu (H5N1) to be confirmed in the USA ON/BEFORE 31st December 2006,10,50.5,Aug/14/2006 16:33:20
310933,BIRDFLU.USA.31DEC06,Bird flu (H5N1) to be confirmed in the USA ON/BEFORE 31st December 2006,5,34.0,Aug/14/2006 17:43:12
310933,BIRDFLU.USA.31DEC06,Bird flu (H5N1) to be confirmed in the USA ON/BEFORE 31st December 2006,1,32.2,Aug/14/2006 17:48:08
310933,BIRDFLU.USA.31DEC06,Bird flu (H5N1) to be confirmed in the USA ON/BEFORE 31st December 2006,1,33.9,Aug/14/2006 18:31:38
310933,BIRDFLU.USA.31DEC06,Bird flu (H5N1) to be confirmed in the USA ON/BEFORE 31st December 2006,7,34.9,Aug/14/2006 18:31:38
310933,BIRDFLU.USA.31DEC06,Bird flu (H5N1) to be confirmed in the USA ON/BEFORE 31st December 2006,1,41.9,Aug/14/2006 19:27:02
310933,BIRDFLU.USA.31DEC06,Bird flu (H5N1) to be confirmed in the USA ON/BEFORE 31st December 2006,7,41.9,Aug/14/2006 19:27:02
310933,BIRDFLU.USA.31DEC06,Bird flu (H5N1) to be confirmed in the USA ON/BEFORE 31st December 2006,5,42.0,Aug/14/2006 19:27:24
310933,BIRDFLU.USA.31DEC06,Bird flu (H5N1) to be confirmed in the USA ON/BEFORE 31st December 2006,5,44.0,Aug/14/2006 19:27:33
310933,BIRDFLU.USA.31DEC06,Bird flu (H5N1) to be confirmed in the USA ON/BEFORE 31st December 2006,5,45.0,Aug/14/2006 19:27:41
310933,BIRDFLU.USA.31DEC06,Bird flu (H5N1) to be confirmed in the USA ON/BEFORE 31st December 2006,24,47.0,Aug/14/2006 19:27:49
310933,BIRDFLU.USA.31DEC06,Bird flu (H5N1) to be confirmed in the USA ON/BEFORE 31st December 2006,4,51.4,Aug/14/2006 19:28:41
310933,BIRDFLU.USA.31DEC06,Bird flu (H5N1) to be confirmed in the USA ON/BEFORE 31st December 2006,3,52.9,Aug/14/2006 19:28:51
310933,BIRDFLU.USA.31DEC06,Bird flu (H5N1) to be confirmed in the USA ON/BEFORE 31st December 2006,6,51.0,Aug/14/2006 19:31:20
310933,BIRDFLU.USA.31DEC06,Bird flu (H5N1) to be confirmed in the USA ON/BEFORE 31st December 2006,2,53.4,Aug/14/2006 19:31:44
310933,BIRDFLU.USA.31DEC06,Bird flu (H5N1) to be confirmed in the USA ON/BEFORE 31st December 2006,7,41.9,Aug/14/2006 19:35:11
310933,BIRDFLU.USA.31DEC06,Bird flu (H5N1) to be confirmed in the USA ON/BEFORE 31st December 2006,1,41.9,Aug/14/2006 19:42:08
310933,BIRDFLU.USA.31DEC06,Bird flu (H5N1) to be confirmed in the USA ON/BEFORE 31st December 2006,8,50.0,Aug/14/2006 19:50:23
310933,BIRDFLU.USA.31DEC06,Bird flu (H5N1) to be confirmed in the USA ON/BEFORE 31st December 2006,2,45.0,Aug/14/2006 20:00:45
310933,BIRDFLU.USA.31DEC06,Bird flu (H5N1) to be confirmed in the USA ON/BEFORE 31st December 2006,3,44.0,Aug/15/2006 00:07:30
310933,BIRDFLU.USA.31DEC06,Bird flu (H5N1) to be confirmed in the USA ON/BEFORE 31st December 2006,1,43.0,Aug/15/2006 00:11:19
310933,BIRDFLU.USA.31DEC06,Bird flu (H5N1) to be confirmed in the USA ON/BEFORE 31st December 2006,5,35.0,Aug/15/2006 03:57:02
310933,BIRDFLU.USA.31DEC06,Bird flu (H5N1) to be confirmed in the USA ON/BEFORE 31st December 2006,10,36.0,Aug/15/2006 03:57:02
310933,BIRDFLU.USA.31DEC06,Bird flu (H5N1) to be confirmed in the USA ON/BEFORE 31st December 2006,3,34.0,Aug/15/2006 03:57:02
310933,BIRDFLU.USA.31DEC06,Bird flu (H5N1) to be confirmed in the USA ON/BEFORE 31st December 2006,6,30.1,Aug/15/2006 04:02:51
310933,BIRDFLU.USA.31DEC06,Bird flu (H5N1) to be confirmed in the USA ON/BEFORE 31st December 2006,1,38.9,Aug/15/2006 14:17:23
310933,BIRDFLU.USA.31DEC06,Bird flu (H5N1) to be confirmed in the USA ON/BEFORE 31st December 2006,2,30.0,Aug/16/2006 02:43:30
310933,BIRDFLU.USA.31DEC06,Bird flu (H5N1) to be confirmed in the USA ON/BEFORE 31st December 2006,4,29.5,Aug/16/2006 02:43:51
310933,BIRDFLU.USA.31DEC06,Bird flu (H5N1) to be confirmed in the USA ON/BEFORE 31st December 2006,10,29.2,Aug/16/2006 04:26:46
310933,BIRDFLU.USA.31DEC06,Bird flu (H5N1) to be confirmed in the USA ON/BEFORE 31st December 2006,3,29.1,Aug/16/2006 04:26:59
310933,BIRDFLU.USA.31DEC06,Bird flu (H5N1) to be confirmed in the USA ON/BEFORE 31st December 2006,2,29.0,Aug/16/2006 04:29:45
310933,BIRDFLU.USA.31DEC06,Bird flu (H5N1) to be confirmed in the USA ON/BEFORE 31st December 2006,6,27.1,Aug/16/2006 04:30:10
310933,BIRDFLU.USA.31DEC06,Bird flu (H5N1) to be confirmed in the USA ON/BEFORE 31st December 2006,15,26.7,Aug/16/2006 04:30:42
310933,BIRDFLU.USA.31DEC06,Bird flu (H5N1) to be confirmed in the USA ON/BEFORE 31st December 2006,3,26.6,Aug/16/2006 04:31:16
310933,BIRDFLU.USA.31DEC06,Bird flu (H5N1) to be confirmed in the USA ON/BEFORE 31st December 2006,8,26.6,Aug/16/2006 04:31:16
310933,BIRDFLU.USA.31DEC06,Bird flu (H5N1) to be confirmed in the USA ON/BEFORE 31st December 2006,15,26.5,Aug/16/2006 04:31:38
310933,BIRDFLU.USA.31DEC06,Bird flu (H5N1) to be confirmed in the USA ON/BEFORE 31st December 2006,1,29.8,Aug/16/2006 18:08:39
310933,BIRDFLU.USA.31DEC06,Bird flu (H5N1) to be confirmed in the USA ON/BEFORE 31st December 2006,3,27.1,Aug/17/2006 00:39:27
310933,BIRDFLU.USA.31DEC06,Bird flu (H5N1) to be confirmed in the USA ON/BEFORE 31st December 2006,1,27.1,Aug/17/2006 00:39:27
310933,BIRDFLU.USA.31DEC06,Bird flu (H5N1) to be confirmed in the USA ON/BEFORE 31st December 2006,1,26.5,Aug/17/2006 01:00:37
310933,BIRDFLU.USA.31DEC06,Bird flu (H5N1) to be confirmed in the USA ON/BEFORE 31st December 2006,3,28.5,Aug/17/2006 19:57:55
310933,BIRDFLU.USA.31DEC06,Bird flu (H5N1) to be confirmed in the USA ON/BEFORE 31st December 2006,1,29.6,Aug/17/2006 20:01:53
310933,BIRDFLU.USA.31DEC06,Bird flu (H5N1) to be confirmed in the USA ON/BEFORE 31st December 2006,4,29.7,Aug/17/2006 20:03:10
310933,BIRDFLU.USA.31DEC06,Bird flu (H5N1) to be confirmed in the USA ON/BEFORE 31st December 2006,1,27.0,Aug/17/2006 20:49:24
310933,BIRDFLU.USA.31DEC06,Bird flu (H5N1) to be confirmed in the USA ON/BEFORE 31st December 2006,3,27.1,Aug/17/2006 20:49:43
310933,BIRDFLU.USA.31DEC06,Bird flu (H5N1) to be confirmed in the USA ON/BEFORE 31st December 2006,1,29.9,Aug/17/2006 21:59:48
310933,BIRDFLU.USA.31DEC06,Bird flu (H5N1) to be confirmed in the USA ON/BEFORE 31st December 2006,3,28.8,Aug/19/2006 16:17:09
310933,BIRDFLU.USA.31DEC06,Bird flu (H5N1) to be confirmed in the USA ON/BEFORE 31st December 2006,2,29.3,Aug/19/2006 16:17:40
310933,BIRDFLU.USA.31DEC06,Bird flu (H5N1) to be confirmed in the USA ON/BEFORE 31st December 2006,10,29.8,Aug/20/2006 04:23:13
310933,BIRDFLU.USA.31DEC06,Bird flu (H5N1) to be confirmed in the USA ON/BEFORE 31st December 2006,1,30.0,Aug/20/2006 04:23:30
310933,BIRDFLU.USA.31DEC06,Bird flu (H5N1) to be confirmed in the USA ON/BEFORE 31st December 2006,3,29.0,Aug/20/2006 18:43:43
310933,BIRDFLU.USA.31DEC06,Bird flu (H5N1) to be confirmed in the USA ON/BEFORE 31st December 2006,1,27.1,Aug/22/2006 04:38:50
310933,BIRDFLU.USA.31DEC06,Bird flu (H5N1) to be confirmed in the USA ON/BEFORE 31st December 2006,4,29.0,Aug/23/2006 03:31:22
310933,BIRDFLU.USA.31DEC06,Bird flu (H5N1) to be confirmed in the USA ON/BEFORE 31st December 2006,1,29.0,Aug/23/2006 03:31:22
310933,BIRDFLU.USA.31DEC06,Bird flu (H5N1) to be confirmed in the USA ON/BEFORE 31st December 2006,1,29.0,Aug/23/2006 03:31:52
310933,BIRDFLU.USA.31DEC06,Bird flu (H5N1) to be confirmed in the USA ON/BEFORE 31st December 2006,1,29.2,Aug/23/2006 03:31:52
310933,BIRDFLU.USA.31DEC06,Bird flu (H5N1) to be confirmed in the USA ON/BEFORE 31st December 2006,9,29.0,Aug/23/2006 22:54:57
310933,BIRDFLU.USA.31DEC06,Bird flu (H5N1) to be confirmed in the USA ON/BEFORE 31st December 2006,20,26.5,Aug/24/2006 04:00:16
310933,BIRDFLU.USA.31DEC06,Bird flu (H5N1) to be confirmed in the USA ON/BEFORE 31st December 2006,2,26.5,Aug/24/2006 04:00:16
310933,BIRDFLU.USA.31DEC06,Bird flu (H5N1) to be confirmed in the USA ON/BEFORE 31st December 2006,10,26.4,Aug/24/2006 04:01:50
310933,BIRDFLU.USA.31DEC06,Bird flu (H5N1) to be confirmed in the USA ON/BEFORE 31st December 2006,1,26.2,Aug/24/2006 04:02:00
310933,BIRDFLU.USA.31DEC06,Bird flu (H5N1) to be confirmed in the USA ON/BEFORE 31st December 2006,5,26.1,Aug/24/2006 04:02:13
310933,BIRDFLU.USA.31DEC06,Bird flu (H5N1) to be confirmed in the USA ON/BEFORE 31st December 2006,10,26.0,Aug/24/2006 04:02:40
310933,BIRDFLU.USA.31DEC06,Bird flu (H5N1) to be confirmed in the USA ON/BEFORE 31st December 2006,20,25.0,Aug/24/2006 04:53:11
310933,BIRDFLU.USA.31DEC06,Bird flu (H5N1) to be confirmed in the USA ON/BEFORE 31st December 2006,10,25.0,Aug/24/2006 04:53:11
310933,BIRDFLU.USA.31DEC06,Bird flu (H5N1) to be confirmed in the USA ON/BEFORE 31st December 2006,5,27.4,Aug/24/2006 22:40:54
310933,BIRDFLU.USA.31DEC06,Bird flu (H5N1) to be confirmed in the USA ON/BEFORE 31st December 2006,3,27.5,Aug/24/2006 22:40:54
310933,BIRDFLU.USA.31DEC06,Bird flu (H5N1) to be confirmed in the USA ON/BEFORE 31st December 2006,1,25.0,Aug/25/2006 02:36:14
310933,BIRDFLU.USA.31DEC06,Bird flu (H5N1) to be confirmed in the USA ON/BEFORE 31st December 2006,1,23.0,Aug/25/2006 03:26:22
310933,BIRDFLU.USA.31DEC06,Bird flu (H5N1) to be confirmed in the USA ON/BEFORE 31st December 2006,1,27.5,Aug/26/2006 05:00:56
310933,BIRDFLU.USA.31DEC06,Bird flu (H5N1) to be confirmed in the USA ON/BEFORE 31st December 2006,1,23.5,Aug/28/2006 02:09:04
310933,BIRDFLU.USA.31DEC06,Bird flu (H5N1) to be confirmed in the USA ON/BEFORE 31st December 2006,1,23.6,Aug/28/2006 02:09:04
310933,BIRDFLU.USA.31DEC06,Bird flu (H5N1) to be confirmed in the USA ON/BEFORE 31st December 2006,1,24.9,Aug/28/2006 16:13:51
310933,BIRDFLU.USA.31DEC06,Bird flu (H5N1) to be confirmed in the USA ON/BEFORE 31st December 2006,1,26.5,Aug/29/2006 07:11:31
310933,BIRDFLU.USA.31DEC06,Bird flu (H5N1) to be confirmed in the USA ON/BEFORE 31st December 2006,4,26.5,Aug/29/2006 09:01:59
310933,BIRDFLU.USA.31DEC06,Bird flu (H5N1) to be confirmed in the USA ON/BEFORE 31st December 2006,1,23.5,Aug/29/2006 09:46:55
310933,BIRDFLU.USA.31DEC06,Bird flu (H5N1) to be confirmed in the USA ON/BEFORE 31st December 2006,4,23.0,Aug/29/2006 09:47:25
310933,BIRDFLU.USA.31DEC06,Bird flu (H5N1) to be confirmed in the USA ON/BEFORE 31st December 2006,1,23.7,Aug/30/2006 19:08:55
310933,BIRDFLU.USA.31DEC06,Bird flu (H5N1) to be confirmed in the USA ON/BEFORE 31st December 2006,5,23.0,Aug/31/2006 19:01:46
310933,BIRDFLU.USA.31DEC06,Bird flu (H5N1) to be confirmed in the USA ON/BEFORE 31st December 2006,1,24.0,Sep/01/2006 01:29:54
310933,BIRDFLU.USA.31DEC06,Bird flu (H5N1) to be confirmed in the USA ON/BEFORE 31st December 2006,2,24.5,Sep/01/2006 01:29:54
310933,BIRDFLU.USA.31DEC06,Bird flu (H5N1) to be confirmed in the USA ON/BEFORE 31st December 2006,1,24.3,Sep/01/2006 01:29:54
310933,BIRDFLU.USA.31DEC06,Bird flu (H5N1) to be confirmed in the USA ON/BEFORE 31st December 2006,1,26.6,Sep/01/2006 01:30:55
310933,BIRDFLU.USA.31DEC06,Bird flu (H5N1) to be confirmed in the USA ON/BEFORE 31st December 2006,3,26.8,Sep/02/2006 22:48:38
310933,BIRDFLU.USA.31DEC06,Bird flu (H5N1) to be confirmed in the USA ON/BEFORE 31st December 2006,5,27.0,Sep/02/2006 22:48:38
310933,BIRDFLU.USA.31DEC06,Bird flu (H5N1) to be confirmed in the USA ON/BEFORE 31st December 2006,1,27.5,Sep/02/2006 22:50:41
310933,BIRDFLU.USA.31DEC06,Bird flu (H5N1) to be confirmed in the USA ON/BEFORE 31st December 2006,2,29.4,Sep/03/2006 03:12:53
310933,BIRDFLU.USA.31DEC06,Bird flu (H5N1) to be confirmed in the USA ON/BEFORE 31st December 2006,1,25.0,Sep/05/2006 20:46:57
310933,BIRDFLU.USA.31DEC06,Bird flu (H5N1) to be confirmed in the USA ON/BEFORE 31st December 2006,2,23.4,Sep/07/2006 17:38:58
310933,BIRDFLU.USA.31DEC06,Bird flu (H5N1) to be confirmed in the USA ON/BEFORE 31st December 2006,2,25.8,Sep/08/2006 01:01:56
310933,BIRDFLU.USA.31DEC06,Bird flu (H5N1) to be confirmed in the USA ON/BEFORE 31st December 2006,5,26.0,Sep/08/2006 01:02:16
310933,BIRDFLU.USA.31DEC06,Bird flu (H5N1) to be confirmed in the USA ON/BEFORE 31st December 2006,2,26.5,Sep/08/2006 01:03:23
310933,BIRDFLU.USA.31DEC06,Bird flu (H5N1) to be confirmed in the USA ON/BEFORE 31st December 2006,5,28.0,Sep/09/2006 23:25:30
310933,BIRDFLU.USA.31DEC06,Bird flu (H5N1) to be confirmed in the USA ON/BEFORE 31st December 2006,7,27.0,Sep/09/2006 23:25:30
310933,BIRDFLU.USA.31DEC06,Bird flu (H5N1) to be confirmed in the USA ON/BEFORE 31st December 2006,5,23.2,Sep/11/2006 16:54:51
310933,BIRDFLU.USA.31DEC06,Bird flu (H5N1) to be confirmed in the USA ON/BEFORE 31st December 2006,1,23.1,Sep/11/2006 16:54:51
310933,BIRDFLU.USA.31DEC06,Bird flu (H5N1) to be confirmed in the USA ON/BEFORE 31st December 2006,9,23.0,Sep/11/2006 16:54:51
310933,BIRDFLU.USA.31DEC06,Bird flu (H5N1) to be confirmed in the USA ON/BEFORE 31st December 2006,3,23.4,Sep/11/2006 16:54:51
310933,BIRDFLU.USA.31DEC06,Bird flu (H5N1) to be confirmed in the USA ON/BEFORE 31st December 2006,1,23.2,Sep/11/2006 16:54:51
310933,BIRDFLU.USA.31DEC06,Bird flu (H5N1) to be confirmed in the USA ON/BEFORE 31st December 2006,1,23.0,Sep/11/2006 16:55:39
310933,BIRDFLU.USA.31DEC06,Bird flu (H5N1) to be confirmed in the USA ON/BEFORE 31st December 2006,5,20.0,Sep/12/2006 12:58:02
310933,BIRDFLU.USA.31DEC06,Bird flu (H5N1) to be confirmed in the USA ON/BEFORE 31st December 2006,1,20.2,Sep/12/2006 12:58:02
310933,BIRDFLU.USA.31DEC06,Bird flu (H5N1) to be confirmed in the USA ON/BEFORE 31st December 2006,10,20.0,Sep/12/2006 13:00:07
310933,BIRDFLU.USA.31DEC06,Bird flu (H5N1) to be confirmed in the USA ON/BEFORE 31st December 2006,1,21.0,Sep/13/2006 11:43:09
310933,BIRDFLU.USA.31DEC06,Bird flu (H5N1) to be confirmed in the USA ON/BEFORE 31st December 2006,10,18.0,Sep/17/2006 01:25:11
310933,BIRDFLU.USA.31DEC06,Bird flu (H5N1) to be confirmed in the USA ON/BEFORE 31st December 2006,4,18.0,Sep/17/2006 13:22:02
310933,BIRDFLU.USA.31DEC06,Bird flu (H5N1) to be confirmed in the USA ON/BEFORE 31st December 2006,3,20.8,Sep/17/2006 20:22:53
310933,BIRDFLU.USA.31DEC06,Bird flu (H5N1) to be confirmed in the USA ON/BEFORE 31st December 2006,2,21.0,Sep/17/2006 20:23:12
310933,BIRDFLU.USA.31DEC06,Bird flu (H5N1) to be confirmed in the USA ON/BEFORE 31st December 2006,5,21.0,Sep/17/2006 20:23:12
310933,BIRDFLU.USA.31DEC06,Bird flu (H5N1) to be confirmed in the USA ON/BEFORE 31st December 2006,1,21.0,Sep/17/2006 20:23:12
310933,BIRDFLU.USA.31DEC06,Bird flu (H5N1) to be confirmed in the USA ON/BEFORE 31st December 2006,1,18.0,Sep/19/2006 21:33:57
310933,BIRDFLU.USA.31DEC06,Bird flu (H5N1) to be confirmed in the USA ON/BEFORE 31st December 2006,10,17.6,Sep/20/2006 22:07:19
310933,BIRDFLU.USA.31DEC06,Bird flu (H5N1) to be confirmed in the USA ON/BEFORE 31st December 2006,1,17.3,Sep/24/2006 18:22:25
310933,BIRDFLU.USA.31DEC06,Bird flu (H5N1) to be confirmed in the USA ON/BEFORE 31st December 2006,11,17.5,Sep/24/2006 18:22:39
310933,BIRDFLU.USA.31DEC06,Bird flu (H5N1) to be confirmed in the USA ON/BEFORE 31st December 2006,10,17.5,Sep/24/2006 20:56:27
310933,BIRDFLU.USA.31DEC06,Bird flu (H5N1) to be confirmed in the USA ON/BEFORE 31st December 2006,9,17.5,Sep/25/2006 00:11:27
310933,BIRDFLU.USA.31DEC06,Bird flu (H5N1) to be confirmed in the USA ON/BEFORE 31st December 2006,5,14.2,Sep/26/2006 11:24:31
310933,BIRDFLU.USA.31DEC06,Bird flu (H5N1) to be confirmed in the USA ON/BEFORE 31st December 2006,4,14.0,Sep/26/2006 11:24:31
310933,BIRDFLU.USA.31DEC06,Bird flu (H5N1) to be confirmed in the USA ON/BEFORE 31st December 2006,1,13.2,Sep/27/2006 14:35:23
310933,BIRDFLU.USA.31DEC06,Bird flu (H5N1) to be confirmed in the USA ON/BEFORE 31st December 2006,1,12.4,Sep/30/2006 14:57:09
310933,BIRDFLU.USA.31DEC06,Bird flu (H5N1) to be confirmed in the USA ON/BEFORE 31st December 2006,1,12.7,Oct/01/2006 16:47:05
310933,BIRDFLU.USA.31DEC06,Bird flu (H5N1) to be confirmed in the USA ON/BEFORE 31st December 2006,1,12.7,Oct/01/2006 23:57:14
310933,BIRDFLU.USA.31DEC06,Bird flu (H5N1) to be confirmed in the USA ON/BEFORE 31st December 2006,5,12.5,Oct/01/2006 23:57:14
310933,BIRDFLU.USA.31DEC06,Bird flu (H5N1) to be confirmed in the USA ON/BEFORE 31st December 2006,4,12.5,Oct/01/2006 23:57:29
310933,BIRDFLU.USA.31DEC06,Bird flu (H5N1) to be confirmed in the USA ON/BEFORE 31st December 2006,5,12.5,Oct/01/2006 23:57:51
310933,BIRDFLU.USA.31DEC06,Bird flu (H5N1) to be confirmed in the USA ON/BEFORE 31st December 2006,3,12.5,Oct/02/2006 01:34:09
310933,BIRDFLU.USA.31DEC06,Bird flu (H5N1) to be confirmed in the USA ON/BEFORE 31st December 2006,3,14.3,Oct/02/2006 18:30:12
310933,BIRDFLU.USA.31DEC06,Bird flu (H5N1) to be confirmed in the USA ON/BEFORE 31st December 2006,3,14.5,Oct/02/2006 18:30:12
310933,BIRDFLU.USA.31DEC06,Bird flu (H5N1) to be confirmed in the USA ON/BEFORE 31st December 2006,1,14.0,Oct/04/2006 17:38:28
310933,BIRDFLU.USA.31DEC06,Bird flu (H5N1) to be confirmed in the USA ON/BEFORE 31st December 2006,1,14.0,Oct/04/2006 23:59:30
310933,BIRDFLU.USA.31DEC06,Bird flu (H5N1) to be confirmed in the USA ON/BEFORE 31st December 2006,10,14.0,Oct/04/2006 23:59:30
310933,BIRDFLU.USA.31DEC06,Bird flu (H5N1) to be confirmed in the USA ON/BEFORE 31st December 2006,2,10.0,Oct/06/2006 05:55:38
310933,BIRDFLU.USA.31DEC06,Bird flu (H5N1) to be confirmed in the USA ON/BEFORE 31st December 2006,2,14.0,Oct/08/2006 16:57:43
310933,BIRDFLU.USA.31DEC06,Bird flu (H5N1) to be confirmed in the USA ON/BEFORE 31st December 2006,3,14.0,Oct/08/2006 19:31:57
310933,BIRDFLU.USA.31DEC06,Bird flu (H5N1) to be confirmed in the USA ON/BEFORE 31st December 2006,10,14.2,Oct/08/2006 19:32:11
310933,BIRDFLU.USA.31DEC06,Bird flu (H5N1) to be confirmed in the USA ON/BEFORE 31st December 2006,7,14.5,Oct/08/2006 19:32:28
310933,BIRDFLU.USA.31DEC06,Bird flu (H5N1) to be confirmed in the USA ON/BEFORE 31st December 2006,2,12.2,Oct/08/2006 22:03:28
310933,BIRDFLU.USA.31DEC06,Bird flu (H5N1) to be confirmed in the USA ON/BEFORE 31st December 2006,3,12.4,Oct/08/2006 22:03:28
310933,BIRDFLU.USA.31DEC06,Bird flu (H5N1) to be confirmed in the USA ON/BEFORE 31st December 2006,5,20.8,Oct/09/2006 02:50:54
310933,BIRDFLU.USA.31DEC06,Bird flu (H5N1) to be confirmed in the USA ON/BEFORE 31st December 2006,3,10.5,Oct/10/2006 02:34:12
310933,BIRDFLU.USA.31DEC06,Bird flu (H5N1) to be confirmed in the USA ON/BEFORE 31st December 2006,2,11.0,Oct/10/2006 18:15:18
310933,BIRDFLU.USA.31DEC06,Bird flu (H5N1) to be confirmed in the USA ON/BEFORE 31st December 2006,2,15.0,Oct/13/2006 04:01:26
310933,BIRDFLU.USA.31DEC06,Bird flu (H5N1) to be confirmed in the USA ON/BEFORE 31st December 2006,10,11.5,Oct/13/2006 20:45:26
310933,BIRDFLU.USA.31DEC06,Bird flu (H5N1) to be confirmed in the USA ON/BEFORE 31st December 2006,10,13.0,Oct/14/2006 12:45:26
310933,BIRDFLU.USA.31DEC06,Bird flu (H5N1) to be confirmed in the USA ON/BEFORE 31st December 2006,1,14.0,Oct/14/2006 23:06:56
310933,BIRDFLU.USA.31DEC06,Bird flu (H5N1) to be confirmed in the USA ON/BEFORE 31st December 2006,5,15.0,Oct/14/2006 23:06:56
310933,BIRDFLU.USA.31DEC06,Bird flu (H5N1) to be confirmed in the USA ON/BEFORE 31st December 2006,3,15.0,Oct/14/2006 23:06:56
310933,BIRDFLU.USA.31DEC06,Bird flu (H5N1) to be confirmed in the USA ON/BEFORE 31st December 2006,2,15.0,Oct/14/2006 23:06:56
310933,BIRDFLU.USA.31DEC06,Bird flu (H5N1) to be confirmed in the USA ON/BEFORE 31st December 2006,5,21.0,Oct/15/2006 02:39:07
310933,BIRDFLU.USA.31DEC06,Bird flu (H5N1) to be confirmed in the USA ON/BEFORE 31st December 2006,3,20.8,Oct/15/2006 02:39:07
310933,BIRDFLU.USA.31DEC06,Bird flu (H5N1) to be confirmed in the USA ON/BEFORE 31st December 2006,5,18.0,Oct/17/2006 01:26:13
310933,BIRDFLU.USA.31DEC06,Bird flu (H5N1) to be confirmed in the USA ON/BEFORE 31st December 2006,7,19.0,Oct/17/2006 01:26:21
310933,BIRDFLU.USA.31DEC06,Bird flu (H5N1) to be confirmed in the USA ON/BEFORE 31st December 2006,10,20.0,Oct/17/2006 01:27:24
310933,BIRDFLU.USA.31DEC06,Bird flu (H5N1) to be confirmed in the USA ON/BEFORE 31st December 2006,10,12.5,Oct/17/2006 07:10:41
310933,BIRDFLU.USA.31DEC06,Bird flu (H5N1) to be confirmed in the USA ON/BEFORE 31st December 2006,2,13.1,Oct/18/2006 15:22:52
310933,BIRDFLU.USA.31DEC06,Bird flu (H5N1) to be confirmed in the USA ON/BEFORE 31st December 2006,1,12.0,Oct/18/2006 15:22:52
310933,BIRDFLU.USA.31DEC06,Bird flu (H5N1) to be confirmed in the USA ON/BEFORE 31st December 2006,3,12.1,Oct/18/2006 15:22:52
310933,BIRDFLU.USA.31DEC06,Bird flu (H5N1) to be confirmed in the USA ON/BEFORE 31st December 2006,4,12.0,Oct/18/2006 15:22:52
310933,BIRDFLU.USA.31DEC06,Bird flu (H5N1) to be confirmed in the USA ON/BEFORE 31st December 2006,3,12.1,Oct/21/2006 00:00:21
310933,BIRDFLU.USA.31DEC06,Bird flu (H5N1) to be confirmed in the USA ON/BEFORE 31st December 2006,1,12.1,Oct/21/2006 00:00:21
310933,BIRDFLU.USA.31DEC06,Bird flu (H5N1) to be confirmed in the USA ON/BEFORE 31st December 2006,6,11.8,Oct/21/2006 00:00:21
310933,BIRDFLU.USA.31DEC06,Bird flu (H5N1) to be confirmed in the USA ON/BEFORE 31st December 2006,10,14.0,Oct/21/2006 23:31:06
310933,BIRDFLU.USA.31DEC06,Bird flu (H5N1) to be confirmed in the USA ON/BEFORE 31st December 2006,5,13.9,Oct/21/2006 23:31:06
310933,BIRDFLU.USA.31DEC06,Bird flu (H5N1) to be confirmed in the USA ON/BEFORE 31st December 2006,15,16.0,Oct/21/2006 23:31:06
310933,BIRDFLU.USA.31DEC06,Bird flu (H5N1) to be confirmed in the USA ON/BEFORE 31st December 2006,10,16.0,Oct/21/2006 23:41:47
310933,BIRDFLU.USA.31DEC06,Bird flu (H5N1) to be confirmed in the USA ON/BEFORE 31st December 2006,2,13.0,Oct/23/2006 12:01:46
310933,BIRDFLU.USA.31DEC06,Bird flu (H5N1) to be confirmed in the USA ON/BEFORE 31st December 2006,5,13.0,Oct/25/2006 07:40:03
310933,BIRDFLU.USA.31DEC06,Bird flu (H5N1) to be confirmed in the USA ON/BEFORE 31st December 2006,5,13.2,Oct/25/2006 07:40:03
310933,BIRDFLU.USA.31DEC06,Bird flu (H5N1) to be confirmed in the USA ON/BEFORE 31st December 2006,2,13.0,Oct/27/2006 04:40:50
310933,BIRDFLU.USA.31DEC06,Bird flu (H5N1) to be confirmed in the USA ON/BEFORE 31st December 2006,1,13.0,Oct/27/2006 10:02:35
310933,BIRDFLU.USA.31DEC06,Bird flu (H5N1) to be confirmed in the USA ON/BEFORE 31st December 2006,10,13.9,Oct/29/2006 00:08:27
310933,BIRDFLU.USA.31DEC06,Bird flu (H5N1) to be confirmed in the USA ON/BEFORE 31st December 2006,5,12.0,Oct/29/2006 16:32:02
310933,BIRDFLU.USA.31DEC06,Bird flu (H5N1) to be confirmed in the USA ON/BEFORE 31st December 2006,2,12.5,Oct/29/2006 16:32:02
310933,BIRDFLU.USA.31DEC06,Bird flu (H5N1) to be confirmed in the USA ON/BEFORE 31st December 2006,10,13.5,Nov/03/2006 03:04:19
310933,BIRDFLU.USA.31DEC06,Bird flu (H5N1) to be confirmed in the USA ON/BEFORE 31st December 2006,4,17.9,Nov/03/2006 03:07:03
310933,BIRDFLU.USA.31DEC06,Bird flu (H5N1) to be confirmed in the USA ON/BEFORE 31st December 2006,1,14.0,Nov/03/2006 03:07:03
310933,BIRDFLU.USA.31DEC06,Bird flu (H5N1) to be confirmed in the USA ON/BEFORE 31st December 2006,1,12.0,Nov/04/2006 21:31:06
310933,BIRDFLU.USA.31DEC06,Bird flu (H5N1) to be confirmed in the USA ON/BEFORE 31st December 2006,4,17.8,Nov/05/2006 02:45:23
310933,BIRDFLU.USA.31DEC06,Bird flu (H5N1) to be confirmed in the USA ON/BEFORE 31st December 2006,1,12.0,Nov/05/2006 04:52:09
310933,BIRDFLU.USA.31DEC06,Bird flu (H5N1) to be confirmed in the USA ON/BEFORE 31st December 2006,2,12.0,Nov/05/2006 04:52:09
310933,BIRDFLU.USA.31DEC06,Bird flu (H5N1) to be confirmed in the USA ON/BEFORE 31st December 2006,1,12.0,Nov/05/2006 04:52:09
310933,BIRDFLU.USA.31DEC06,Bird flu (H5N1) to be confirmed in the USA ON/BEFORE 31st December 2006,1,11.8,Nov/05/2006 04:52:09
310933,BIRDFLU.USA.31DEC06,Bird flu (H5N1) to be confirmed in the USA ON/BEFORE 31st December 2006,5,12.2,Nov/05/2006 04:52:09
310933,BIRDFLU.USA.31DEC06,Bird flu (H5N1) to be confirmed in the USA ON/BEFORE 31st December 2006,5,17.4,Nov/06/2006 01:17:03
310933,BIRDFLU.USA.31DEC06,Bird flu (H5N1) to be confirmed in the USA ON/BEFORE 31st December 2006,2,17.6,Nov/06/2006 01:17:19
310933,BIRDFLU.USA.31DEC06,Bird flu (H5N1) to be confirmed in the USA ON/BEFORE 31st December 2006,5,17.6,Nov/06/2006 01:17:19
310933,BIRDFLU.USA.31DEC06,Bird flu (H5N1) to be confirmed in the USA ON/BEFORE 31st December 2006,10,18.0,Nov/06/2006 03:07:22
310933,BIRDFLU.USA.31DEC06,Bird flu (H5N1) to be confirmed in the USA ON/BEFORE 31st December 2006,10,29.5,Nov/06/2006 03:51:23
310933,BIRDFLU.USA.31DEC06,Bird flu (H5N1) to be confirmed in the USA ON/BEFORE 31st December 2006,3,12.2,Nov/07/2006 00:23:27
310933,BIRDFLU.USA.31DEC06,Bird flu (H5N1) to be confirmed in the USA ON/BEFORE 31st December 2006,2,12.0,Nov/07/2006 00:23:40
310933,BIRDFLU.USA.31DEC06,Bird flu (H5N1) to be confirmed in the USA ON/BEFORE 31st December 2006,2,12.2,Nov/07/2006 01:38:31
310933,BIRDFLU.USA.31DEC06,Bird flu (H5N1) to be confirmed in the USA ON/BEFORE 31st December 2006,2,12.2,Nov/07/2006 04:36:43
310933,BIRDFLU.USA.31DEC06,Bird flu (H5N1) to be confirmed in the USA ON/BEFORE 31st December 2006,3,12.0,Nov/07/2006 04:36:43
310933,BIRDFLU.USA.31DEC06,Bird flu (H5N1) to be confirmed in the USA ON/BEFORE 31st December 2006,3,11.8,Nov/07/2006 20:04:33
310933,BIRDFLU.USA.31DEC06,Bird flu (H5N1) to be confirmed in the USA ON/BEFORE 31st December 2006,2,11.5,Nov/07/2006 20:04:33
310933,BIRDFLU.USA.31DEC06,Bird flu (H5N1) to be confirmed in the USA ON/BEFORE 31st December 2006,3,11.5,Nov/08/2006 17:37:24
310933,BIRDFLU.USA.31DEC06,Bird flu (H5N1) to be confirmed in the USA ON/BEFORE 31st December 2006,2,9.1,Nov/08/2006 17:37:37
310933,BIRDFLU.USA.31DEC06,Bird flu (H5N1) to be confirmed in the USA ON/BEFORE 31st December 2006,10,9.0,Nov/08/2006 17:37:53
310933,BIRDFLU.USA.31DEC06,Bird flu (H5N1) to be confirmed in the USA ON/BEFORE 31st December 2006,1,17.0,Nov/08/2006 17:46:27
310933,BIRDFLU.USA.31DEC06,Bird flu (H5N1) to be confirmed in the USA ON/BEFORE 31st December 2006,1,12.0,Nov/11/2006 14:31:40
310933,BIRDFLU.USA.31DEC06,Bird flu (H5N1) to be confirmed in the USA ON/BEFORE 31st December 2006,5,10.5,Nov/15/2006 23:58:17
310933,BIRDFLU.USA.31DEC06,Bird flu (H5N1) to be confirmed in the USA ON/BEFORE 31st December 2006,1,3.0,Nov/16/2006 18:11:29
310933,BIRDFLU.USA.31DEC06,Bird flu (H5N1) to be confirmed in the USA ON/BEFORE 31st December 2006,1,2.5,Nov/20/2006 16:49:11
310933,BIRDFLU.USA.31DEC06,Bird flu (H5N1) to be confirmed in the USA ON/BEFORE 31st December 2006,9,9.8,Nov/23/2006 06:23:05
310933,BIRDFLU.USA.31DEC06,Bird flu (H5N1) to be confirmed in the USA ON/BEFORE 31st December 2006,5,10.0,Nov/23/2006 18:40:43
310933,BIRDFLU.USA.31DEC06,Bird flu (H5N1) to be confirmed in the USA ON/BEFORE 31st December 2006,5,8.0,Nov/24/2006 19:47:14
310933,BIRDFLU.USA.31DEC06,Bird flu (H5N1) to be confirmed in the USA ON/BEFORE 31st December 2006,5,8.9,Nov/24/2006 19:48:23
310933,BIRDFLU.USA.31DEC06,Bird flu (H5N1) to be confirmed in the USA ON/BEFORE 31st December 2006,10,9.0,Nov/24/2006 19:50:02
310933,BIRDFLU.USA.31DEC06,Bird flu (H5N1) to be confirmed in the USA ON/BEFORE 31st December 2006,5,10.5,Nov/24/2006 19:51:01
310933,BIRDFLU.USA.31DEC06,Bird flu (H5N1) to be confirmed in the USA ON/BEFORE 31st December 2006,9,12.0,Nov/24/2006 19:51:57
310933,BIRDFLU.USA.31DEC06,Bird flu (H5N1) to be confirmed in the USA ON/BEFORE 31st December 2006,10,8.0,Nov/29/2006 18:27:12
310933,BIRDFLU.USA.31DEC06,Bird flu (H5N1) to be confirmed in the USA ON/BEFORE 31st December 2006,1,4.7,Dec/02/2006 11:31:25
310933,BIRDFLU.USA.31DEC06,Bird flu (H5N1) to be confirmed in the USA ON/BEFORE 31st December 2006,10,6.5,Dec/04/2006 00:23:01
310933,BIRDFLU.USA.31DEC06,Bird flu (H5N1) to be confirmed in the USA ON/BEFORE 31st December 2006,10,7.0,Dec/04/2006 01:47:25
310933,BIRDFLU.USA.31DEC06,Bird flu (H5N1) to be confirmed in the USA ON/BEFORE 31st December 2006,9,7.5,Dec/04/2006 01:48:55
310933,BIRDFLU.USA.31DEC06,Bird flu (H5N1) to be confirmed in the USA ON/BEFORE 31st December 2006,10,9.8,Dec/04/2006 02:26:09
310933,BIRDFLU.USA.31DEC06,Bird flu (H5N1) to be confirmed in the USA ON/BEFORE 31st December 2006,1,4.9,Dec/04/2006 20:21:09
310933,BIRDFLU.USA.31DEC06,Bird flu (H5N1) to be confirmed in the USA ON/BEFORE 31st December 2006,1,7.8,Dec/05/2006 04:45:13
310933,BIRDFLU.USA.31DEC06,Bird flu (H5N1) to be confirmed in the USA ON/BEFORE 31st December 2006,1,7.9,Dec/05/2006 04:45:13
310933,BIRDFLU.USA.31DEC06,Bird flu (H5N1) to be confirmed in the USA ON/BEFORE 31st December 2006,6,8.0,Dec/05/2006 04:45:20
310933,BIRDFLU.USA.31DEC06,Bird flu (H5N1) to be confirmed in the USA ON/BEFORE 31st December 2006,4,4.9,Dec/05/2006 06:27:44
310933,BIRDFLU.USA.31DEC06,Bird flu (H5N1) to be confirmed in the USA ON/BEFORE 31st December 2006,5,4.7,Dec/05/2006 06:28:00
310933,BIRDFLU.USA.31DEC06,Bird flu (H5N1) to be confirmed in the USA ON/BEFORE 31st December 2006,5,4.7,Dec/05/2006 06:28:00
310933,BIRDFLU.USA.31DEC06,Bird flu (H5N1) to be confirmed in the USA ON/BEFORE 31st December 2006,3,4.0,Dec/07/2006 01:27:40
310933,BIRDFLU.USA.31DEC06,Bird flu (H5N1) to be confirmed in the USA ON/BEFORE 31st December 2006,7,4.0,Dec/07/2006 01:27:40
310933,BIRDFLU.USA.31DEC06,Bird flu (H5N1) to be confirmed in the USA ON/BEFORE 31st December 2006,5,2.5,Dec/07/2006 23:04:41
310933,BIRDFLU.USA.31DEC06,Bird flu (H5N1) to be confirmed in the USA ON/BEFORE 31st December 2006,5,2.5,Dec/08/2006 21:52:19
310933,BIRDFLU.USA.31DEC06,Bird flu (H5N1) to be confirmed in the USA ON/BEFORE 31st December 2006,1,2.4,Dec/09/2006 03:27:33
310933,BIRDFLU.USA.31DEC06,Bird flu (H5N1) to be confirmed in the USA ON/BEFORE 31st December 2006,1,2.4,Dec/09/2006 12:43:00
310933,BIRDFLU.USA.31DEC06,Bird flu (H5N1) to be confirmed in the USA ON/BEFORE 31st December 2006,1,2.6,Dec/10/2006 19:23:25
310933,BIRDFLU.USA.31DEC06,Bird flu (H5N1) to be confirmed in the USA ON/BEFORE 31st December 2006,3,2.6,Dec/10/2006 19:23:25
310933,BIRDFLU.USA.31DEC06,Bird flu (H5N1) to be confirmed in the USA ON/BEFORE 31st December 2006,5,2.8,Dec/10/2006 19:23:34
310933,BIRDFLU.USA.31DEC06,Bird flu (H5N1) to be confirmed in the USA ON/BEFORE 31st December 2006,10,4.5,Dec/10/2006 19:29:02
310933,BIRDFLU.USA.31DEC06,Bird flu (H5N1) to be confirmed in the USA ON/BEFORE 31st December 2006,2,7.5,Dec/10/2006 19:39:39
310933,BIRDFLU.USA.31DEC06,Bird flu (H5N1) to be confirmed in the USA ON/BEFORE 31st December 2006,3,8.5,Dec/10/2006 19:40:21
310933,BIRDFLU.USA.31DEC06,Bird flu (H5N1) to be confirmed in the USA ON/BEFORE 31st December 2006,7,8.5,Dec/10/2006 19:55:29
310933,BIRDFLU.USA.31DEC06,Bird flu (H5N1) to be confirmed in the USA ON/BEFORE 31st December 2006,10,9.0,Dec/10/2006 19:55:36
310933,BIRDFLU.USA.31DEC06,Bird flu (H5N1) to be confirmed in the USA ON/BEFORE 31st December 2006,10,9.0,Dec/10/2006 20:09:24
310933,BIRDFLU.USA.31DEC06,Bird flu (H5N1) to be confirmed in the USA ON/BEFORE 31st December 2006,1,8.5,Dec/11/2006 01:14:15
310933,BIRDFLU.USA.31DEC06,Bird flu (H5N1) to be confirmed in the USA ON/BEFORE 31st December 2006,1,8.9,Dec/11/2006 01:14:24
310933,BIRDFLU.USA.31DEC06,Bird flu (H5N1) to be confirmed in the USA ON/BEFORE 31st December 2006,3,9.0,Dec/11/2006 01:14:35
310933,BIRDFLU.USA.31DEC06,Bird flu (H5N1) to be confirmed in the USA ON/BEFORE 31st December 2006,5,9.9,Dec/11/2006 02:06:52
310933,BIRDFLU.USA.31DEC06,Bird flu (H5N1) to be confirmed in the USA ON/BEFORE 31st December 2006,4,3.0,Dec/12/2006 05:16:48
310933,BIRDFLU.USA.31DEC06,Bird flu (H5N1) to be confirmed in the USA ON/BEFORE 31st December 2006,26,2.4,Dec/13/2006 03:06:35
310933,BIRDFLU.USA.31DEC06,Bird flu (H5N1) to be confirmed in the USA ON/BEFORE 31st December 2006,5,4.0,Dec/14/2006 13:59:43
310933,BIRDFLU.USA.31DEC06,Bird flu (H5N1) to be confirmed in the USA ON/BEFORE 31st December 2006,1,4.0,Dec/14/2006 13:59:43
310933,BIRDFLU.USA.31DEC06,Bird flu (H5N1) to be confirmed in the USA ON/BEFORE 31st December 2006,24,8.0,Dec/14/2006 13:59:43
310933,BIRDFLU.USA.31DEC06,Bird flu (H5N1) to be confirmed in the USA ON/BEFORE 31st December 2006,10,8.0,Dec/14/2006 14:05:50
310933,BIRDFLU.USA.31DEC06,Bird flu (H5N1) to be confirmed in the USA ON/BEFORE 31st December 2006,10,1.6,Dec/17/2006 04:10:27
310933,BIRDFLU.USA.31DEC06,Bird flu (H5N1) to be confirmed in the USA ON/BEFORE 31st December 2006,10,5.0,Dec/18/2006 02:06:15
310933,BIRDFLU.USA.31DEC06,Bird flu (H5N1) to be confirmed in the USA ON/BEFORE 31st December 2006,5,6.0,Dec/18/2006 02:07:26
310933,BIRDFLU.USA.31DEC06,Bird flu (H5N1) to be confirmed in the USA ON/BEFORE 31st December 2006,3,7.0,Dec/18/2006 02:09:56
310933,BIRDFLU.USA.31DEC06,Bird flu (H5N1) to be confirmed in the USA ON/BEFORE 31st December 2006,1,1.5,Dec/19/2006 03:07:45
310933,BIRDFLU.USA.31DEC06,Bird flu (H5N1) to be confirmed in the USA ON/BEFORE 31st December 2006,7,6.5,Dec/19/2006 04:19:27
310933,BIRDFLU.USA.31DEC06,Bird flu (H5N1) to be confirmed in the USA ON/BEFORE 31st December 2006,2,5.0,Dec/21/2006 02:58:44
310933,BIRDFLU.USA.31DEC06,Bird flu (H5N1) to be confirmed in the USA ON/BEFORE 31st December 2006,2,1.5,Dec/23/2006 15:22:52
