market id,market symbol,market name,trade quantity,trade price,date/time [utc]
310932,BIRDFLU.USA.30JUN06,Bird flu (H5N1) to be confirmed in the USA ON/BEFORE 30th June 2006,1,29.8,Feb/21/2006 18:40:47
310932,BIRDFLU.USA.30JUN06,Bird flu (H5N1) to be confirmed in the USA ON/BEFORE 30th June 2006,5,30.0,Feb/22/2006 00:40:08
310932,BIRDFLU.USA.30JUN06,Bird flu (H5N1) to be confirmed in the USA ON/BEFORE 30th June 2006,1,31.0,Feb/22/2006 04:26:24
310932,BIRDFLU.USA.30JUN06,Bird flu (H5N1) to be confirmed in the USA ON/BEFORE 30th June 2006,10,25.0,Feb/22/2006 17:19:10
310932,BIRDFLU.USA.30JUN06,Bird flu (H5N1) to be confirmed in the USA ON/BEFORE 30th June 2006,1,29.0,Feb/23/2006 16:43:36
310932,BIRDFLU.USA.30JUN06,Bird flu (H5N1) to be confirmed in the USA ON/BEFORE 30th June 2006,9,29.0,Feb/23/2006 18:49:30
310932,BIRDFLU.USA.30JUN06,Bird flu (H5N1) to be confirmed in the USA ON/BEFORE 30th June 2006,2,34.0,Feb/23/2006 19:44:30
310932,BIRDFLU.USA.30JUN06,Bird flu (H5N1) to be confirmed in the USA ON/BEFORE 30th June 2006,10,33.0,Feb/24/2006 15:48:10
310932,BIRDFLU.USA.30JUN06,Bird flu (H5N1) to be confirmed in the USA ON/BEFORE 30th June 2006,1,33.0,Feb/25/2006 01:47:04
310932,BIRDFLU.USA.30JUN06,Bird flu (H5N1) to be confirmed in the USA ON/BEFORE 30th June 2006,2,33.7,Feb/25/2006 15:21:09
310932,BIRDFLU.USA.30JUN06,Bird flu (H5N1) to be confirmed in the USA ON/BEFORE 30th June 2006,3,34.0,Feb/25/2006 18:03:19
310932,BIRDFLU.USA.30JUN06,Bird flu (H5N1) to be confirmed in the USA ON/BEFORE 30th June 2006,2,33.8,Feb/25/2006 18:03:19
310932,BIRDFLU.USA.30JUN06,Bird flu (H5N1) to be confirmed in the USA ON/BEFORE 30th June 2006,1,33.9,Feb/25/2006 18:03:19
310932,BIRDFLU.USA.30JUN06,Bird flu (H5N1) to be confirmed in the USA ON/BEFORE 30th June 2006,10,34.0,Feb/25/2006 18:32:10
310932,BIRDFLU.USA.30JUN06,Bird flu (H5N1) to be confirmed in the USA ON/BEFORE 30th June 2006,6,35.0,Feb/25/2006 19:15:44
310932,BIRDFLU.USA.30JUN06,Bird flu (H5N1) to be confirmed in the USA ON/BEFORE 30th June 2006,4,39.0,Feb/26/2006 05:36:19
310932,BIRDFLU.USA.30JUN06,Bird flu (H5N1) to be confirmed in the USA ON/BEFORE 30th June 2006,2,38.7,Feb/26/2006 05:36:19
310932,BIRDFLU.USA.30JUN06,Bird flu (H5N1) to be confirmed in the USA ON/BEFORE 30th June 2006,2,37.0,Feb/26/2006 05:36:19
310932,BIRDFLU.USA.30JUN06,Bird flu (H5N1) to be confirmed in the USA ON/BEFORE 30th June 2006,2,36.0,Feb/26/2006 05:36:19
310932,BIRDFLU.USA.30JUN06,Bird flu (H5N1) to be confirmed in the USA ON/BEFORE 30th June 2006,10,39.0,Feb/26/2006 05:38:24
310932,BIRDFLU.USA.30JUN06,Bird flu (H5N1) to be confirmed in the USA ON/BEFORE 30th June 2006,5,36.5,Feb/26/2006 17:05:05
310932,BIRDFLU.USA.30JUN06,Bird flu (H5N1) to be confirmed in the USA ON/BEFORE 30th June 2006,1,35.9,Feb/26/2006 22:23:45
310932,BIRDFLU.USA.30JUN06,Bird flu (H5N1) to be confirmed in the USA ON/BEFORE 30th June 2006,3,36.5,Feb/26/2006 23:57:56
310932,BIRDFLU.USA.30JUN06,Bird flu (H5N1) to be confirmed in the USA ON/BEFORE 30th June 2006,1,36.4,Feb/27/2006 02:18:08
310932,BIRDFLU.USA.30JUN06,Bird flu (H5N1) to be confirmed in the USA ON/BEFORE 30th June 2006,10,36.5,Feb/27/2006 02:49:59
310932,BIRDFLU.USA.30JUN06,Bird flu (H5N1) to be confirmed in the USA ON/BEFORE 30th June 2006,5,36.5,Feb/27/2006 02:52:18
310932,BIRDFLU.USA.30JUN06,Bird flu (H5N1) to be confirmed in the USA ON/BEFORE 30th June 2006,5,36.5,Feb/27/2006 02:53:07
310932,BIRDFLU.USA.30JUN06,Bird flu (H5N1) to be confirmed in the USA ON/BEFORE 30th June 2006,2,35.7,Feb/27/2006 21:06:14
310932,BIRDFLU.USA.30JUN06,Bird flu (H5N1) to be confirmed in the USA ON/BEFORE 30th June 2006,4,35.7,Feb/28/2006 01:07:48
310932,BIRDFLU.USA.30JUN06,Bird flu (H5N1) to be confirmed in the USA ON/BEFORE 30th June 2006,4,35.0,Feb/28/2006 05:46:33
310932,BIRDFLU.USA.30JUN06,Bird flu (H5N1) to be confirmed in the USA ON/BEFORE 30th June 2006,5,35.3,Feb/28/2006 05:46:33
310932,BIRDFLU.USA.30JUN06,Bird flu (H5N1) to be confirmed in the USA ON/BEFORE 30th June 2006,1,35.4,Feb/28/2006 05:46:33
310932,BIRDFLU.USA.30JUN06,Bird flu (H5N1) to be confirmed in the USA ON/BEFORE 30th June 2006,3,35.6,Feb/28/2006 15:49:21
310932,BIRDFLU.USA.30JUN06,Bird flu (H5N1) to be confirmed in the USA ON/BEFORE 30th June 2006,3,35.5,Feb/28/2006 15:49:21
310932,BIRDFLU.USA.30JUN06,Bird flu (H5N1) to be confirmed in the USA ON/BEFORE 30th June 2006,2,35.4,Feb/28/2006 15:49:21
310932,BIRDFLU.USA.30JUN06,Bird flu (H5N1) to be confirmed in the USA ON/BEFORE 30th June 2006,1,35.3,Feb/28/2006 15:49:21
310932,BIRDFLU.USA.30JUN06,Bird flu (H5N1) to be confirmed in the USA ON/BEFORE 30th June 2006,1,35.2,Feb/28/2006 15:49:21
310932,BIRDFLU.USA.30JUN06,Bird flu (H5N1) to be confirmed in the USA ON/BEFORE 30th June 2006,1,35.0,Feb/28/2006 19:12:04
310932,BIRDFLU.USA.30JUN06,Bird flu (H5N1) to be confirmed in the USA ON/BEFORE 30th June 2006,1,34.2,Feb/28/2006 19:12:14
310932,BIRDFLU.USA.30JUN06,Bird flu (H5N1) to be confirmed in the USA ON/BEFORE 30th June 2006,2,34.1,Feb/28/2006 19:12:25
310932,BIRDFLU.USA.30JUN06,Bird flu (H5N1) to be confirmed in the USA ON/BEFORE 30th June 2006,1,33.6,Feb/28/2006 19:12:35
310932,BIRDFLU.USA.30JUN06,Bird flu (H5N1) to be confirmed in the USA ON/BEFORE 30th June 2006,1,33.6,Feb/28/2006 19:12:44
310932,BIRDFLU.USA.30JUN06,Bird flu (H5N1) to be confirmed in the USA ON/BEFORE 30th June 2006,1,33.5,Feb/28/2006 19:12:55
310932,BIRDFLU.USA.30JUN06,Bird flu (H5N1) to be confirmed in the USA ON/BEFORE 30th June 2006,1,33.2,Feb/28/2006 19:13:04
310932,BIRDFLU.USA.30JUN06,Bird flu (H5N1) to be confirmed in the USA ON/BEFORE 30th June 2006,4,32.4,Feb/28/2006 19:13:18
310932,BIRDFLU.USA.30JUN06,Bird flu (H5N1) to be confirmed in the USA ON/BEFORE 30th June 2006,1,32.3,Feb/28/2006 19:13:28
310932,BIRDFLU.USA.30JUN06,Bird flu (H5N1) to be confirmed in the USA ON/BEFORE 30th June 2006,10,32.0,Feb/28/2006 19:13:41
310932,BIRDFLU.USA.30JUN06,Bird flu (H5N1) to be confirmed in the USA ON/BEFORE 30th June 2006,10,32.0,Feb/28/2006 19:13:49
310932,BIRDFLU.USA.30JUN06,Bird flu (H5N1) to be confirmed in the USA ON/BEFORE 30th June 2006,1,30.0,Mar/01/2006 06:14:16
310932,BIRDFLU.USA.30JUN06,Bird flu (H5N1) to be confirmed in the USA ON/BEFORE 30th June 2006,2,30.3,Mar/01/2006 06:14:16
310932,BIRDFLU.USA.30JUN06,Bird flu (H5N1) to be confirmed in the USA ON/BEFORE 30th June 2006,1,28.0,Mar/01/2006 06:16:55
310932,BIRDFLU.USA.30JUN06,Bird flu (H5N1) to be confirmed in the USA ON/BEFORE 30th June 2006,3,27.4,Mar/01/2006 06:16:55
310932,BIRDFLU.USA.30JUN06,Bird flu (H5N1) to be confirmed in the USA ON/BEFORE 30th June 2006,3,28.2,Mar/01/2006 06:16:55
310932,BIRDFLU.USA.30JUN06,Bird flu (H5N1) to be confirmed in the USA ON/BEFORE 30th June 2006,1,27.3,Mar/01/2006 06:18:09
310932,BIRDFLU.USA.30JUN06,Bird flu (H5N1) to be confirmed in the USA ON/BEFORE 30th June 2006,2,27.4,Mar/01/2006 06:18:09
310932,BIRDFLU.USA.30JUN06,Bird flu (H5N1) to be confirmed in the USA ON/BEFORE 30th June 2006,1,27.2,Mar/01/2006 06:18:09
310932,BIRDFLU.USA.30JUN06,Bird flu (H5N1) to be confirmed in the USA ON/BEFORE 30th June 2006,6,27.1,Mar/01/2006 06:18:09
310932,BIRDFLU.USA.30JUN06,Bird flu (H5N1) to be confirmed in the USA ON/BEFORE 30th June 2006,2,31.6,Mar/01/2006 14:40:22
310932,BIRDFLU.USA.30JUN06,Bird flu (H5N1) to be confirmed in the USA ON/BEFORE 30th June 2006,2,31.9,Mar/01/2006 17:51:15
310932,BIRDFLU.USA.30JUN06,Bird flu (H5N1) to be confirmed in the USA ON/BEFORE 30th June 2006,3,32.4,Mar/01/2006 17:51:34
310932,BIRDFLU.USA.30JUN06,Bird flu (H5N1) to be confirmed in the USA ON/BEFORE 30th June 2006,1,32.7,Mar/01/2006 17:53:07
310932,BIRDFLU.USA.30JUN06,Bird flu (H5N1) to be confirmed in the USA ON/BEFORE 30th June 2006,3,32.7,Mar/01/2006 17:53:34
310932,BIRDFLU.USA.30JUN06,Bird flu (H5N1) to be confirmed in the USA ON/BEFORE 30th June 2006,1,32.8,Mar/01/2006 17:53:34
310932,BIRDFLU.USA.30JUN06,Bird flu (H5N1) to be confirmed in the USA ON/BEFORE 30th June 2006,1,33.2,Mar/01/2006 17:53:34
310932,BIRDFLU.USA.30JUN06,Bird flu (H5N1) to be confirmed in the USA ON/BEFORE 30th June 2006,5,32.9,Mar/01/2006 17:53:34
310932,BIRDFLU.USA.30JUN06,Bird flu (H5N1) to be confirmed in the USA ON/BEFORE 30th June 2006,2,33.2,Mar/01/2006 17:57:51
310932,BIRDFLU.USA.30JUN06,Bird flu (H5N1) to be confirmed in the USA ON/BEFORE 30th June 2006,4,33.4,Mar/01/2006 18:03:39
310932,BIRDFLU.USA.30JUN06,Bird flu (H5N1) to be confirmed in the USA ON/BEFORE 30th June 2006,3,33.7,Mar/01/2006 18:47:47
310932,BIRDFLU.USA.30JUN06,Bird flu (H5N1) to be confirmed in the USA ON/BEFORE 30th June 2006,4,34.0,Mar/01/2006 18:52:18
310932,BIRDFLU.USA.30JUN06,Bird flu (H5N1) to be confirmed in the USA ON/BEFORE 30th June 2006,5,33.9,Mar/01/2006 18:52:18
310932,BIRDFLU.USA.30JUN06,Bird flu (H5N1) to be confirmed in the USA ON/BEFORE 30th June 2006,2,34.4,Mar/01/2006 20:19:48
310932,BIRDFLU.USA.30JUN06,Bird flu (H5N1) to be confirmed in the USA ON/BEFORE 30th June 2006,1,34.6,Mar/01/2006 20:25:39
310932,BIRDFLU.USA.30JUN06,Bird flu (H5N1) to be confirmed in the USA ON/BEFORE 30th June 2006,3,34.8,Mar/01/2006 20:44:16
310932,BIRDFLU.USA.30JUN06,Bird flu (H5N1) to be confirmed in the USA ON/BEFORE 30th June 2006,4,34.7,Mar/01/2006 20:44:16
310932,BIRDFLU.USA.30JUN06,Bird flu (H5N1) to be confirmed in the USA ON/BEFORE 30th June 2006,1,35.4,Mar/01/2006 21:10:24
310932,BIRDFLU.USA.30JUN06,Bird flu (H5N1) to be confirmed in the USA ON/BEFORE 30th June 2006,1,35.3,Mar/01/2006 22:12:52
310932,BIRDFLU.USA.30JUN06,Bird flu (H5N1) to be confirmed in the USA ON/BEFORE 30th June 2006,8,36.0,Mar/01/2006 22:38:54
310932,BIRDFLU.USA.30JUN06,Bird flu (H5N1) to be confirmed in the USA ON/BEFORE 30th June 2006,2,35.9,Mar/01/2006 22:38:54
310932,BIRDFLU.USA.30JUN06,Bird flu (H5N1) to be confirmed in the USA ON/BEFORE 30th June 2006,5,35.6,Mar/01/2006 22:38:54
310932,BIRDFLU.USA.30JUN06,Bird flu (H5N1) to be confirmed in the USA ON/BEFORE 30th June 2006,2,35.4,Mar/01/2006 22:38:54
310932,BIRDFLU.USA.30JUN06,Bird flu (H5N1) to be confirmed in the USA ON/BEFORE 30th June 2006,3,35.8,Mar/01/2006 22:38:54
310932,BIRDFLU.USA.30JUN06,Bird flu (H5N1) to be confirmed in the USA ON/BEFORE 30th June 2006,9,37.0,Mar/01/2006 22:40:16
310932,BIRDFLU.USA.30JUN06,Bird flu (H5N1) to be confirmed in the USA ON/BEFORE 30th June 2006,2,36.0,Mar/01/2006 22:40:16
310932,BIRDFLU.USA.30JUN06,Bird flu (H5N1) to be confirmed in the USA ON/BEFORE 30th June 2006,4,36.8,Mar/01/2006 22:40:16
310932,BIRDFLU.USA.30JUN06,Bird flu (H5N1) to be confirmed in the USA ON/BEFORE 30th June 2006,5,36.9,Mar/01/2006 22:40:16
310932,BIRDFLU.USA.30JUN06,Bird flu (H5N1) to be confirmed in the USA ON/BEFORE 30th June 2006,1,37.0,Mar/01/2006 22:47:14
310932,BIRDFLU.USA.30JUN06,Bird flu (H5N1) to be confirmed in the USA ON/BEFORE 30th June 2006,1,38.4,Mar/02/2006 02:26:48
310932,BIRDFLU.USA.30JUN06,Bird flu (H5N1) to be confirmed in the USA ON/BEFORE 30th June 2006,1,38.6,Mar/02/2006 02:26:59
310932,BIRDFLU.USA.30JUN06,Bird flu (H5N1) to be confirmed in the USA ON/BEFORE 30th June 2006,2,41.8,Mar/02/2006 06:46:58
310932,BIRDFLU.USA.30JUN06,Bird flu (H5N1) to be confirmed in the USA ON/BEFORE 30th June 2006,5,42.0,Mar/02/2006 17:24:23
310932,BIRDFLU.USA.30JUN06,Bird flu (H5N1) to be confirmed in the USA ON/BEFORE 30th June 2006,2,43.0,Mar/02/2006 18:16:58
310932,BIRDFLU.USA.30JUN06,Bird flu (H5N1) to be confirmed in the USA ON/BEFORE 30th June 2006,4,38.0,Mar/02/2006 19:07:32
310932,BIRDFLU.USA.30JUN06,Bird flu (H5N1) to be confirmed in the USA ON/BEFORE 30th June 2006,10,38.5,Mar/02/2006 19:07:32
310932,BIRDFLU.USA.30JUN06,Bird flu (H5N1) to be confirmed in the USA ON/BEFORE 30th June 2006,10,38.0,Mar/02/2006 19:07:32
310932,BIRDFLU.USA.30JUN06,Bird flu (H5N1) to be confirmed in the USA ON/BEFORE 30th June 2006,15,37.2,Mar/02/2006 19:07:53
310932,BIRDFLU.USA.30JUN06,Bird flu (H5N1) to be confirmed in the USA ON/BEFORE 30th June 2006,2,35.5,Mar/03/2006 01:00:55
310932,BIRDFLU.USA.30JUN06,Bird flu (H5N1) to be confirmed in the USA ON/BEFORE 30th June 2006,1,35.6,Mar/03/2006 01:00:55
310932,BIRDFLU.USA.30JUN06,Bird flu (H5N1) to be confirmed in the USA ON/BEFORE 30th June 2006,1,35.4,Mar/03/2006 01:01:06
310932,BIRDFLU.USA.30JUN06,Bird flu (H5N1) to be confirmed in the USA ON/BEFORE 30th June 2006,1,35.2,Mar/03/2006 01:01:06
310932,BIRDFLU.USA.30JUN06,Bird flu (H5N1) to be confirmed in the USA ON/BEFORE 30th June 2006,8,35.0,Mar/03/2006 01:01:22
310932,BIRDFLU.USA.30JUN06,Bird flu (H5N1) to be confirmed in the USA ON/BEFORE 30th June 2006,2,35.0,Mar/03/2006 01:01:46
310932,BIRDFLU.USA.30JUN06,Bird flu (H5N1) to be confirmed in the USA ON/BEFORE 30th June 2006,1,35.1,Mar/03/2006 03:48:12
310932,BIRDFLU.USA.30JUN06,Bird flu (H5N1) to be confirmed in the USA ON/BEFORE 30th June 2006,1,35.1,Mar/03/2006 03:48:12
310932,BIRDFLU.USA.30JUN06,Bird flu (H5N1) to be confirmed in the USA ON/BEFORE 30th June 2006,3,35.2,Mar/03/2006 03:48:12
310932,BIRDFLU.USA.30JUN06,Bird flu (H5N1) to be confirmed in the USA ON/BEFORE 30th June 2006,2,35.4,Mar/03/2006 03:48:12
310932,BIRDFLU.USA.30JUN06,Bird flu (H5N1) to be confirmed in the USA ON/BEFORE 30th June 2006,1,40.8,Mar/03/2006 04:16:57
310932,BIRDFLU.USA.30JUN06,Bird flu (H5N1) to be confirmed in the USA ON/BEFORE 30th June 2006,1,37.5,Mar/03/2006 11:23:38
310932,BIRDFLU.USA.30JUN06,Bird flu (H5N1) to be confirmed in the USA ON/BEFORE 30th June 2006,1,37.4,Mar/03/2006 11:23:38
310932,BIRDFLU.USA.30JUN06,Bird flu (H5N1) to be confirmed in the USA ON/BEFORE 30th June 2006,5,36.0,Mar/03/2006 18:36:54
310932,BIRDFLU.USA.30JUN06,Bird flu (H5N1) to be confirmed in the USA ON/BEFORE 30th June 2006,1,36.3,Mar/03/2006 18:36:54
310932,BIRDFLU.USA.30JUN06,Bird flu (H5N1) to be confirmed in the USA ON/BEFORE 30th June 2006,1,36.4,Mar/03/2006 18:36:54
310932,BIRDFLU.USA.30JUN06,Bird flu (H5N1) to be confirmed in the USA ON/BEFORE 30th June 2006,3,36.0,Mar/03/2006 18:38:04
310932,BIRDFLU.USA.30JUN06,Bird flu (H5N1) to be confirmed in the USA ON/BEFORE 30th June 2006,2,36.0,Mar/03/2006 18:39:40
310932,BIRDFLU.USA.30JUN06,Bird flu (H5N1) to be confirmed in the USA ON/BEFORE 30th June 2006,6,35.0,Mar/03/2006 18:40:12
310932,BIRDFLU.USA.30JUN06,Bird flu (H5N1) to be confirmed in the USA ON/BEFORE 30th June 2006,4,35.1,Mar/03/2006 18:40:12
310932,BIRDFLU.USA.30JUN06,Bird flu (H5N1) to be confirmed in the USA ON/BEFORE 30th June 2006,27,35.0,Mar/03/2006 18:40:39
310932,BIRDFLU.USA.30JUN06,Bird flu (H5N1) to be confirmed in the USA ON/BEFORE 30th June 2006,3,34.2,Mar/03/2006 18:41:02
310932,BIRDFLU.USA.30JUN06,Bird flu (H5N1) to be confirmed in the USA ON/BEFORE 30th June 2006,10,35.0,Mar/03/2006 21:47:18
310932,BIRDFLU.USA.30JUN06,Bird flu (H5N1) to be confirmed in the USA ON/BEFORE 30th June 2006,5,36.0,Mar/04/2006 19:10:48
310932,BIRDFLU.USA.30JUN06,Bird flu (H5N1) to be confirmed in the USA ON/BEFORE 30th June 2006,2,36.0,Mar/04/2006 19:10:59
310932,BIRDFLU.USA.30JUN06,Bird flu (H5N1) to be confirmed in the USA ON/BEFORE 30th June 2006,3,36.0,Mar/05/2006 00:44:03
310932,BIRDFLU.USA.30JUN06,Bird flu (H5N1) to be confirmed in the USA ON/BEFORE 30th June 2006,1,38.7,Mar/05/2006 04:32:21
310932,BIRDFLU.USA.30JUN06,Bird flu (H5N1) to be confirmed in the USA ON/BEFORE 30th June 2006,1,38.9,Mar/05/2006 04:32:21
310932,BIRDFLU.USA.30JUN06,Bird flu (H5N1) to be confirmed in the USA ON/BEFORE 30th June 2006,1,38.7,Mar/05/2006 04:32:21
310932,BIRDFLU.USA.30JUN06,Bird flu (H5N1) to be confirmed in the USA ON/BEFORE 30th June 2006,1,38.4,Mar/05/2006 04:32:21
310932,BIRDFLU.USA.30JUN06,Bird flu (H5N1) to be confirmed in the USA ON/BEFORE 30th June 2006,1,37.9,Mar/05/2006 04:32:21
310932,BIRDFLU.USA.30JUN06,Bird flu (H5N1) to be confirmed in the USA ON/BEFORE 30th June 2006,1,37.7,Mar/05/2006 04:32:21
310932,BIRDFLU.USA.30JUN06,Bird flu (H5N1) to be confirmed in the USA ON/BEFORE 30th June 2006,4,39.8,Mar/05/2006 04:33:43
310932,BIRDFLU.USA.30JUN06,Bird flu (H5N1) to be confirmed in the USA ON/BEFORE 30th June 2006,10,39.0,Mar/05/2006 04:33:43
310932,BIRDFLU.USA.30JUN06,Bird flu (H5N1) to be confirmed in the USA ON/BEFORE 30th June 2006,2,39.8,Mar/05/2006 14:42:09
310932,BIRDFLU.USA.30JUN06,Bird flu (H5N1) to be confirmed in the USA ON/BEFORE 30th June 2006,4,38.0,Mar/05/2006 19:48:40
310932,BIRDFLU.USA.30JUN06,Bird flu (H5N1) to be confirmed in the USA ON/BEFORE 30th June 2006,1,37.9,Mar/05/2006 19:48:40
310932,BIRDFLU.USA.30JUN06,Bird flu (H5N1) to be confirmed in the USA ON/BEFORE 30th June 2006,5,37.0,Mar/05/2006 22:41:42
310932,BIRDFLU.USA.30JUN06,Bird flu (H5N1) to be confirmed in the USA ON/BEFORE 30th June 2006,1,34.9,Mar/05/2006 23:30:29
310932,BIRDFLU.USA.30JUN06,Bird flu (H5N1) to be confirmed in the USA ON/BEFORE 30th June 2006,1,34.8,Mar/05/2006 23:31:14
310932,BIRDFLU.USA.30JUN06,Bird flu (H5N1) to be confirmed in the USA ON/BEFORE 30th June 2006,1,34.3,Mar/06/2006 04:36:01
310932,BIRDFLU.USA.30JUN06,Bird flu (H5N1) to be confirmed in the USA ON/BEFORE 30th June 2006,1,34.2,Mar/06/2006 04:36:01
310932,BIRDFLU.USA.30JUN06,Bird flu (H5N1) to be confirmed in the USA ON/BEFORE 30th June 2006,10,34.0,Mar/06/2006 04:58:30
310932,BIRDFLU.USA.30JUN06,Bird flu (H5N1) to be confirmed in the USA ON/BEFORE 30th June 2006,4,37.0,Mar/06/2006 05:02:17
310932,BIRDFLU.USA.30JUN06,Bird flu (H5N1) to be confirmed in the USA ON/BEFORE 30th June 2006,3,36.8,Mar/06/2006 05:02:17
310932,BIRDFLU.USA.30JUN06,Bird flu (H5N1) to be confirmed in the USA ON/BEFORE 30th June 2006,3,34.0,Mar/06/2006 05:02:17
310932,BIRDFLU.USA.30JUN06,Bird flu (H5N1) to be confirmed in the USA ON/BEFORE 30th June 2006,1,37.0,Mar/06/2006 05:02:56
310932,BIRDFLU.USA.30JUN06,Bird flu (H5N1) to be confirmed in the USA ON/BEFORE 30th June 2006,1,37.5,Mar/06/2006 05:02:56
310932,BIRDFLU.USA.30JUN06,Bird flu (H5N1) to be confirmed in the USA ON/BEFORE 30th June 2006,10,37.0,Mar/06/2006 12:41:09
310932,BIRDFLU.USA.30JUN06,Bird flu (H5N1) to be confirmed in the USA ON/BEFORE 30th June 2006,2,37.7,Mar/06/2006 17:35:16
310932,BIRDFLU.USA.30JUN06,Bird flu (H5N1) to be confirmed in the USA ON/BEFORE 30th June 2006,10,35.0,Mar/06/2006 18:49:02
310932,BIRDFLU.USA.30JUN06,Bird flu (H5N1) to be confirmed in the USA ON/BEFORE 30th June 2006,1,35.0,Mar/06/2006 19:49:26
310932,BIRDFLU.USA.30JUN06,Bird flu (H5N1) to be confirmed in the USA ON/BEFORE 30th June 2006,2,36.0,Mar/07/2006 01:01:10
310932,BIRDFLU.USA.30JUN06,Bird flu (H5N1) to be confirmed in the USA ON/BEFORE 30th June 2006,9,35.0,Mar/07/2006 01:01:18
310932,BIRDFLU.USA.30JUN06,Bird flu (H5N1) to be confirmed in the USA ON/BEFORE 30th June 2006,1,33.8,Mar/07/2006 02:00:01
310932,BIRDFLU.USA.30JUN06,Bird flu (H5N1) to be confirmed in the USA ON/BEFORE 30th June 2006,1,33.6,Mar/07/2006 02:30:39
310932,BIRDFLU.USA.30JUN06,Bird flu (H5N1) to be confirmed in the USA ON/BEFORE 30th June 2006,6,34.8,Mar/07/2006 13:06:30
310932,BIRDFLU.USA.30JUN06,Bird flu (H5N1) to be confirmed in the USA ON/BEFORE 30th June 2006,1,34.0,Mar/07/2006 13:06:30
310932,BIRDFLU.USA.30JUN06,Bird flu (H5N1) to be confirmed in the USA ON/BEFORE 30th June 2006,2,34.7,Mar/07/2006 13:06:30
310932,BIRDFLU.USA.30JUN06,Bird flu (H5N1) to be confirmed in the USA ON/BEFORE 30th June 2006,1,34.6,Mar/07/2006 13:06:30
310932,BIRDFLU.USA.30JUN06,Bird flu (H5N1) to be confirmed in the USA ON/BEFORE 30th June 2006,5,33.1,Mar/07/2006 18:23:15
310932,BIRDFLU.USA.30JUN06,Bird flu (H5N1) to be confirmed in the USA ON/BEFORE 30th June 2006,2,33.4,Mar/07/2006 18:23:15
310932,BIRDFLU.USA.30JUN06,Bird flu (H5N1) to be confirmed in the USA ON/BEFORE 30th June 2006,2,33.2,Mar/07/2006 18:23:15
310932,BIRDFLU.USA.30JUN06,Bird flu (H5N1) to be confirmed in the USA ON/BEFORE 30th June 2006,1,33.5,Mar/07/2006 18:23:15
310932,BIRDFLU.USA.30JUN06,Bird flu (H5N1) to be confirmed in the USA ON/BEFORE 30th June 2006,1,34.5,Mar/07/2006 18:33:05
310932,BIRDFLU.USA.30JUN06,Bird flu (H5N1) to be confirmed in the USA ON/BEFORE 30th June 2006,1,34.9,Mar/07/2006 18:33:38
310932,BIRDFLU.USA.30JUN06,Bird flu (H5N1) to be confirmed in the USA ON/BEFORE 30th June 2006,4,34.8,Mar/07/2006 18:33:38
310932,BIRDFLU.USA.30JUN06,Bird flu (H5N1) to be confirmed in the USA ON/BEFORE 30th June 2006,1,34.5,Mar/07/2006 18:33:38
310932,BIRDFLU.USA.30JUN06,Bird flu (H5N1) to be confirmed in the USA ON/BEFORE 30th June 2006,1,33.1,Mar/07/2006 18:35:44
310932,BIRDFLU.USA.30JUN06,Bird flu (H5N1) to be confirmed in the USA ON/BEFORE 30th June 2006,4,30.4,Mar/07/2006 18:35:44
310932,BIRDFLU.USA.30JUN06,Bird flu (H5N1) to be confirmed in the USA ON/BEFORE 30th June 2006,3,31.3,Mar/07/2006 18:35:44
310932,BIRDFLU.USA.30JUN06,Bird flu (H5N1) to be confirmed in the USA ON/BEFORE 30th June 2006,2,32.1,Mar/07/2006 18:35:44
310932,BIRDFLU.USA.30JUN06,Bird flu (H5N1) to be confirmed in the USA ON/BEFORE 30th June 2006,3,32.6,Mar/07/2006 18:35:44
310932,BIRDFLU.USA.30JUN06,Bird flu (H5N1) to be confirmed in the USA ON/BEFORE 30th June 2006,1,33.0,Mar/07/2006 18:35:44
310932,BIRDFLU.USA.30JUN06,Bird flu (H5N1) to be confirmed in the USA ON/BEFORE 30th June 2006,1,31.0,Mar/07/2006 18:35:44
310932,BIRDFLU.USA.30JUN06,Bird flu (H5N1) to be confirmed in the USA ON/BEFORE 30th June 2006,5,30.2,Mar/07/2006 18:35:44
310932,BIRDFLU.USA.30JUN06,Bird flu (H5N1) to be confirmed in the USA ON/BEFORE 30th June 2006,10,35.0,Mar/07/2006 18:36:11
310932,BIRDFLU.USA.30JUN06,Bird flu (H5N1) to be confirmed in the USA ON/BEFORE 30th June 2006,1,34.9,Mar/07/2006 18:36:11
310932,BIRDFLU.USA.30JUN06,Bird flu (H5N1) to be confirmed in the USA ON/BEFORE 30th June 2006,4,35.0,Mar/07/2006 18:36:11
310932,BIRDFLU.USA.30JUN06,Bird flu (H5N1) to be confirmed in the USA ON/BEFORE 30th June 2006,1,35.8,Mar/07/2006 18:36:44
310932,BIRDFLU.USA.30JUN06,Bird flu (H5N1) to be confirmed in the USA ON/BEFORE 30th June 2006,1,35.7,Mar/07/2006 18:36:44
310932,BIRDFLU.USA.30JUN06,Bird flu (H5N1) to be confirmed in the USA ON/BEFORE 30th June 2006,1,30.0,Mar/07/2006 18:40:32
310932,BIRDFLU.USA.30JUN06,Bird flu (H5N1) to be confirmed in the USA ON/BEFORE 30th June 2006,1,30.1,Mar/07/2006 18:40:32
310932,BIRDFLU.USA.30JUN06,Bird flu (H5N1) to be confirmed in the USA ON/BEFORE 30th June 2006,1,27.1,Mar/07/2006 18:40:32
310932,BIRDFLU.USA.30JUN06,Bird flu (H5N1) to be confirmed in the USA ON/BEFORE 30th June 2006,15,26.7,Mar/07/2006 18:40:32
310932,BIRDFLU.USA.30JUN06,Bird flu (H5N1) to be confirmed in the USA ON/BEFORE 30th June 2006,3,33.0,Mar/07/2006 19:47:57
310932,BIRDFLU.USA.30JUN06,Bird flu (H5N1) to be confirmed in the USA ON/BEFORE 30th June 2006,4,35.0,Mar/07/2006 19:48:28
310932,BIRDFLU.USA.30JUN06,Bird flu (H5N1) to be confirmed in the USA ON/BEFORE 30th June 2006,5,35.0,Mar/07/2006 19:49:35
310932,BIRDFLU.USA.30JUN06,Bird flu (H5N1) to be confirmed in the USA ON/BEFORE 30th June 2006,4,34.5,Mar/08/2006 01:25:14
310932,BIRDFLU.USA.30JUN06,Bird flu (H5N1) to be confirmed in the USA ON/BEFORE 30th June 2006,2,34.3,Mar/08/2006 01:25:14
310932,BIRDFLU.USA.30JUN06,Bird flu (H5N1) to be confirmed in the USA ON/BEFORE 30th June 2006,2,33.9,Mar/08/2006 01:25:14
310932,BIRDFLU.USA.30JUN06,Bird flu (H5N1) to be confirmed in the USA ON/BEFORE 30th June 2006,3,34.7,Mar/08/2006 01:25:14
310932,BIRDFLU.USA.30JUN06,Bird flu (H5N1) to be confirmed in the USA ON/BEFORE 30th June 2006,30,34.0,Mar/08/2006 18:08:54
310932,BIRDFLU.USA.30JUN06,Bird flu (H5N1) to be confirmed in the USA ON/BEFORE 30th June 2006,30,34.0,Mar/08/2006 18:08:54
310932,BIRDFLU.USA.30JUN06,Bird flu (H5N1) to be confirmed in the USA ON/BEFORE 30th June 2006,1,34.4,Mar/08/2006 21:14:01
310932,BIRDFLU.USA.30JUN06,Bird flu (H5N1) to be confirmed in the USA ON/BEFORE 30th June 2006,3,34.6,Mar/08/2006 21:39:48
310932,BIRDFLU.USA.30JUN06,Bird flu (H5N1) to be confirmed in the USA ON/BEFORE 30th June 2006,1,34.4,Mar/08/2006 21:39:48
310932,BIRDFLU.USA.30JUN06,Bird flu (H5N1) to be confirmed in the USA ON/BEFORE 30th June 2006,2,32.1,Mar/08/2006 22:34:54
310932,BIRDFLU.USA.30JUN06,Bird flu (H5N1) to be confirmed in the USA ON/BEFORE 30th June 2006,1,34.7,Mar/09/2006 03:05:16
310932,BIRDFLU.USA.30JUN06,Bird flu (H5N1) to be confirmed in the USA ON/BEFORE 30th June 2006,1,32.2,Mar/09/2006 04:27:51
310932,BIRDFLU.USA.30JUN06,Bird flu (H5N1) to be confirmed in the USA ON/BEFORE 30th June 2006,1,32.0,Mar/09/2006 04:27:51
310932,BIRDFLU.USA.30JUN06,Bird flu (H5N1) to be confirmed in the USA ON/BEFORE 30th June 2006,22,32.0,Mar/09/2006 04:27:51
310932,BIRDFLU.USA.30JUN06,Bird flu (H5N1) to be confirmed in the USA ON/BEFORE 30th June 2006,1,32.1,Mar/09/2006 04:27:51
310932,BIRDFLU.USA.30JUN06,Bird flu (H5N1) to be confirmed in the USA ON/BEFORE 30th June 2006,28,32.0,Mar/09/2006 04:28:24
310932,BIRDFLU.USA.30JUN06,Bird flu (H5N1) to be confirmed in the USA ON/BEFORE 30th June 2006,10,31.0,Mar/09/2006 04:36:32
310932,BIRDFLU.USA.30JUN06,Bird flu (H5N1) to be confirmed in the USA ON/BEFORE 30th June 2006,1,30.7,Mar/09/2006 06:14:04
310932,BIRDFLU.USA.30JUN06,Bird flu (H5N1) to be confirmed in the USA ON/BEFORE 30th June 2006,3,32.9,Mar/09/2006 13:29:47
310932,BIRDFLU.USA.30JUN06,Bird flu (H5N1) to be confirmed in the USA ON/BEFORE 30th June 2006,1,31.9,Mar/09/2006 17:25:36
310932,BIRDFLU.USA.30JUN06,Bird flu (H5N1) to be confirmed in the USA ON/BEFORE 30th June 2006,5,31.9,Mar/09/2006 17:45:29
310932,BIRDFLU.USA.30JUN06,Bird flu (H5N1) to be confirmed in the USA ON/BEFORE 30th June 2006,1,31.9,Mar/09/2006 18:02:15
310932,BIRDFLU.USA.30JUN06,Bird flu (H5N1) to be confirmed in the USA ON/BEFORE 30th June 2006,100,31.8,Mar/09/2006 19:23:18
310932,BIRDFLU.USA.30JUN06,Bird flu (H5N1) to be confirmed in the USA ON/BEFORE 30th June 2006,5,31.8,Mar/09/2006 19:23:18
310932,BIRDFLU.USA.30JUN06,Bird flu (H5N1) to be confirmed in the USA ON/BEFORE 30th June 2006,2,31.9,Mar/09/2006 22:04:56
310932,BIRDFLU.USA.30JUN06,Bird flu (H5N1) to be confirmed in the USA ON/BEFORE 30th June 2006,9,32.0,Mar/09/2006 23:17:08
310932,BIRDFLU.USA.30JUN06,Bird flu (H5N1) to be confirmed in the USA ON/BEFORE 30th June 2006,1,31.9,Mar/09/2006 23:17:08
310932,BIRDFLU.USA.30JUN06,Bird flu (H5N1) to be confirmed in the USA ON/BEFORE 30th June 2006,1,32.0,Mar/09/2006 23:59:39
310932,BIRDFLU.USA.30JUN06,Bird flu (H5N1) to be confirmed in the USA ON/BEFORE 30th June 2006,5,32.0,Mar/10/2006 05:47:19
310932,BIRDFLU.USA.30JUN06,Bird flu (H5N1) to be confirmed in the USA ON/BEFORE 30th June 2006,5,32.0,Mar/10/2006 05:49:21
310932,BIRDFLU.USA.30JUN06,Bird flu (H5N1) to be confirmed in the USA ON/BEFORE 30th June 2006,7,32.6,Mar/10/2006 15:51:32
310932,BIRDFLU.USA.30JUN06,Bird flu (H5N1) to be confirmed in the USA ON/BEFORE 30th June 2006,3,32.7,Mar/10/2006 18:37:51
310932,BIRDFLU.USA.30JUN06,Bird flu (H5N1) to be confirmed in the USA ON/BEFORE 30th June 2006,3,32.6,Mar/10/2006 18:37:51
310932,BIRDFLU.USA.30JUN06,Bird flu (H5N1) to be confirmed in the USA ON/BEFORE 30th June 2006,2,32.4,Mar/10/2006 18:37:51
310932,BIRDFLU.USA.30JUN06,Bird flu (H5N1) to be confirmed in the USA ON/BEFORE 30th June 2006,2,32.9,Mar/10/2006 18:37:51
310932,BIRDFLU.USA.30JUN06,Bird flu (H5N1) to be confirmed in the USA ON/BEFORE 30th June 2006,1,33.0,Mar/10/2006 18:37:51
310932,BIRDFLU.USA.30JUN06,Bird flu (H5N1) to be confirmed in the USA ON/BEFORE 30th June 2006,9,33.0,Mar/10/2006 18:48:36
310932,BIRDFLU.USA.30JUN06,Bird flu (H5N1) to be confirmed in the USA ON/BEFORE 30th June 2006,3,33.0,Mar/10/2006 18:51:09
310932,BIRDFLU.USA.30JUN06,Bird flu (H5N1) to be confirmed in the USA ON/BEFORE 30th June 2006,2,33.0,Mar/10/2006 21:32:21
310932,BIRDFLU.USA.30JUN06,Bird flu (H5N1) to be confirmed in the USA ON/BEFORE 30th June 2006,1,32.2,Mar/11/2006 18:13:37
310932,BIRDFLU.USA.30JUN06,Bird flu (H5N1) to be confirmed in the USA ON/BEFORE 30th June 2006,10,32.5,Mar/11/2006 18:13:37
310932,BIRDFLU.USA.30JUN06,Bird flu (H5N1) to be confirmed in the USA ON/BEFORE 30th June 2006,5,31.9,Mar/12/2006 16:56:04
310932,BIRDFLU.USA.30JUN06,Bird flu (H5N1) to be confirmed in the USA ON/BEFORE 30th June 2006,10,32.6,Mar/13/2006 09:45:18
310932,BIRDFLU.USA.30JUN06,Bird flu (H5N1) to be confirmed in the USA ON/BEFORE 30th June 2006,3,32.4,Mar/13/2006 09:45:18
310932,BIRDFLU.USA.30JUN06,Bird flu (H5N1) to be confirmed in the USA ON/BEFORE 30th June 2006,2,32.5,Mar/13/2006 09:45:18
310932,BIRDFLU.USA.30JUN06,Bird flu (H5N1) to be confirmed in the USA ON/BEFORE 30th June 2006,2,32.5,Mar/13/2006 09:45:18
310932,BIRDFLU.USA.30JUN06,Bird flu (H5N1) to be confirmed in the USA ON/BEFORE 30th June 2006,1,32.3,Mar/13/2006 09:45:18
310932,BIRDFLU.USA.30JUN06,Bird flu (H5N1) to be confirmed in the USA ON/BEFORE 30th June 2006,3,33.7,Mar/13/2006 09:45:18
310932,BIRDFLU.USA.30JUN06,Bird flu (H5N1) to be confirmed in the USA ON/BEFORE 30th June 2006,4,33.4,Mar/13/2006 09:45:18
310932,BIRDFLU.USA.30JUN06,Bird flu (H5N1) to be confirmed in the USA ON/BEFORE 30th June 2006,1,33.0,Mar/13/2006 09:45:18
310932,BIRDFLU.USA.30JUN06,Bird flu (H5N1) to be confirmed in the USA ON/BEFORE 30th June 2006,2,32.9,Mar/13/2006 09:45:18
310932,BIRDFLU.USA.30JUN06,Bird flu (H5N1) to be confirmed in the USA ON/BEFORE 30th June 2006,1,33.6,Mar/13/2006 09:45:18
310932,BIRDFLU.USA.30JUN06,Bird flu (H5N1) to be confirmed in the USA ON/BEFORE 30th June 2006,1,32.7,Mar/13/2006 09:45:18
310932,BIRDFLU.USA.30JUN06,Bird flu (H5N1) to be confirmed in the USA ON/BEFORE 30th June 2006,2,33.9,Mar/13/2006 15:01:31
310932,BIRDFLU.USA.30JUN06,Bird flu (H5N1) to be confirmed in the USA ON/BEFORE 30th June 2006,1,33.9,Mar/13/2006 15:01:31
310932,BIRDFLU.USA.30JUN06,Bird flu (H5N1) to be confirmed in the USA ON/BEFORE 30th June 2006,3,34.3,Mar/13/2006 15:15:08
310932,BIRDFLU.USA.30JUN06,Bird flu (H5N1) to be confirmed in the USA ON/BEFORE 30th June 2006,3,34.6,Mar/13/2006 15:31:06
310932,BIRDFLU.USA.30JUN06,Bird flu (H5N1) to be confirmed in the USA ON/BEFORE 30th June 2006,2,33.5,Mar/13/2006 19:40:24
310932,BIRDFLU.USA.30JUN06,Bird flu (H5N1) to be confirmed in the USA ON/BEFORE 30th June 2006,1,32.0,Mar/13/2006 19:40:43
310932,BIRDFLU.USA.30JUN06,Bird flu (H5N1) to be confirmed in the USA ON/BEFORE 30th June 2006,2,31.5,Mar/13/2006 19:41:03
310932,BIRDFLU.USA.30JUN06,Bird flu (H5N1) to be confirmed in the USA ON/BEFORE 30th June 2006,3,34.9,Mar/13/2006 19:57:45
310932,BIRDFLU.USA.30JUN06,Bird flu (H5N1) to be confirmed in the USA ON/BEFORE 30th June 2006,2,34.7,Mar/13/2006 19:57:45
310932,BIRDFLU.USA.30JUN06,Bird flu (H5N1) to be confirmed in the USA ON/BEFORE 30th June 2006,1,34.6,Mar/13/2006 19:57:45
310932,BIRDFLU.USA.30JUN06,Bird flu (H5N1) to be confirmed in the USA ON/BEFORE 30th June 2006,1,35.0,Mar/13/2006 19:57:45
310932,BIRDFLU.USA.30JUN06,Bird flu (H5N1) to be confirmed in the USA ON/BEFORE 30th June 2006,3,34.8,Mar/13/2006 19:57:45
310932,BIRDFLU.USA.30JUN06,Bird flu (H5N1) to be confirmed in the USA ON/BEFORE 30th June 2006,1,35.0,Mar/13/2006 20:29:12
310932,BIRDFLU.USA.30JUN06,Bird flu (H5N1) to be confirmed in the USA ON/BEFORE 30th June 2006,8,35.0,Mar/13/2006 20:34:23
310932,BIRDFLU.USA.30JUN06,Bird flu (H5N1) to be confirmed in the USA ON/BEFORE 30th June 2006,4,35.0,Mar/13/2006 21:53:53
310932,BIRDFLU.USA.30JUN06,Bird flu (H5N1) to be confirmed in the USA ON/BEFORE 30th June 2006,6,35.0,Mar/13/2006 22:42:21
310932,BIRDFLU.USA.30JUN06,Bird flu (H5N1) to be confirmed in the USA ON/BEFORE 30th June 2006,1,34.8,Mar/13/2006 23:29:13
310932,BIRDFLU.USA.30JUN06,Bird flu (H5N1) to be confirmed in the USA ON/BEFORE 30th June 2006,10,35.0,Mar/13/2006 23:52:12
310932,BIRDFLU.USA.30JUN06,Bird flu (H5N1) to be confirmed in the USA ON/BEFORE 30th June 2006,1,35.5,Mar/14/2006 04:46:09
310932,BIRDFLU.USA.30JUN06,Bird flu (H5N1) to be confirmed in the USA ON/BEFORE 30th June 2006,1,35.8,Mar/14/2006 11:45:48
310932,BIRDFLU.USA.30JUN06,Bird flu (H5N1) to be confirmed in the USA ON/BEFORE 30th June 2006,5,36.4,Mar/14/2006 16:27:42
310932,BIRDFLU.USA.30JUN06,Bird flu (H5N1) to be confirmed in the USA ON/BEFORE 30th June 2006,4,37.2,Mar/14/2006 16:27:42
310932,BIRDFLU.USA.30JUN06,Bird flu (H5N1) to be confirmed in the USA ON/BEFORE 30th June 2006,1,37.5,Mar/14/2006 16:27:42
310932,BIRDFLU.USA.30JUN06,Bird flu (H5N1) to be confirmed in the USA ON/BEFORE 30th June 2006,8,38.2,Mar/14/2006 16:27:42
310932,BIRDFLU.USA.30JUN06,Bird flu (H5N1) to be confirmed in the USA ON/BEFORE 30th June 2006,1,39.8,Mar/14/2006 17:07:22
310932,BIRDFLU.USA.30JUN06,Bird flu (H5N1) to be confirmed in the USA ON/BEFORE 30th June 2006,6,39.0,Mar/14/2006 17:07:22
310932,BIRDFLU.USA.30JUN06,Bird flu (H5N1) to be confirmed in the USA ON/BEFORE 30th June 2006,9,40.0,Mar/14/2006 17:07:22
310932,BIRDFLU.USA.30JUN06,Bird flu (H5N1) to be confirmed in the USA ON/BEFORE 30th June 2006,1,40.0,Mar/14/2006 17:07:39
310932,BIRDFLU.USA.30JUN06,Bird flu (H5N1) to be confirmed in the USA ON/BEFORE 30th June 2006,3,47.8,Mar/14/2006 17:15:34
310932,BIRDFLU.USA.30JUN06,Bird flu (H5N1) to be confirmed in the USA ON/BEFORE 30th June 2006,2,45.7,Mar/14/2006 17:15:34
310932,BIRDFLU.USA.30JUN06,Bird flu (H5N1) to be confirmed in the USA ON/BEFORE 30th June 2006,5,48.6,Mar/14/2006 17:15:34
310932,BIRDFLU.USA.30JUN06,Bird flu (H5N1) to be confirmed in the USA ON/BEFORE 30th June 2006,20,45.0,Mar/14/2006 17:22:56
310932,BIRDFLU.USA.30JUN06,Bird flu (H5N1) to be confirmed in the USA ON/BEFORE 30th June 2006,5,40.2,Mar/14/2006 20:18:35
310932,BIRDFLU.USA.30JUN06,Bird flu (H5N1) to be confirmed in the USA ON/BEFORE 30th June 2006,20,40.0,Mar/14/2006 21:13:12
310932,BIRDFLU.USA.30JUN06,Bird flu (H5N1) to be confirmed in the USA ON/BEFORE 30th June 2006,10,42.5,Mar/14/2006 21:35:24
310932,BIRDFLU.USA.30JUN06,Bird flu (H5N1) to be confirmed in the USA ON/BEFORE 30th June 2006,1,42.4,Mar/14/2006 21:35:24
310932,BIRDFLU.USA.30JUN06,Bird flu (H5N1) to be confirmed in the USA ON/BEFORE 30th June 2006,10,45.0,Mar/14/2006 21:38:20
310932,BIRDFLU.USA.30JUN06,Bird flu (H5N1) to be confirmed in the USA ON/BEFORE 30th June 2006,1,48.9,Mar/14/2006 21:49:51
310932,BIRDFLU.USA.30JUN06,Bird flu (H5N1) to be confirmed in the USA ON/BEFORE 30th June 2006,1,45.0,Mar/14/2006 22:01:33
310932,BIRDFLU.USA.30JUN06,Bird flu (H5N1) to be confirmed in the USA ON/BEFORE 30th June 2006,2,45.0,Mar/15/2006 00:20:32
310932,BIRDFLU.USA.30JUN06,Bird flu (H5N1) to be confirmed in the USA ON/BEFORE 30th June 2006,60,45.0,Mar/15/2006 05:19:04
310932,BIRDFLU.USA.30JUN06,Bird flu (H5N1) to be confirmed in the USA ON/BEFORE 30th June 2006,1,45.1,Mar/15/2006 16:16:14
310932,BIRDFLU.USA.30JUN06,Bird flu (H5N1) to be confirmed in the USA ON/BEFORE 30th June 2006,4,45.0,Mar/15/2006 16:17:39
310932,BIRDFLU.USA.30JUN06,Bird flu (H5N1) to be confirmed in the USA ON/BEFORE 30th June 2006,2,45.3,Mar/15/2006 17:19:22
310932,BIRDFLU.USA.30JUN06,Bird flu (H5N1) to be confirmed in the USA ON/BEFORE 30th June 2006,7,45.2,Mar/15/2006 17:19:22
310932,BIRDFLU.USA.30JUN06,Bird flu (H5N1) to be confirmed in the USA ON/BEFORE 30th June 2006,1,45.7,Mar/15/2006 22:20:25
310932,BIRDFLU.USA.30JUN06,Bird flu (H5N1) to be confirmed in the USA ON/BEFORE 30th June 2006,2,45.6,Mar/15/2006 22:20:54
310932,BIRDFLU.USA.30JUN06,Bird flu (H5N1) to be confirmed in the USA ON/BEFORE 30th June 2006,1,45.5,Mar/15/2006 22:22:30
310932,BIRDFLU.USA.30JUN06,Bird flu (H5N1) to be confirmed in the USA ON/BEFORE 30th June 2006,2,45.4,Mar/15/2006 22:27:14
310932,BIRDFLU.USA.30JUN06,Bird flu (H5N1) to be confirmed in the USA ON/BEFORE 30th June 2006,3,45.3,Mar/15/2006 23:29:31
310932,BIRDFLU.USA.30JUN06,Bird flu (H5N1) to be confirmed in the USA ON/BEFORE 30th June 2006,2,45.2,Mar/15/2006 23:29:48
310932,BIRDFLU.USA.30JUN06,Bird flu (H5N1) to be confirmed in the USA ON/BEFORE 30th June 2006,1,45.1,Mar/15/2006 23:30:00
310932,BIRDFLU.USA.30JUN06,Bird flu (H5N1) to be confirmed in the USA ON/BEFORE 30th June 2006,4,45.1,Mar/15/2006 23:30:00
310932,BIRDFLU.USA.30JUN06,Bird flu (H5N1) to be confirmed in the USA ON/BEFORE 30th June 2006,16,45.0,Mar/15/2006 23:30:20
310932,BIRDFLU.USA.30JUN06,Bird flu (H5N1) to be confirmed in the USA ON/BEFORE 30th June 2006,5,43.3,Mar/15/2006 23:31:44
310932,BIRDFLU.USA.30JUN06,Bird flu (H5N1) to be confirmed in the USA ON/BEFORE 30th June 2006,20,43.0,Mar/15/2006 23:32:14
310932,BIRDFLU.USA.30JUN06,Bird flu (H5N1) to be confirmed in the USA ON/BEFORE 30th June 2006,2,42.4,Mar/16/2006 00:11:30
310932,BIRDFLU.USA.30JUN06,Bird flu (H5N1) to be confirmed in the USA ON/BEFORE 30th June 2006,5,42.2,Mar/16/2006 00:11:45
310932,BIRDFLU.USA.30JUN06,Bird flu (H5N1) to be confirmed in the USA ON/BEFORE 30th June 2006,1,42.0,Mar/16/2006 01:02:03
310932,BIRDFLU.USA.30JUN06,Bird flu (H5N1) to be confirmed in the USA ON/BEFORE 30th June 2006,2,41.5,Mar/16/2006 01:12:22
310932,BIRDFLU.USA.30JUN06,Bird flu (H5N1) to be confirmed in the USA ON/BEFORE 30th June 2006,3,41.2,Mar/16/2006 01:12:22
310932,BIRDFLU.USA.30JUN06,Bird flu (H5N1) to be confirmed in the USA ON/BEFORE 30th June 2006,3,40.3,Mar/16/2006 01:14:40
310932,BIRDFLU.USA.30JUN06,Bird flu (H5N1) to be confirmed in the USA ON/BEFORE 30th June 2006,2,40.6,Mar/16/2006 01:14:40
310932,BIRDFLU.USA.30JUN06,Bird flu (H5N1) to be confirmed in the USA ON/BEFORE 30th June 2006,4,40.2,Mar/16/2006 01:14:40
310932,BIRDFLU.USA.30JUN06,Bird flu (H5N1) to be confirmed in the USA ON/BEFORE 30th June 2006,5,40.0,Mar/16/2006 01:14:40
310932,BIRDFLU.USA.30JUN06,Bird flu (H5N1) to be confirmed in the USA ON/BEFORE 30th June 2006,6,40.0,Mar/16/2006 01:14:40
310932,BIRDFLU.USA.30JUN06,Bird flu (H5N1) to be confirmed in the USA ON/BEFORE 30th June 2006,4,40.0,Mar/16/2006 01:14:50
310932,BIRDFLU.USA.30JUN06,Bird flu (H5N1) to be confirmed in the USA ON/BEFORE 30th June 2006,2,39.6,Mar/16/2006 02:37:16
310932,BIRDFLU.USA.30JUN06,Bird flu (H5N1) to be confirmed in the USA ON/BEFORE 30th June 2006,1,38.6,Mar/16/2006 04:50:02
310932,BIRDFLU.USA.30JUN06,Bird flu (H5N1) to be confirmed in the USA ON/BEFORE 30th June 2006,2,38.6,Mar/16/2006 05:27:39
310932,BIRDFLU.USA.30JUN06,Bird flu (H5N1) to be confirmed in the USA ON/BEFORE 30th June 2006,1,38.0,Mar/16/2006 14:33:17
310932,BIRDFLU.USA.30JUN06,Bird flu (H5N1) to be confirmed in the USA ON/BEFORE 30th June 2006,2,38.2,Mar/16/2006 14:33:17
310932,BIRDFLU.USA.30JUN06,Bird flu (H5N1) to be confirmed in the USA ON/BEFORE 30th June 2006,15,40.0,Mar/16/2006 19:16:47
310932,BIRDFLU.USA.30JUN06,Bird flu (H5N1) to be confirmed in the USA ON/BEFORE 30th June 2006,2,39.5,Mar/16/2006 19:16:47
310932,BIRDFLU.USA.30JUN06,Bird flu (H5N1) to be confirmed in the USA ON/BEFORE 30th June 2006,1,40.0,Mar/16/2006 19:17:46
310932,BIRDFLU.USA.30JUN06,Bird flu (H5N1) to be confirmed in the USA ON/BEFORE 30th June 2006,1,41.0,Mar/16/2006 19:17:46
310932,BIRDFLU.USA.30JUN06,Bird flu (H5N1) to be confirmed in the USA ON/BEFORE 30th June 2006,2,40.0,Mar/16/2006 19:53:18
310932,BIRDFLU.USA.30JUN06,Bird flu (H5N1) to be confirmed in the USA ON/BEFORE 30th June 2006,1,39.1,Mar/16/2006 19:55:52
310932,BIRDFLU.USA.30JUN06,Bird flu (H5N1) to be confirmed in the USA ON/BEFORE 30th June 2006,1,40.0,Mar/17/2006 01:07:55
310932,BIRDFLU.USA.30JUN06,Bird flu (H5N1) to be confirmed in the USA ON/BEFORE 30th June 2006,2,39.1,Mar/17/2006 01:20:15
310932,BIRDFLU.USA.30JUN06,Bird flu (H5N1) to be confirmed in the USA ON/BEFORE 30th June 2006,3,39.3,Mar/17/2006 01:20:15
310932,BIRDFLU.USA.30JUN06,Bird flu (H5N1) to be confirmed in the USA ON/BEFORE 30th June 2006,1,39.4,Mar/17/2006 01:20:15
310932,BIRDFLU.USA.30JUN06,Bird flu (H5N1) to be confirmed in the USA ON/BEFORE 30th June 2006,1,39.6,Mar/17/2006 01:20:15
310932,BIRDFLU.USA.30JUN06,Bird flu (H5N1) to be confirmed in the USA ON/BEFORE 30th June 2006,2,38.7,Mar/17/2006 15:13:10
310932,BIRDFLU.USA.30JUN06,Bird flu (H5N1) to be confirmed in the USA ON/BEFORE 30th June 2006,1,38.7,Mar/17/2006 15:13:10
310932,BIRDFLU.USA.30JUN06,Bird flu (H5N1) to be confirmed in the USA ON/BEFORE 30th June 2006,1,40.6,Mar/17/2006 18:45:50
310932,BIRDFLU.USA.30JUN06,Bird flu (H5N1) to be confirmed in the USA ON/BEFORE 30th June 2006,2,39.1,Mar/17/2006 21:32:49
310932,BIRDFLU.USA.30JUN06,Bird flu (H5N1) to be confirmed in the USA ON/BEFORE 30th June 2006,1,39.1,Mar/17/2006 21:32:49
310932,BIRDFLU.USA.30JUN06,Bird flu (H5N1) to be confirmed in the USA ON/BEFORE 30th June 2006,1,39.0,Mar/18/2006 00:13:08
310932,BIRDFLU.USA.30JUN06,Bird flu (H5N1) to be confirmed in the USA ON/BEFORE 30th June 2006,5,39.1,Mar/18/2006 00:13:08
310932,BIRDFLU.USA.30JUN06,Bird flu (H5N1) to be confirmed in the USA ON/BEFORE 30th June 2006,1,39.0,Mar/18/2006 02:13:39
310932,BIRDFLU.USA.30JUN06,Bird flu (H5N1) to be confirmed in the USA ON/BEFORE 30th June 2006,1,37.8,Mar/18/2006 04:02:06
310932,BIRDFLU.USA.30JUN06,Bird flu (H5N1) to be confirmed in the USA ON/BEFORE 30th June 2006,1,38.5,Mar/18/2006 04:02:06
310932,BIRDFLU.USA.30JUN06,Bird flu (H5N1) to be confirmed in the USA ON/BEFORE 30th June 2006,1,38.8,Mar/18/2006 04:02:06
310932,BIRDFLU.USA.30JUN06,Bird flu (H5N1) to be confirmed in the USA ON/BEFORE 30th June 2006,2,39.4,Mar/18/2006 04:49:54
310932,BIRDFLU.USA.30JUN06,Bird flu (H5N1) to be confirmed in the USA ON/BEFORE 30th June 2006,1,39.4,Mar/18/2006 04:50:46
310932,BIRDFLU.USA.30JUN06,Bird flu (H5N1) to be confirmed in the USA ON/BEFORE 30th June 2006,2,39.6,Mar/18/2006 04:52:31
310932,BIRDFLU.USA.30JUN06,Bird flu (H5N1) to be confirmed in the USA ON/BEFORE 30th June 2006,3,37.1,Mar/18/2006 09:05:35
310932,BIRDFLU.USA.30JUN06,Bird flu (H5N1) to be confirmed in the USA ON/BEFORE 30th June 2006,2,37.1,Mar/18/2006 09:05:35
310932,BIRDFLU.USA.30JUN06,Bird flu (H5N1) to be confirmed in the USA ON/BEFORE 30th June 2006,2,36.6,Mar/18/2006 09:08:23
310932,BIRDFLU.USA.30JUN06,Bird flu (H5N1) to be confirmed in the USA ON/BEFORE 30th June 2006,1,36.6,Mar/18/2006 09:11:54
310932,BIRDFLU.USA.30JUN06,Bird flu (H5N1) to be confirmed in the USA ON/BEFORE 30th June 2006,1,36.4,Mar/18/2006 13:53:53
310932,BIRDFLU.USA.30JUN06,Bird flu (H5N1) to be confirmed in the USA ON/BEFORE 30th June 2006,2,38.7,Mar/18/2006 20:51:50
310932,BIRDFLU.USA.30JUN06,Bird flu (H5N1) to be confirmed in the USA ON/BEFORE 30th June 2006,2,37.7,Mar/18/2006 21:49:47
310932,BIRDFLU.USA.30JUN06,Bird flu (H5N1) to be confirmed in the USA ON/BEFORE 30th June 2006,1,38.0,Mar/19/2006 21:43:52
310932,BIRDFLU.USA.30JUN06,Bird flu (H5N1) to be confirmed in the USA ON/BEFORE 30th June 2006,1,38.0,Mar/19/2006 21:43:52
310932,BIRDFLU.USA.30JUN06,Bird flu (H5N1) to be confirmed in the USA ON/BEFORE 30th June 2006,2,39.2,Mar/20/2006 04:38:31
310932,BIRDFLU.USA.30JUN06,Bird flu (H5N1) to be confirmed in the USA ON/BEFORE 30th June 2006,1,39.2,Mar/20/2006 04:38:31
310932,BIRDFLU.USA.30JUN06,Bird flu (H5N1) to be confirmed in the USA ON/BEFORE 30th June 2006,1,37.8,Mar/20/2006 06:18:18
310932,BIRDFLU.USA.30JUN06,Bird flu (H5N1) to be confirmed in the USA ON/BEFORE 30th June 2006,1,37.8,Mar/20/2006 06:18:18
310932,BIRDFLU.USA.30JUN06,Bird flu (H5N1) to be confirmed in the USA ON/BEFORE 30th June 2006,13,37.7,Mar/20/2006 06:18:39
310932,BIRDFLU.USA.30JUN06,Bird flu (H5N1) to be confirmed in the USA ON/BEFORE 30th June 2006,1,36.7,Mar/20/2006 06:19:31
310932,BIRDFLU.USA.30JUN06,Bird flu (H5N1) to be confirmed in the USA ON/BEFORE 30th June 2006,1,36.7,Mar/20/2006 06:19:31
310932,BIRDFLU.USA.30JUN06,Bird flu (H5N1) to be confirmed in the USA ON/BEFORE 30th June 2006,3,36.6,Mar/20/2006 06:19:54
310932,BIRDFLU.USA.30JUN06,Bird flu (H5N1) to be confirmed in the USA ON/BEFORE 30th June 2006,3,38.7,Mar/20/2006 18:19:26
310932,BIRDFLU.USA.30JUN06,Bird flu (H5N1) to be confirmed in the USA ON/BEFORE 30th June 2006,2,38.7,Mar/20/2006 18:19:26
310932,BIRDFLU.USA.30JUN06,Bird flu (H5N1) to be confirmed in the USA ON/BEFORE 30th June 2006,5,39.0,Mar/20/2006 18:19:26
310932,BIRDFLU.USA.30JUN06,Bird flu (H5N1) to be confirmed in the USA ON/BEFORE 30th June 2006,1,37.8,Mar/20/2006 20:39:08
310932,BIRDFLU.USA.30JUN06,Bird flu (H5N1) to be confirmed in the USA ON/BEFORE 30th June 2006,1,37.8,Mar/20/2006 20:39:48
310932,BIRDFLU.USA.30JUN06,Bird flu (H5N1) to be confirmed in the USA ON/BEFORE 30th June 2006,1,37.8,Mar/20/2006 20:40:46
310932,BIRDFLU.USA.30JUN06,Bird flu (H5N1) to be confirmed in the USA ON/BEFORE 30th June 2006,1,38.0,Mar/20/2006 20:42:46
310932,BIRDFLU.USA.30JUN06,Bird flu (H5N1) to be confirmed in the USA ON/BEFORE 30th June 2006,1,36.5,Mar/21/2006 02:03:59
310932,BIRDFLU.USA.30JUN06,Bird flu (H5N1) to be confirmed in the USA ON/BEFORE 30th June 2006,2,36.6,Mar/21/2006 02:03:59
310932,BIRDFLU.USA.30JUN06,Bird flu (H5N1) to be confirmed in the USA ON/BEFORE 30th June 2006,1,36.6,Mar/21/2006 02:03:59
310932,BIRDFLU.USA.30JUN06,Bird flu (H5N1) to be confirmed in the USA ON/BEFORE 30th June 2006,1,36.4,Mar/21/2006 02:04:12
310932,BIRDFLU.USA.30JUN06,Bird flu (H5N1) to be confirmed in the USA ON/BEFORE 30th June 2006,1,36.4,Mar/21/2006 02:04:12
310932,BIRDFLU.USA.30JUN06,Bird flu (H5N1) to be confirmed in the USA ON/BEFORE 30th June 2006,1,36.4,Mar/21/2006 02:32:18
310932,BIRDFLU.USA.30JUN06,Bird flu (H5N1) to be confirmed in the USA ON/BEFORE 30th June 2006,1,37.5,Mar/21/2006 03:19:44
310932,BIRDFLU.USA.30JUN06,Bird flu (H5N1) to be confirmed in the USA ON/BEFORE 30th June 2006,9,38.0,Mar/21/2006 03:20:18
310932,BIRDFLU.USA.30JUN06,Bird flu (H5N1) to be confirmed in the USA ON/BEFORE 30th June 2006,2,37.9,Mar/21/2006 03:20:18
310932,BIRDFLU.USA.30JUN06,Bird flu (H5N1) to be confirmed in the USA ON/BEFORE 30th June 2006,3,37.7,Mar/21/2006 03:20:18
310932,BIRDFLU.USA.30JUN06,Bird flu (H5N1) to be confirmed in the USA ON/BEFORE 30th June 2006,1,37.5,Mar/21/2006 03:20:18
310932,BIRDFLU.USA.30JUN06,Bird flu (H5N1) to be confirmed in the USA ON/BEFORE 30th June 2006,10,37.9,Mar/21/2006 04:00:55
310932,BIRDFLU.USA.30JUN06,Bird flu (H5N1) to be confirmed in the USA ON/BEFORE 30th June 2006,1,36.3,Mar/21/2006 05:25:50
310932,BIRDFLU.USA.30JUN06,Bird flu (H5N1) to be confirmed in the USA ON/BEFORE 30th June 2006,3,36.4,Mar/21/2006 05:25:50
310932,BIRDFLU.USA.30JUN06,Bird flu (H5N1) to be confirmed in the USA ON/BEFORE 30th June 2006,1,36.4,Mar/21/2006 05:25:50
310932,BIRDFLU.USA.30JUN06,Bird flu (H5N1) to be confirmed in the USA ON/BEFORE 30th June 2006,1,38.0,Mar/21/2006 05:46:40
310932,BIRDFLU.USA.30JUN06,Bird flu (H5N1) to be confirmed in the USA ON/BEFORE 30th June 2006,1,37.9,Mar/21/2006 05:46:40
310932,BIRDFLU.USA.30JUN06,Bird flu (H5N1) to be confirmed in the USA ON/BEFORE 30th June 2006,1,37.9,Mar/21/2006 05:46:40
310932,BIRDFLU.USA.30JUN06,Bird flu (H5N1) to be confirmed in the USA ON/BEFORE 30th June 2006,9,38.0,Mar/21/2006 13:51:57
310932,BIRDFLU.USA.30JUN06,Bird flu (H5N1) to be confirmed in the USA ON/BEFORE 30th June 2006,5,38.0,Mar/21/2006 15:42:44
310932,BIRDFLU.USA.30JUN06,Bird flu (H5N1) to be confirmed in the USA ON/BEFORE 30th June 2006,1,38.0,Mar/21/2006 15:42:44
310932,BIRDFLU.USA.30JUN06,Bird flu (H5N1) to be confirmed in the USA ON/BEFORE 30th June 2006,2,37.9,Mar/21/2006 21:03:59
310932,BIRDFLU.USA.30JUN06,Bird flu (H5N1) to be confirmed in the USA ON/BEFORE 30th June 2006,10,39.4,Mar/21/2006 21:03:59
310932,BIRDFLU.USA.30JUN06,Bird flu (H5N1) to be confirmed in the USA ON/BEFORE 30th June 2006,3,39.2,Mar/21/2006 21:03:59
310932,BIRDFLU.USA.30JUN06,Bird flu (H5N1) to be confirmed in the USA ON/BEFORE 30th June 2006,3,38.9,Mar/21/2006 21:03:59
310932,BIRDFLU.USA.30JUN06,Bird flu (H5N1) to be confirmed in the USA ON/BEFORE 30th June 2006,2,38.7,Mar/21/2006 21:03:59
310932,BIRDFLU.USA.30JUN06,Bird flu (H5N1) to be confirmed in the USA ON/BEFORE 30th June 2006,5,39.1,Mar/22/2006 03:28:35
310932,BIRDFLU.USA.30JUN06,Bird flu (H5N1) to be confirmed in the USA ON/BEFORE 30th June 2006,1,39.0,Mar/22/2006 04:30:59
310932,BIRDFLU.USA.30JUN06,Bird flu (H5N1) to be confirmed in the USA ON/BEFORE 30th June 2006,1,39.0,Mar/22/2006 04:30:59
310932,BIRDFLU.USA.30JUN06,Bird flu (H5N1) to be confirmed in the USA ON/BEFORE 30th June 2006,5,39.1,Mar/22/2006 09:42:46
310932,BIRDFLU.USA.30JUN06,Bird flu (H5N1) to be confirmed in the USA ON/BEFORE 30th June 2006,9,39.1,Mar/22/2006 09:42:46
310932,BIRDFLU.USA.30JUN06,Bird flu (H5N1) to be confirmed in the USA ON/BEFORE 30th June 2006,1,39.1,Mar/22/2006 09:42:46
310932,BIRDFLU.USA.30JUN06,Bird flu (H5N1) to be confirmed in the USA ON/BEFORE 30th June 2006,4,39.1,Mar/22/2006 14:47:42
310932,BIRDFLU.USA.30JUN06,Bird flu (H5N1) to be confirmed in the USA ON/BEFORE 30th June 2006,2,39.2,Mar/22/2006 17:43:51
310932,BIRDFLU.USA.30JUN06,Bird flu (H5N1) to be confirmed in the USA ON/BEFORE 30th June 2006,1,39.2,Mar/22/2006 17:43:51
310932,BIRDFLU.USA.30JUN06,Bird flu (H5N1) to be confirmed in the USA ON/BEFORE 30th June 2006,10,39.1,Mar/22/2006 17:44:20
310932,BIRDFLU.USA.30JUN06,Bird flu (H5N1) to be confirmed in the USA ON/BEFORE 30th June 2006,1,39.6,Mar/22/2006 18:29:33
310932,BIRDFLU.USA.30JUN06,Bird flu (H5N1) to be confirmed in the USA ON/BEFORE 30th June 2006,10,39.7,Mar/22/2006 18:39:52
310932,BIRDFLU.USA.30JUN06,Bird flu (H5N1) to be confirmed in the USA ON/BEFORE 30th June 2006,1,40.0,Mar/22/2006 18:44:32
310932,BIRDFLU.USA.30JUN06,Bird flu (H5N1) to be confirmed in the USA ON/BEFORE 30th June 2006,1,40.6,Mar/22/2006 18:45:28
310932,BIRDFLU.USA.30JUN06,Bird flu (H5N1) to be confirmed in the USA ON/BEFORE 30th June 2006,2,40.8,Mar/22/2006 19:00:42
310932,BIRDFLU.USA.30JUN06,Bird flu (H5N1) to be confirmed in the USA ON/BEFORE 30th June 2006,5,40.2,Mar/22/2006 20:32:34
310932,BIRDFLU.USA.30JUN06,Bird flu (H5N1) to be confirmed in the USA ON/BEFORE 30th June 2006,6,41.0,Mar/22/2006 20:41:45
310932,BIRDFLU.USA.30JUN06,Bird flu (H5N1) to be confirmed in the USA ON/BEFORE 30th June 2006,4,41.0,Mar/22/2006 20:42:15
310932,BIRDFLU.USA.30JUN06,Bird flu (H5N1) to be confirmed in the USA ON/BEFORE 30th June 2006,3,41.7,Mar/22/2006 20:52:10
310932,BIRDFLU.USA.30JUN06,Bird flu (H5N1) to be confirmed in the USA ON/BEFORE 30th June 2006,3,39.1,Mar/22/2006 23:42:17
310932,BIRDFLU.USA.30JUN06,Bird flu (H5N1) to be confirmed in the USA ON/BEFORE 30th June 2006,1,40.1,Mar/22/2006 23:42:17
310932,BIRDFLU.USA.30JUN06,Bird flu (H5N1) to be confirmed in the USA ON/BEFORE 30th June 2006,13,40.2,Mar/22/2006 23:42:17
310932,BIRDFLU.USA.30JUN06,Bird flu (H5N1) to be confirmed in the USA ON/BEFORE 30th June 2006,1,40.2,Mar/22/2006 23:42:17
310932,BIRDFLU.USA.30JUN06,Bird flu (H5N1) to be confirmed in the USA ON/BEFORE 30th June 2006,2,39.9,Mar/22/2006 23:42:17
310932,BIRDFLU.USA.30JUN06,Bird flu (H5N1) to be confirmed in the USA ON/BEFORE 30th June 2006,7,39.1,Mar/22/2006 23:59:32
310932,BIRDFLU.USA.30JUN06,Bird flu (H5N1) to be confirmed in the USA ON/BEFORE 30th June 2006,9,39.1,Mar/23/2006 01:59:32
310932,BIRDFLU.USA.30JUN06,Bird flu (H5N1) to be confirmed in the USA ON/BEFORE 30th June 2006,2,41.1,Mar/23/2006 02:56:14
310932,BIRDFLU.USA.30JUN06,Bird flu (H5N1) to be confirmed in the USA ON/BEFORE 30th June 2006,1,41.1,Mar/23/2006 02:59:48
310932,BIRDFLU.USA.30JUN06,Bird flu (H5N1) to be confirmed in the USA ON/BEFORE 30th June 2006,1,41.0,Mar/23/2006 03:00:06
310932,BIRDFLU.USA.30JUN06,Bird flu (H5N1) to be confirmed in the USA ON/BEFORE 30th June 2006,1,40.9,Mar/23/2006 04:53:04
310932,BIRDFLU.USA.30JUN06,Bird flu (H5N1) to be confirmed in the USA ON/BEFORE 30th June 2006,36,39.1,Mar/24/2006 02:33:02
310932,BIRDFLU.USA.30JUN06,Bird flu (H5N1) to be confirmed in the USA ON/BEFORE 30th June 2006,4,39.2,Mar/24/2006 02:33:02
310932,BIRDFLU.USA.30JUN06,Bird flu (H5N1) to be confirmed in the USA ON/BEFORE 30th June 2006,2,39.3,Mar/24/2006 02:33:02
310932,BIRDFLU.USA.30JUN06,Bird flu (H5N1) to be confirmed in the USA ON/BEFORE 30th June 2006,2,39.4,Mar/24/2006 02:33:02
310932,BIRDFLU.USA.30JUN06,Bird flu (H5N1) to be confirmed in the USA ON/BEFORE 30th June 2006,2,39.5,Mar/24/2006 02:33:02
310932,BIRDFLU.USA.30JUN06,Bird flu (H5N1) to be confirmed in the USA ON/BEFORE 30th June 2006,1,39.5,Mar/24/2006 02:33:02
310932,BIRDFLU.USA.30JUN06,Bird flu (H5N1) to be confirmed in the USA ON/BEFORE 30th June 2006,1,40.0,Mar/24/2006 02:33:02
310932,BIRDFLU.USA.30JUN06,Bird flu (H5N1) to be confirmed in the USA ON/BEFORE 30th June 2006,2,39.6,Mar/24/2006 02:33:02
310932,BIRDFLU.USA.30JUN06,Bird flu (H5N1) to be confirmed in the USA ON/BEFORE 30th June 2006,16,39.1,Mar/24/2006 02:33:31
310932,BIRDFLU.USA.30JUN06,Bird flu (H5N1) to be confirmed in the USA ON/BEFORE 30th June 2006,2,38.1,Mar/24/2006 02:36:15
310932,BIRDFLU.USA.30JUN06,Bird flu (H5N1) to be confirmed in the USA ON/BEFORE 30th June 2006,1,38.0,Mar/24/2006 03:16:01
310932,BIRDFLU.USA.30JUN06,Bird flu (H5N1) to be confirmed in the USA ON/BEFORE 30th June 2006,1,38.1,Mar/24/2006 03:16:01
310932,BIRDFLU.USA.30JUN06,Bird flu (H5N1) to be confirmed in the USA ON/BEFORE 30th June 2006,2,38.6,Mar/24/2006 03:26:56
310932,BIRDFLU.USA.30JUN06,Bird flu (H5N1) to be confirmed in the USA ON/BEFORE 30th June 2006,2,38.6,Mar/24/2006 03:26:56
310932,BIRDFLU.USA.30JUN06,Bird flu (H5N1) to be confirmed in the USA ON/BEFORE 30th June 2006,19,38.0,Mar/24/2006 05:15:00
310932,BIRDFLU.USA.30JUN06,Bird flu (H5N1) to be confirmed in the USA ON/BEFORE 30th June 2006,2,37.7,Mar/24/2006 22:47:21
310932,BIRDFLU.USA.30JUN06,Bird flu (H5N1) to be confirmed in the USA ON/BEFORE 30th June 2006,2,36.3,Mar/24/2006 22:49:15
310932,BIRDFLU.USA.30JUN06,Bird flu (H5N1) to be confirmed in the USA ON/BEFORE 30th June 2006,5,37.5,Mar/24/2006 22:49:15
310932,BIRDFLU.USA.30JUN06,Bird flu (H5N1) to be confirmed in the USA ON/BEFORE 30th June 2006,3,36.4,Mar/24/2006 22:49:15
310932,BIRDFLU.USA.30JUN06,Bird flu (H5N1) to be confirmed in the USA ON/BEFORE 30th June 2006,2,36.6,Mar/24/2006 22:49:15
310932,BIRDFLU.USA.30JUN06,Bird flu (H5N1) to be confirmed in the USA ON/BEFORE 30th June 2006,2,37.1,Mar/24/2006 22:49:15
310932,BIRDFLU.USA.30JUN06,Bird flu (H5N1) to be confirmed in the USA ON/BEFORE 30th June 2006,1,36.0,Mar/24/2006 22:50:15
310932,BIRDFLU.USA.30JUN06,Bird flu (H5N1) to be confirmed in the USA ON/BEFORE 30th June 2006,10,35.0,Mar/24/2006 22:50:15
310932,BIRDFLU.USA.30JUN06,Bird flu (H5N1) to be confirmed in the USA ON/BEFORE 30th June 2006,5,35.2,Mar/24/2006 22:50:15
310932,BIRDFLU.USA.30JUN06,Bird flu (H5N1) to be confirmed in the USA ON/BEFORE 30th June 2006,3,35.1,Mar/24/2006 22:50:15
310932,BIRDFLU.USA.30JUN06,Bird flu (H5N1) to be confirmed in the USA ON/BEFORE 30th June 2006,2,36.1,Mar/24/2006 22:50:15
310932,BIRDFLU.USA.30JUN06,Bird flu (H5N1) to be confirmed in the USA ON/BEFORE 30th June 2006,1,36.1,Mar/24/2006 22:50:15
310932,BIRDFLU.USA.30JUN06,Bird flu (H5N1) to be confirmed in the USA ON/BEFORE 30th June 2006,1,34.3,Mar/24/2006 22:55:18
310932,BIRDFLU.USA.30JUN06,Bird flu (H5N1) to be confirmed in the USA ON/BEFORE 30th June 2006,10,36.0,Mar/24/2006 23:14:40
310932,BIRDFLU.USA.30JUN06,Bird flu (H5N1) to be confirmed in the USA ON/BEFORE 30th June 2006,3,37.1,Mar/25/2006 00:07:32
310932,BIRDFLU.USA.30JUN06,Bird flu (H5N1) to be confirmed in the USA ON/BEFORE 30th June 2006,1,37.1,Mar/25/2006 00:07:32
310932,BIRDFLU.USA.30JUN06,Bird flu (H5N1) to be confirmed in the USA ON/BEFORE 30th June 2006,3,35.7,Mar/25/2006 00:30:41
310932,BIRDFLU.USA.30JUN06,Bird flu (H5N1) to be confirmed in the USA ON/BEFORE 30th June 2006,1,35.7,Mar/25/2006 00:30:41
310932,BIRDFLU.USA.30JUN06,Bird flu (H5N1) to be confirmed in the USA ON/BEFORE 30th June 2006,1,35.5,Mar/25/2006 00:30:54
310932,BIRDFLU.USA.30JUN06,Bird flu (H5N1) to be confirmed in the USA ON/BEFORE 30th June 2006,1,35.1,Mar/25/2006 00:30:54
310932,BIRDFLU.USA.30JUN06,Bird flu (H5N1) to be confirmed in the USA ON/BEFORE 30th June 2006,1,35.5,Mar/25/2006 00:30:54
310932,BIRDFLU.USA.30JUN06,Bird flu (H5N1) to be confirmed in the USA ON/BEFORE 30th June 2006,3,35.2,Mar/25/2006 00:30:54
310932,BIRDFLU.USA.30JUN06,Bird flu (H5N1) to be confirmed in the USA ON/BEFORE 30th June 2006,1,35.5,Mar/25/2006 00:30:54
310932,BIRDFLU.USA.30JUN06,Bird flu (H5N1) to be confirmed in the USA ON/BEFORE 30th June 2006,1,35.1,Mar/25/2006 00:31:11
310932,BIRDFLU.USA.30JUN06,Bird flu (H5N1) to be confirmed in the USA ON/BEFORE 30th June 2006,3,34.1,Mar/25/2006 17:34:12
310932,BIRDFLU.USA.30JUN06,Bird flu (H5N1) to be confirmed in the USA ON/BEFORE 30th June 2006,2,34.3,Mar/25/2006 17:34:12
310932,BIRDFLU.USA.30JUN06,Bird flu (H5N1) to be confirmed in the USA ON/BEFORE 30th June 2006,10,34.4,Mar/25/2006 17:34:12
310932,BIRDFLU.USA.30JUN06,Bird flu (H5N1) to be confirmed in the USA ON/BEFORE 30th June 2006,2,34.5,Mar/25/2006 17:34:12
310932,BIRDFLU.USA.30JUN06,Bird flu (H5N1) to be confirmed in the USA ON/BEFORE 30th June 2006,1,34.6,Mar/25/2006 17:34:12
310932,BIRDFLU.USA.30JUN06,Bird flu (H5N1) to be confirmed in the USA ON/BEFORE 30th June 2006,1,33.5,Mar/25/2006 17:36:51
310932,BIRDFLU.USA.30JUN06,Bird flu (H5N1) to be confirmed in the USA ON/BEFORE 30th June 2006,1,33.6,Mar/25/2006 20:19:09
310932,BIRDFLU.USA.30JUN06,Bird flu (H5N1) to be confirmed in the USA ON/BEFORE 30th June 2006,1,33.6,Mar/25/2006 20:19:09
310932,BIRDFLU.USA.30JUN06,Bird flu (H5N1) to be confirmed in the USA ON/BEFORE 30th June 2006,2,33.6,Mar/25/2006 21:13:15
310932,BIRDFLU.USA.30JUN06,Bird flu (H5N1) to be confirmed in the USA ON/BEFORE 30th June 2006,1,33.6,Mar/25/2006 23:55:16
310932,BIRDFLU.USA.30JUN06,Bird flu (H5N1) to be confirmed in the USA ON/BEFORE 30th June 2006,7,34.7,Mar/26/2006 01:13:15
310932,BIRDFLU.USA.30JUN06,Bird flu (H5N1) to be confirmed in the USA ON/BEFORE 30th June 2006,2,34.6,Mar/26/2006 01:13:15
310932,BIRDFLU.USA.30JUN06,Bird flu (H5N1) to be confirmed in the USA ON/BEFORE 30th June 2006,1,34.4,Mar/26/2006 01:13:15
310932,BIRDFLU.USA.30JUN06,Bird flu (H5N1) to be confirmed in the USA ON/BEFORE 30th June 2006,2,33.6,Mar/26/2006 03:07:15
310932,BIRDFLU.USA.30JUN06,Bird flu (H5N1) to be confirmed in the USA ON/BEFORE 30th June 2006,1,33.6,Mar/26/2006 03:07:15
310932,BIRDFLU.USA.30JUN06,Bird flu (H5N1) to be confirmed in the USA ON/BEFORE 30th June 2006,3,33.9,Mar/26/2006 04:08:27
310932,BIRDFLU.USA.30JUN06,Bird flu (H5N1) to be confirmed in the USA ON/BEFORE 30th June 2006,1,34.1,Mar/26/2006 11:07:22
310932,BIRDFLU.USA.30JUN06,Bird flu (H5N1) to be confirmed in the USA ON/BEFORE 30th June 2006,7,34.0,Mar/26/2006 11:07:22
310932,BIRDFLU.USA.30JUN06,Bird flu (H5N1) to be confirmed in the USA ON/BEFORE 30th June 2006,1,33.5,Mar/26/2006 16:42:36
310932,BIRDFLU.USA.30JUN06,Bird flu (H5N1) to be confirmed in the USA ON/BEFORE 30th June 2006,3,33.2,Mar/26/2006 16:43:17
310932,BIRDFLU.USA.30JUN06,Bird flu (H5N1) to be confirmed in the USA ON/BEFORE 30th June 2006,1,33.0,Mar/26/2006 17:53:02
310932,BIRDFLU.USA.30JUN06,Bird flu (H5N1) to be confirmed in the USA ON/BEFORE 30th June 2006,10,33.0,Mar/26/2006 20:27:33
310932,BIRDFLU.USA.30JUN06,Bird flu (H5N1) to be confirmed in the USA ON/BEFORE 30th June 2006,2,33.1,Mar/26/2006 20:27:33
310932,BIRDFLU.USA.30JUN06,Bird flu (H5N1) to be confirmed in the USA ON/BEFORE 30th June 2006,1,34.9,Mar/26/2006 22:27:47
310932,BIRDFLU.USA.30JUN06,Bird flu (H5N1) to be confirmed in the USA ON/BEFORE 30th June 2006,1,32.9,Mar/27/2006 00:57:44
310932,BIRDFLU.USA.30JUN06,Bird flu (H5N1) to be confirmed in the USA ON/BEFORE 30th June 2006,1,32.9,Mar/27/2006 00:57:44
310932,BIRDFLU.USA.30JUN06,Bird flu (H5N1) to be confirmed in the USA ON/BEFORE 30th June 2006,1,33.0,Mar/27/2006 02:10:37
310932,BIRDFLU.USA.30JUN06,Bird flu (H5N1) to be confirmed in the USA ON/BEFORE 30th June 2006,1,33.1,Mar/27/2006 02:10:37
310932,BIRDFLU.USA.30JUN06,Bird flu (H5N1) to be confirmed in the USA ON/BEFORE 30th June 2006,7,32.9,Mar/27/2006 05:55:19
310932,BIRDFLU.USA.30JUN06,Bird flu (H5N1) to be confirmed in the USA ON/BEFORE 30th June 2006,2,33.0,Mar/27/2006 05:55:19
310932,BIRDFLU.USA.30JUN06,Bird flu (H5N1) to be confirmed in the USA ON/BEFORE 30th June 2006,1,33.1,Mar/27/2006 05:55:19
310932,BIRDFLU.USA.30JUN06,Bird flu (H5N1) to be confirmed in the USA ON/BEFORE 30th June 2006,10,32.9,Mar/27/2006 05:57:54
310932,BIRDFLU.USA.30JUN06,Bird flu (H5N1) to be confirmed in the USA ON/BEFORE 30th June 2006,2,33.9,Mar/27/2006 14:55:23
310932,BIRDFLU.USA.30JUN06,Bird flu (H5N1) to be confirmed in the USA ON/BEFORE 30th June 2006,3,32.9,Mar/27/2006 22:07:15
310932,BIRDFLU.USA.30JUN06,Bird flu (H5N1) to be confirmed in the USA ON/BEFORE 30th June 2006,10,32.9,Mar/28/2006 08:14:42
310932,BIRDFLU.USA.30JUN06,Bird flu (H5N1) to be confirmed in the USA ON/BEFORE 30th June 2006,2,33.0,Mar/28/2006 08:14:42
310932,BIRDFLU.USA.30JUN06,Bird flu (H5N1) to be confirmed in the USA ON/BEFORE 30th June 2006,1,33.1,Mar/28/2006 08:14:42
310932,BIRDFLU.USA.30JUN06,Bird flu (H5N1) to be confirmed in the USA ON/BEFORE 30th June 2006,1,33.2,Mar/28/2006 08:14:42
310932,BIRDFLU.USA.30JUN06,Bird flu (H5N1) to be confirmed in the USA ON/BEFORE 30th June 2006,3,32.2,Mar/28/2006 08:14:58
310932,BIRDFLU.USA.30JUN06,Bird flu (H5N1) to be confirmed in the USA ON/BEFORE 30th June 2006,1,32.3,Mar/28/2006 08:14:58
310932,BIRDFLU.USA.30JUN06,Bird flu (H5N1) to be confirmed in the USA ON/BEFORE 30th June 2006,4,32.1,Mar/28/2006 08:14:58
310932,BIRDFLU.USA.30JUN06,Bird flu (H5N1) to be confirmed in the USA ON/BEFORE 30th June 2006,2,32.4,Mar/28/2006 08:14:58
310932,BIRDFLU.USA.30JUN06,Bird flu (H5N1) to be confirmed in the USA ON/BEFORE 30th June 2006,2,32.6,Mar/28/2006 08:14:58
310932,BIRDFLU.USA.30JUN06,Bird flu (H5N1) to be confirmed in the USA ON/BEFORE 30th June 2006,4,32.0,Mar/28/2006 08:15:25
310932,BIRDFLU.USA.30JUN06,Bird flu (H5N1) to be confirmed in the USA ON/BEFORE 30th June 2006,10,32.0,Mar/28/2006 08:15:25
310932,BIRDFLU.USA.30JUN06,Bird flu (H5N1) to be confirmed in the USA ON/BEFORE 30th June 2006,1,32.6,Mar/28/2006 19:15:25
310932,BIRDFLU.USA.30JUN06,Bird flu (H5N1) to be confirmed in the USA ON/BEFORE 30th June 2006,1,32.6,Mar/28/2006 19:15:33
310932,BIRDFLU.USA.30JUN06,Bird flu (H5N1) to be confirmed in the USA ON/BEFORE 30th June 2006,10,32.0,Mar/29/2006 02:09:42
310932,BIRDFLU.USA.30JUN06,Bird flu (H5N1) to be confirmed in the USA ON/BEFORE 30th June 2006,3,32.1,Mar/29/2006 02:09:42
310932,BIRDFLU.USA.30JUN06,Bird flu (H5N1) to be confirmed in the USA ON/BEFORE 30th June 2006,1,32.2,Mar/29/2006 02:09:42
310932,BIRDFLU.USA.30JUN06,Bird flu (H5N1) to be confirmed in the USA ON/BEFORE 30th June 2006,23,31.5,Mar/29/2006 02:10:04
310932,BIRDFLU.USA.30JUN06,Bird flu (H5N1) to be confirmed in the USA ON/BEFORE 30th June 2006,2,31.7,Mar/29/2006 02:10:04
310932,BIRDFLU.USA.30JUN06,Bird flu (H5N1) to be confirmed in the USA ON/BEFORE 30th June 2006,4,31.6,Mar/29/2006 02:10:04
310932,BIRDFLU.USA.30JUN06,Bird flu (H5N1) to be confirmed in the USA ON/BEFORE 30th June 2006,1,31.6,Mar/29/2006 02:10:04
310932,BIRDFLU.USA.30JUN06,Bird flu (H5N1) to be confirmed in the USA ON/BEFORE 30th June 2006,9,30.1,Mar/29/2006 02:12:05
310932,BIRDFLU.USA.30JUN06,Bird flu (H5N1) to be confirmed in the USA ON/BEFORE 30th June 2006,3,30.2,Mar/29/2006 02:12:05
310932,BIRDFLU.USA.30JUN06,Bird flu (H5N1) to be confirmed in the USA ON/BEFORE 30th June 2006,1,30.2,Mar/29/2006 16:03:59
310932,BIRDFLU.USA.30JUN06,Bird flu (H5N1) to be confirmed in the USA ON/BEFORE 30th June 2006,4,30.0,Mar/29/2006 18:14:44
310932,BIRDFLU.USA.30JUN06,Bird flu (H5N1) to be confirmed in the USA ON/BEFORE 30th June 2006,3,31.9,Mar/29/2006 18:15:35
310932,BIRDFLU.USA.30JUN06,Bird flu (H5N1) to be confirmed in the USA ON/BEFORE 30th June 2006,3,32.8,Mar/29/2006 18:15:35
310932,BIRDFLU.USA.30JUN06,Bird flu (H5N1) to be confirmed in the USA ON/BEFORE 30th June 2006,1,33.0,Mar/29/2006 18:15:35
310932,BIRDFLU.USA.30JUN06,Bird flu (H5N1) to be confirmed in the USA ON/BEFORE 30th June 2006,3,32.4,Mar/29/2006 18:15:35
310932,BIRDFLU.USA.30JUN06,Bird flu (H5N1) to be confirmed in the USA ON/BEFORE 30th June 2006,2,31.9,Mar/29/2006 18:15:35
310932,BIRDFLU.USA.30JUN06,Bird flu (H5N1) to be confirmed in the USA ON/BEFORE 30th June 2006,3,32.6,Mar/29/2006 18:15:35
310932,BIRDFLU.USA.30JUN06,Bird flu (H5N1) to be confirmed in the USA ON/BEFORE 30th June 2006,5,32.6,Mar/29/2006 19:45:10
310932,BIRDFLU.USA.30JUN06,Bird flu (H5N1) to be confirmed in the USA ON/BEFORE 30th June 2006,1,32.7,Mar/29/2006 19:45:10
310932,BIRDFLU.USA.30JUN06,Bird flu (H5N1) to be confirmed in the USA ON/BEFORE 30th June 2006,3,32.5,Mar/29/2006 19:45:10
310932,BIRDFLU.USA.30JUN06,Bird flu (H5N1) to be confirmed in the USA ON/BEFORE 30th June 2006,1,32.3,Mar/29/2006 19:45:10
310932,BIRDFLU.USA.30JUN06,Bird flu (H5N1) to be confirmed in the USA ON/BEFORE 30th June 2006,1,32.6,Mar/29/2006 20:34:31
310932,BIRDFLU.USA.30JUN06,Bird flu (H5N1) to be confirmed in the USA ON/BEFORE 30th June 2006,9,33.0,Mar/29/2006 20:35:02
310932,BIRDFLU.USA.30JUN06,Bird flu (H5N1) to be confirmed in the USA ON/BEFORE 30th June 2006,4,32.9,Mar/29/2006 20:35:02
310932,BIRDFLU.USA.30JUN06,Bird flu (H5N1) to be confirmed in the USA ON/BEFORE 30th June 2006,2,32.7,Mar/29/2006 20:35:02
310932,BIRDFLU.USA.30JUN06,Bird flu (H5N1) to be confirmed in the USA ON/BEFORE 30th June 2006,5,32.7,Mar/29/2006 20:35:02
310932,BIRDFLU.USA.30JUN06,Bird flu (H5N1) to be confirmed in the USA ON/BEFORE 30th June 2006,2,33.9,Mar/29/2006 20:35:55
310932,BIRDFLU.USA.30JUN06,Bird flu (H5N1) to be confirmed in the USA ON/BEFORE 30th June 2006,9,34.0,Mar/29/2006 20:45:31
310932,BIRDFLU.USA.30JUN06,Bird flu (H5N1) to be confirmed in the USA ON/BEFORE 30th June 2006,1,34.0,Mar/29/2006 20:58:13
310932,BIRDFLU.USA.30JUN06,Bird flu (H5N1) to be confirmed in the USA ON/BEFORE 30th June 2006,2,34.0,Mar/29/2006 20:58:13
310932,BIRDFLU.USA.30JUN06,Bird flu (H5N1) to be confirmed in the USA ON/BEFORE 30th June 2006,1,34.5,Mar/29/2006 21:02:31
310932,BIRDFLU.USA.30JUN06,Bird flu (H5N1) to be confirmed in the USA ON/BEFORE 30th June 2006,1,34.5,Mar/29/2006 21:02:31
310932,BIRDFLU.USA.30JUN06,Bird flu (H5N1) to be confirmed in the USA ON/BEFORE 30th June 2006,1,34.4,Mar/29/2006 21:03:04
310932,BIRDFLU.USA.30JUN06,Bird flu (H5N1) to be confirmed in the USA ON/BEFORE 30th June 2006,2,34.6,Mar/29/2006 21:03:25
310932,BIRDFLU.USA.30JUN06,Bird flu (H5N1) to be confirmed in the USA ON/BEFORE 30th June 2006,2,34.8,Mar/29/2006 21:04:14
310932,BIRDFLU.USA.30JUN06,Bird flu (H5N1) to be confirmed in the USA ON/BEFORE 30th June 2006,1,34.9,Mar/29/2006 21:07:30
310932,BIRDFLU.USA.30JUN06,Bird flu (H5N1) to be confirmed in the USA ON/BEFORE 30th June 2006,1,34.8,Mar/29/2006 21:07:30
310932,BIRDFLU.USA.30JUN06,Bird flu (H5N1) to be confirmed in the USA ON/BEFORE 30th June 2006,3,34.9,Mar/29/2006 21:07:30
310932,BIRDFLU.USA.30JUN06,Bird flu (H5N1) to be confirmed in the USA ON/BEFORE 30th June 2006,1,35.1,Mar/29/2006 21:21:55
310932,BIRDFLU.USA.30JUN06,Bird flu (H5N1) to be confirmed in the USA ON/BEFORE 30th June 2006,10,34.9,Mar/29/2006 22:36:46
310932,BIRDFLU.USA.30JUN06,Bird flu (H5N1) to be confirmed in the USA ON/BEFORE 30th June 2006,2,34.9,Mar/29/2006 22:36:46
310932,BIRDFLU.USA.30JUN06,Bird flu (H5N1) to be confirmed in the USA ON/BEFORE 30th June 2006,1,35.1,Mar/29/2006 23:09:48
310932,BIRDFLU.USA.30JUN06,Bird flu (H5N1) to be confirmed in the USA ON/BEFORE 30th June 2006,2,35.3,Mar/30/2006 01:39:21
310932,BIRDFLU.USA.30JUN06,Bird flu (H5N1) to be confirmed in the USA ON/BEFORE 30th June 2006,2,35.3,Mar/30/2006 01:39:21
310932,BIRDFLU.USA.30JUN06,Bird flu (H5N1) to be confirmed in the USA ON/BEFORE 30th June 2006,3,35.2,Mar/30/2006 01:40:07
310932,BIRDFLU.USA.30JUN06,Bird flu (H5N1) to be confirmed in the USA ON/BEFORE 30th June 2006,2,34.1,Mar/30/2006 02:31:04
310932,BIRDFLU.USA.30JUN06,Bird flu (H5N1) to be confirmed in the USA ON/BEFORE 30th June 2006,1,34.1,Mar/30/2006 02:31:04
310932,BIRDFLU.USA.30JUN06,Bird flu (H5N1) to be confirmed in the USA ON/BEFORE 30th June 2006,10,34.5,Mar/30/2006 02:58:08
310932,BIRDFLU.USA.30JUN06,Bird flu (H5N1) to be confirmed in the USA ON/BEFORE 30th June 2006,5,34.5,Mar/30/2006 16:13:09
310932,BIRDFLU.USA.30JUN06,Bird flu (H5N1) to be confirmed in the USA ON/BEFORE 30th June 2006,2,34.4,Mar/30/2006 16:13:09
310932,BIRDFLU.USA.30JUN06,Bird flu (H5N1) to be confirmed in the USA ON/BEFORE 30th June 2006,1,34.4,Mar/30/2006 16:13:09
310932,BIRDFLU.USA.30JUN06,Bird flu (H5N1) to be confirmed in the USA ON/BEFORE 30th June 2006,3,34.9,Mar/30/2006 16:37:32
310932,BIRDFLU.USA.30JUN06,Bird flu (H5N1) to be confirmed in the USA ON/BEFORE 30th June 2006,2,34.6,Mar/30/2006 16:37:32
310932,BIRDFLU.USA.30JUN06,Bird flu (H5N1) to be confirmed in the USA ON/BEFORE 30th June 2006,1,35.5,Mar/30/2006 16:54:17
310932,BIRDFLU.USA.30JUN06,Bird flu (H5N1) to be confirmed in the USA ON/BEFORE 30th June 2006,3,35.8,Mar/30/2006 16:54:17
310932,BIRDFLU.USA.30JUN06,Bird flu (H5N1) to be confirmed in the USA ON/BEFORE 30th June 2006,3,35.4,Mar/30/2006 16:54:17
310932,BIRDFLU.USA.30JUN06,Bird flu (H5N1) to be confirmed in the USA ON/BEFORE 30th June 2006,3,35.2,Mar/30/2006 16:54:17
310932,BIRDFLU.USA.30JUN06,Bird flu (H5N1) to be confirmed in the USA ON/BEFORE 30th June 2006,3,35.8,Mar/30/2006 17:12:24
310932,BIRDFLU.USA.30JUN06,Bird flu (H5N1) to be confirmed in the USA ON/BEFORE 30th June 2006,3,35.8,Mar/31/2006 05:34:37
310932,BIRDFLU.USA.30JUN06,Bird flu (H5N1) to be confirmed in the USA ON/BEFORE 30th June 2006,1,35.7,Mar/31/2006 14:06:50
310932,BIRDFLU.USA.30JUN06,Bird flu (H5N1) to be confirmed in the USA ON/BEFORE 30th June 2006,2,35.9,Mar/31/2006 14:08:08
310932,BIRDFLU.USA.30JUN06,Bird flu (H5N1) to be confirmed in the USA ON/BEFORE 30th June 2006,3,36.4,Mar/31/2006 14:10:40
310932,BIRDFLU.USA.30JUN06,Bird flu (H5N1) to be confirmed in the USA ON/BEFORE 30th June 2006,1,36.4,Mar/31/2006 14:10:40
310932,BIRDFLU.USA.30JUN06,Bird flu (H5N1) to be confirmed in the USA ON/BEFORE 30th June 2006,1,36.6,Mar/31/2006 14:11:30
310932,BIRDFLU.USA.30JUN06,Bird flu (H5N1) to be confirmed in the USA ON/BEFORE 30th June 2006,2,36.8,Mar/31/2006 14:14:15
310932,BIRDFLU.USA.30JUN06,Bird flu (H5N1) to be confirmed in the USA ON/BEFORE 30th June 2006,1,36.1,Mar/31/2006 16:56:47
310932,BIRDFLU.USA.30JUN06,Bird flu (H5N1) to be confirmed in the USA ON/BEFORE 30th June 2006,3,37.7,Mar/31/2006 21:36:22
310932,BIRDFLU.USA.30JUN06,Bird flu (H5N1) to be confirmed in the USA ON/BEFORE 30th June 2006,4,37.8,Mar/31/2006 21:36:22
310932,BIRDFLU.USA.30JUN06,Bird flu (H5N1) to be confirmed in the USA ON/BEFORE 30th June 2006,2,37.4,Mar/31/2006 21:36:22
310932,BIRDFLU.USA.30JUN06,Bird flu (H5N1) to be confirmed in the USA ON/BEFORE 30th June 2006,3,37.3,Mar/31/2006 21:36:22
310932,BIRDFLU.USA.30JUN06,Bird flu (H5N1) to be confirmed in the USA ON/BEFORE 30th June 2006,2,37.1,Mar/31/2006 21:36:22
310932,BIRDFLU.USA.30JUN06,Bird flu (H5N1) to be confirmed in the USA ON/BEFORE 30th June 2006,1,38.0,Mar/31/2006 21:36:22
310932,BIRDFLU.USA.30JUN06,Bird flu (H5N1) to be confirmed in the USA ON/BEFORE 30th June 2006,2,36.9,Mar/31/2006 21:36:22
310932,BIRDFLU.USA.30JUN06,Bird flu (H5N1) to be confirmed in the USA ON/BEFORE 30th June 2006,3,39.3,Mar/31/2006 21:39:12
310932,BIRDFLU.USA.30JUN06,Bird flu (H5N1) to be confirmed in the USA ON/BEFORE 30th June 2006,2,39.6,Mar/31/2006 21:39:12
310932,BIRDFLU.USA.30JUN06,Bird flu (H5N1) to be confirmed in the USA ON/BEFORE 30th June 2006,3,38.9,Mar/31/2006 21:39:12
310932,BIRDFLU.USA.30JUN06,Bird flu (H5N1) to be confirmed in the USA ON/BEFORE 30th June 2006,2,38.7,Mar/31/2006 21:39:12
310932,BIRDFLU.USA.30JUN06,Bird flu (H5N1) to be confirmed in the USA ON/BEFORE 30th June 2006,1,41.0,Mar/31/2006 21:58:13
310932,BIRDFLU.USA.30JUN06,Bird flu (H5N1) to be confirmed in the USA ON/BEFORE 30th June 2006,1,40.9,Mar/31/2006 21:58:13
310932,BIRDFLU.USA.30JUN06,Bird flu (H5N1) to be confirmed in the USA ON/BEFORE 30th June 2006,2,41.0,Mar/31/2006 21:58:13
310932,BIRDFLU.USA.30JUN06,Bird flu (H5N1) to be confirmed in the USA ON/BEFORE 30th June 2006,2,40.8,Mar/31/2006 21:58:13
310932,BIRDFLU.USA.30JUN06,Bird flu (H5N1) to be confirmed in the USA ON/BEFORE 30th June 2006,3,40.7,Mar/31/2006 21:58:13
310932,BIRDFLU.USA.30JUN06,Bird flu (H5N1) to be confirmed in the USA ON/BEFORE 30th June 2006,2,39.6,Mar/31/2006 21:58:13
310932,BIRDFLU.USA.30JUN06,Bird flu (H5N1) to be confirmed in the USA ON/BEFORE 30th June 2006,1,41.0,Mar/31/2006 21:58:13
310932,BIRDFLU.USA.30JUN06,Bird flu (H5N1) to be confirmed in the USA ON/BEFORE 30th June 2006,10,40.0,Mar/31/2006 21:58:13
310932,BIRDFLU.USA.30JUN06,Bird flu (H5N1) to be confirmed in the USA ON/BEFORE 30th June 2006,8,41.9,Mar/31/2006 21:58:13
310932,BIRDFLU.USA.30JUN06,Bird flu (H5N1) to be confirmed in the USA ON/BEFORE 30th June 2006,10,41.6,Mar/31/2006 21:58:13
310932,BIRDFLU.USA.30JUN06,Bird flu (H5N1) to be confirmed in the USA ON/BEFORE 30th June 2006,3,41.5,Mar/31/2006 21:58:13
310932,BIRDFLU.USA.30JUN06,Bird flu (H5N1) to be confirmed in the USA ON/BEFORE 30th June 2006,3,41.4,Mar/31/2006 21:58:13
310932,BIRDFLU.USA.30JUN06,Bird flu (H5N1) to be confirmed in the USA ON/BEFORE 30th June 2006,2,41.3,Mar/31/2006 21:58:13
310932,BIRDFLU.USA.30JUN06,Bird flu (H5N1) to be confirmed in the USA ON/BEFORE 30th June 2006,2,41.2,Mar/31/2006 21:58:13
310932,BIRDFLU.USA.30JUN06,Bird flu (H5N1) to be confirmed in the USA ON/BEFORE 30th June 2006,2,38.6,Apr/01/2006 00:21:32
310932,BIRDFLU.USA.30JUN06,Bird flu (H5N1) to be confirmed in the USA ON/BEFORE 30th June 2006,1,38.6,Apr/01/2006 00:22:16
310932,BIRDFLU.USA.30JUN06,Bird flu (H5N1) to be confirmed in the USA ON/BEFORE 30th June 2006,2,39.0,Apr/01/2006 08:04:23
310932,BIRDFLU.USA.30JUN06,Bird flu (H5N1) to be confirmed in the USA ON/BEFORE 30th June 2006,10,35.6,Apr/01/2006 13:38:48
310932,BIRDFLU.USA.30JUN06,Bird flu (H5N1) to be confirmed in the USA ON/BEFORE 30th June 2006,9,36.1,Apr/01/2006 13:38:48
310932,BIRDFLU.USA.30JUN06,Bird flu (H5N1) to be confirmed in the USA ON/BEFORE 30th June 2006,3,36.3,Apr/01/2006 13:38:48
310932,BIRDFLU.USA.30JUN06,Bird flu (H5N1) to be confirmed in the USA ON/BEFORE 30th June 2006,2,38.2,Apr/01/2006 13:38:48
310932,BIRDFLU.USA.30JUN06,Bird flu (H5N1) to be confirmed in the USA ON/BEFORE 30th June 2006,3,37.1,Apr/01/2006 13:38:48
310932,BIRDFLU.USA.30JUN06,Bird flu (H5N1) to be confirmed in the USA ON/BEFORE 30th June 2006,1,35.0,Apr/01/2006 14:40:24
310932,BIRDFLU.USA.30JUN06,Bird flu (H5N1) to be confirmed in the USA ON/BEFORE 30th June 2006,10,35.0,Apr/01/2006 15:21:11
310932,BIRDFLU.USA.30JUN06,Bird flu (H5N1) to be confirmed in the USA ON/BEFORE 30th June 2006,10,35.0,Apr/01/2006 17:15:19
310932,BIRDFLU.USA.30JUN06,Bird flu (H5N1) to be confirmed in the USA ON/BEFORE 30th June 2006,2,35.5,Apr/01/2006 21:22:25
310932,BIRDFLU.USA.30JUN06,Bird flu (H5N1) to be confirmed in the USA ON/BEFORE 30th June 2006,4,35.5,Apr/01/2006 23:54:09
310932,BIRDFLU.USA.30JUN06,Bird flu (H5N1) to be confirmed in the USA ON/BEFORE 30th June 2006,2,35.1,Apr/02/2006 03:56:38
310932,BIRDFLU.USA.30JUN06,Bird flu (H5N1) to be confirmed in the USA ON/BEFORE 30th June 2006,1,35.0,Apr/02/2006 04:15:33
310932,BIRDFLU.USA.30JUN06,Bird flu (H5N1) to be confirmed in the USA ON/BEFORE 30th June 2006,2,34.7,Apr/02/2006 21:00:53
310932,BIRDFLU.USA.30JUN06,Bird flu (H5N1) to be confirmed in the USA ON/BEFORE 30th June 2006,1,34.7,Apr/02/2006 21:05:32
310932,BIRDFLU.USA.30JUN06,Bird flu (H5N1) to be confirmed in the USA ON/BEFORE 30th June 2006,1,34.6,Apr/02/2006 22:44:46
310932,BIRDFLU.USA.30JUN06,Bird flu (H5N1) to be confirmed in the USA ON/BEFORE 30th June 2006,1,34.0,Apr/03/2006 01:25:35
310932,BIRDFLU.USA.30JUN06,Bird flu (H5N1) to be confirmed in the USA ON/BEFORE 30th June 2006,9,34.6,Apr/03/2006 01:25:35
310932,BIRDFLU.USA.30JUN06,Bird flu (H5N1) to be confirmed in the USA ON/BEFORE 30th June 2006,15,34.0,Apr/03/2006 01:29:46
310932,BIRDFLU.USA.30JUN06,Bird flu (H5N1) to be confirmed in the USA ON/BEFORE 30th June 2006,5,35.0,Apr/03/2006 01:35:45
310932,BIRDFLU.USA.30JUN06,Bird flu (H5N1) to be confirmed in the USA ON/BEFORE 30th June 2006,1,35.0,Apr/03/2006 01:35:45
310932,BIRDFLU.USA.30JUN06,Bird flu (H5N1) to be confirmed in the USA ON/BEFORE 30th June 2006,4,33.8,Apr/03/2006 15:27:18
310932,BIRDFLU.USA.30JUN06,Bird flu (H5N1) to be confirmed in the USA ON/BEFORE 30th June 2006,1,33.8,Apr/03/2006 15:27:18
310932,BIRDFLU.USA.30JUN06,Bird flu (H5N1) to be confirmed in the USA ON/BEFORE 30th June 2006,2,33.7,Apr/03/2006 15:27:51
310932,BIRDFLU.USA.30JUN06,Bird flu (H5N1) to be confirmed in the USA ON/BEFORE 30th June 2006,1,33.5,Apr/03/2006 15:32:06
310932,BIRDFLU.USA.30JUN06,Bird flu (H5N1) to be confirmed in the USA ON/BEFORE 30th June 2006,3,33.6,Apr/03/2006 15:32:06
310932,BIRDFLU.USA.30JUN06,Bird flu (H5N1) to be confirmed in the USA ON/BEFORE 30th June 2006,2,33.1,Apr/03/2006 15:32:06
310932,BIRDFLU.USA.30JUN06,Bird flu (H5N1) to be confirmed in the USA ON/BEFORE 30th June 2006,18,33.7,Apr/03/2006 15:32:06
310932,BIRDFLU.USA.30JUN06,Bird flu (H5N1) to be confirmed in the USA ON/BEFORE 30th June 2006,2,33.7,Apr/03/2006 15:32:06
310932,BIRDFLU.USA.30JUN06,Bird flu (H5N1) to be confirmed in the USA ON/BEFORE 30th June 2006,2,33.2,Apr/03/2006 15:32:06
310932,BIRDFLU.USA.30JUN06,Bird flu (H5N1) to be confirmed in the USA ON/BEFORE 30th June 2006,1,32.0,Apr/03/2006 15:32:50
310932,BIRDFLU.USA.30JUN06,Bird flu (H5N1) to be confirmed in the USA ON/BEFORE 30th June 2006,3,32.4,Apr/03/2006 15:32:50
310932,BIRDFLU.USA.30JUN06,Bird flu (H5N1) to be confirmed in the USA ON/BEFORE 30th June 2006,1,33.0,Apr/03/2006 15:32:50
310932,BIRDFLU.USA.30JUN06,Bird flu (H5N1) to be confirmed in the USA ON/BEFORE 30th June 2006,1,33.1,Apr/03/2006 15:32:50
310932,BIRDFLU.USA.30JUN06,Bird flu (H5N1) to be confirmed in the USA ON/BEFORE 30th June 2006,3,32.6,Apr/03/2006 15:32:50
310932,BIRDFLU.USA.30JUN06,Bird flu (H5N1) to be confirmed in the USA ON/BEFORE 30th June 2006,1,33.0,Apr/03/2006 15:32:50
310932,BIRDFLU.USA.30JUN06,Bird flu (H5N1) to be confirmed in the USA ON/BEFORE 30th June 2006,1,32.0,Apr/03/2006 15:34:16
310932,BIRDFLU.USA.30JUN06,Bird flu (H5N1) to be confirmed in the USA ON/BEFORE 30th June 2006,2,31.1,Apr/03/2006 15:37:36
310932,BIRDFLU.USA.30JUN06,Bird flu (H5N1) to be confirmed in the USA ON/BEFORE 30th June 2006,1,31.0,Apr/03/2006 15:40:12
310932,BIRDFLU.USA.30JUN06,Bird flu (H5N1) to be confirmed in the USA ON/BEFORE 30th June 2006,1,31.1,Apr/03/2006 15:40:12
310932,BIRDFLU.USA.30JUN06,Bird flu (H5N1) to be confirmed in the USA ON/BEFORE 30th June 2006,6,31.0,Apr/03/2006 15:40:12
310932,BIRDFLU.USA.30JUN06,Bird flu (H5N1) to be confirmed in the USA ON/BEFORE 30th June 2006,4,31.0,Apr/03/2006 15:40:41
310932,BIRDFLU.USA.30JUN06,Bird flu (H5N1) to be confirmed in the USA ON/BEFORE 30th June 2006,1,34.9,Apr/03/2006 16:16:44
310932,BIRDFLU.USA.30JUN06,Bird flu (H5N1) to be confirmed in the USA ON/BEFORE 30th June 2006,2,34.6,Apr/03/2006 16:16:44
310932,BIRDFLU.USA.30JUN06,Bird flu (H5N1) to be confirmed in the USA ON/BEFORE 30th June 2006,3,34.7,Apr/03/2006 16:16:44
310932,BIRDFLU.USA.30JUN06,Bird flu (H5N1) to be confirmed in the USA ON/BEFORE 30th June 2006,3,30.4,Apr/03/2006 16:43:32
310932,BIRDFLU.USA.30JUN06,Bird flu (H5N1) to be confirmed in the USA ON/BEFORE 30th June 2006,2,30.5,Apr/03/2006 16:43:32
310932,BIRDFLU.USA.30JUN06,Bird flu (H5N1) to be confirmed in the USA ON/BEFORE 30th June 2006,4,30.6,Apr/03/2006 16:43:32
310932,BIRDFLU.USA.30JUN06,Bird flu (H5N1) to be confirmed in the USA ON/BEFORE 30th June 2006,10,31.0,Apr/03/2006 16:43:32
310932,BIRDFLU.USA.30JUN06,Bird flu (H5N1) to be confirmed in the USA ON/BEFORE 30th June 2006,2,31.2,Apr/03/2006 16:43:32
310932,BIRDFLU.USA.30JUN06,Bird flu (H5N1) to be confirmed in the USA ON/BEFORE 30th June 2006,3,31.0,Apr/03/2006 16:43:32
310932,BIRDFLU.USA.30JUN06,Bird flu (H5N1) to be confirmed in the USA ON/BEFORE 30th June 2006,3,30.2,Apr/03/2006 16:44:01
310932,BIRDFLU.USA.30JUN06,Bird flu (H5N1) to be confirmed in the USA ON/BEFORE 30th June 2006,2,30.3,Apr/03/2006 22:43:24
310932,BIRDFLU.USA.30JUN06,Bird flu (H5N1) to be confirmed in the USA ON/BEFORE 30th June 2006,2,30.2,Apr/03/2006 22:45:10
310932,BIRDFLU.USA.30JUN06,Bird flu (H5N1) to be confirmed in the USA ON/BEFORE 30th June 2006,1,30.3,Apr/03/2006 22:45:10
310932,BIRDFLU.USA.30JUN06,Bird flu (H5N1) to be confirmed in the USA ON/BEFORE 30th June 2006,1,30.1,Apr/03/2006 23:29:13
310932,BIRDFLU.USA.30JUN06,Bird flu (H5N1) to be confirmed in the USA ON/BEFORE 30th June 2006,2,30.1,Apr/03/2006 23:29:13
310932,BIRDFLU.USA.30JUN06,Bird flu (H5N1) to be confirmed in the USA ON/BEFORE 30th June 2006,3,30.0,Apr/03/2006 23:30:16
310932,BIRDFLU.USA.30JUN06,Bird flu (H5N1) to be confirmed in the USA ON/BEFORE 30th June 2006,2,30.0,Apr/03/2006 23:30:16
310932,BIRDFLU.USA.30JUN06,Bird flu (H5N1) to be confirmed in the USA ON/BEFORE 30th June 2006,1,30.2,Apr/04/2006 01:19:18
310932,BIRDFLU.USA.30JUN06,Bird flu (H5N1) to be confirmed in the USA ON/BEFORE 30th June 2006,1,32.6,Apr/04/2006 02:49:37
310932,BIRDFLU.USA.30JUN06,Bird flu (H5N1) to be confirmed in the USA ON/BEFORE 30th June 2006,7,30.0,Apr/04/2006 04:39:21
310932,BIRDFLU.USA.30JUN06,Bird flu (H5N1) to be confirmed in the USA ON/BEFORE 30th June 2006,1,30.2,Apr/04/2006 04:39:21
310932,BIRDFLU.USA.30JUN06,Bird flu (H5N1) to be confirmed in the USA ON/BEFORE 30th June 2006,3,32.4,Apr/04/2006 13:24:50
310932,BIRDFLU.USA.30JUN06,Bird flu (H5N1) to be confirmed in the USA ON/BEFORE 30th June 2006,1,32.4,Apr/04/2006 16:49:06
310932,BIRDFLU.USA.30JUN06,Bird flu (H5N1) to be confirmed in the USA ON/BEFORE 30th June 2006,5,32.3,Apr/04/2006 17:28:41
310932,BIRDFLU.USA.30JUN06,Bird flu (H5N1) to be confirmed in the USA ON/BEFORE 30th June 2006,7,32.0,Apr/04/2006 18:13:23
310932,BIRDFLU.USA.30JUN06,Bird flu (H5N1) to be confirmed in the USA ON/BEFORE 30th June 2006,4,30.1,Apr/04/2006 20:57:02
310932,BIRDFLU.USA.30JUN06,Bird flu (H5N1) to be confirmed in the USA ON/BEFORE 30th June 2006,2,30.1,Apr/04/2006 20:57:02
310932,BIRDFLU.USA.30JUN06,Bird flu (H5N1) to be confirmed in the USA ON/BEFORE 30th June 2006,1,30.0,Apr/04/2006 20:57:09
310932,BIRDFLU.USA.30JUN06,Bird flu (H5N1) to be confirmed in the USA ON/BEFORE 30th June 2006,3,29.9,Apr/04/2006 20:57:26
310932,BIRDFLU.USA.30JUN06,Bird flu (H5N1) to be confirmed in the USA ON/BEFORE 30th June 2006,2,29.9,Apr/04/2006 20:57:26
310932,BIRDFLU.USA.30JUN06,Bird flu (H5N1) to be confirmed in the USA ON/BEFORE 30th June 2006,2,29.8,Apr/04/2006 20:57:37
310932,BIRDFLU.USA.30JUN06,Bird flu (H5N1) to be confirmed in the USA ON/BEFORE 30th June 2006,1,29.8,Apr/04/2006 20:58:00
310932,BIRDFLU.USA.30JUN06,Bird flu (H5N1) to be confirmed in the USA ON/BEFORE 30th June 2006,2,29.7,Apr/04/2006 20:58:11
310932,BIRDFLU.USA.30JUN06,Bird flu (H5N1) to be confirmed in the USA ON/BEFORE 30th June 2006,3,29.5,Apr/04/2006 20:58:33
310932,BIRDFLU.USA.30JUN06,Bird flu (H5N1) to be confirmed in the USA ON/BEFORE 30th June 2006,3,29.4,Apr/04/2006 21:00:06
310932,BIRDFLU.USA.30JUN06,Bird flu (H5N1) to be confirmed in the USA ON/BEFORE 30th June 2006,3,29.1,Apr/04/2006 21:00:26
310932,BIRDFLU.USA.30JUN06,Bird flu (H5N1) to be confirmed in the USA ON/BEFORE 30th June 2006,5,29.1,Apr/04/2006 21:00:26
310932,BIRDFLU.USA.30JUN06,Bird flu (H5N1) to be confirmed in the USA ON/BEFORE 30th June 2006,4,28.8,Apr/04/2006 21:02:03
310932,BIRDFLU.USA.30JUN06,Bird flu (H5N1) to be confirmed in the USA ON/BEFORE 30th June 2006,5,28.6,Apr/04/2006 21:02:42
310932,BIRDFLU.USA.30JUN06,Bird flu (H5N1) to be confirmed in the USA ON/BEFORE 30th June 2006,10,28.3,Apr/04/2006 21:05:31
310932,BIRDFLU.USA.30JUN06,Bird flu (H5N1) to be confirmed in the USA ON/BEFORE 30th June 2006,4,28.2,Apr/04/2006 21:06:06
310932,BIRDFLU.USA.30JUN06,Bird flu (H5N1) to be confirmed in the USA ON/BEFORE 30th June 2006,10,28.0,Apr/04/2006 21:06:14
310932,BIRDFLU.USA.30JUN06,Bird flu (H5N1) to be confirmed in the USA ON/BEFORE 30th June 2006,5,27.5,Apr/05/2006 02:37:27
310932,BIRDFLU.USA.30JUN06,Bird flu (H5N1) to be confirmed in the USA ON/BEFORE 30th June 2006,1,27.5,Apr/05/2006 02:37:27
310932,BIRDFLU.USA.30JUN06,Bird flu (H5N1) to be confirmed in the USA ON/BEFORE 30th June 2006,1,29.4,Apr/05/2006 03:51:47
310932,BIRDFLU.USA.30JUN06,Bird flu (H5N1) to be confirmed in the USA ON/BEFORE 30th June 2006,4,26.2,Apr/05/2006 05:23:18
310932,BIRDFLU.USA.30JUN06,Bird flu (H5N1) to be confirmed in the USA ON/BEFORE 30th June 2006,3,26.5,Apr/05/2006 05:23:18
310932,BIRDFLU.USA.30JUN06,Bird flu (H5N1) to be confirmed in the USA ON/BEFORE 30th June 2006,2,26.7,Apr/05/2006 05:23:18
310932,BIRDFLU.USA.30JUN06,Bird flu (H5N1) to be confirmed in the USA ON/BEFORE 30th June 2006,1,26.8,Apr/05/2006 05:23:18
310932,BIRDFLU.USA.30JUN06,Bird flu (H5N1) to be confirmed in the USA ON/BEFORE 30th June 2006,1,26.9,Apr/05/2006 05:23:18
310932,BIRDFLU.USA.30JUN06,Bird flu (H5N1) to be confirmed in the USA ON/BEFORE 30th June 2006,3,27.0,Apr/05/2006 05:23:18
310932,BIRDFLU.USA.30JUN06,Bird flu (H5N1) to be confirmed in the USA ON/BEFORE 30th June 2006,1,27.0,Apr/05/2006 05:23:18
310932,BIRDFLU.USA.30JUN06,Bird flu (H5N1) to be confirmed in the USA ON/BEFORE 30th June 2006,1,26.0,Apr/05/2006 05:23:18
310932,BIRDFLU.USA.30JUN06,Bird flu (H5N1) to be confirmed in the USA ON/BEFORE 30th June 2006,1,28.0,Apr/05/2006 05:23:18
310932,BIRDFLU.USA.30JUN06,Bird flu (H5N1) to be confirmed in the USA ON/BEFORE 30th June 2006,3,29.9,Apr/05/2006 16:19:36
310932,BIRDFLU.USA.30JUN06,Bird flu (H5N1) to be confirmed in the USA ON/BEFORE 30th June 2006,2,29.7,Apr/05/2006 16:19:36
310932,BIRDFLU.USA.30JUN06,Bird flu (H5N1) to be confirmed in the USA ON/BEFORE 30th June 2006,20,29.7,Apr/05/2006 16:19:36
310932,BIRDFLU.USA.30JUN06,Bird flu (H5N1) to be confirmed in the USA ON/BEFORE 30th June 2006,2,29.5,Apr/05/2006 16:19:36
310932,BIRDFLU.USA.30JUN06,Bird flu (H5N1) to be confirmed in the USA ON/BEFORE 30th June 2006,3,29.6,Apr/05/2006 16:19:36
310932,BIRDFLU.USA.30JUN06,Bird flu (H5N1) to be confirmed in the USA ON/BEFORE 30th June 2006,2,29.4,Apr/05/2006 16:19:36
310932,BIRDFLU.USA.30JUN06,Bird flu (H5N1) to be confirmed in the USA ON/BEFORE 30th June 2006,3,29.4,Apr/05/2006 16:19:36
310932,BIRDFLU.USA.30JUN06,Bird flu (H5N1) to be confirmed in the USA ON/BEFORE 30th June 2006,2,30.1,Apr/05/2006 16:39:51
310932,BIRDFLU.USA.30JUN06,Bird flu (H5N1) to be confirmed in the USA ON/BEFORE 30th June 2006,2,30.1,Apr/05/2006 16:39:51
310932,BIRDFLU.USA.30JUN06,Bird flu (H5N1) to be confirmed in the USA ON/BEFORE 30th June 2006,3,30.7,Apr/05/2006 16:39:51
310932,BIRDFLU.USA.30JUN06,Bird flu (H5N1) to be confirmed in the USA ON/BEFORE 30th June 2006,3,30.6,Apr/05/2006 16:39:51
310932,BIRDFLU.USA.30JUN06,Bird flu (H5N1) to be confirmed in the USA ON/BEFORE 30th June 2006,3,30.2,Apr/05/2006 16:39:51
310932,BIRDFLU.USA.30JUN06,Bird flu (H5N1) to be confirmed in the USA ON/BEFORE 30th June 2006,2,30.7,Apr/05/2006 16:39:51
310932,BIRDFLU.USA.30JUN06,Bird flu (H5N1) to be confirmed in the USA ON/BEFORE 30th June 2006,1,31.6,Apr/05/2006 16:51:59
310932,BIRDFLU.USA.30JUN06,Bird flu (H5N1) to be confirmed in the USA ON/BEFORE 30th June 2006,10,31.5,Apr/05/2006 16:51:59
310932,BIRDFLU.USA.30JUN06,Bird flu (H5N1) to be confirmed in the USA ON/BEFORE 30th June 2006,4,31.3,Apr/05/2006 16:51:59
310932,BIRDFLU.USA.30JUN06,Bird flu (H5N1) to be confirmed in the USA ON/BEFORE 30th June 2006,2,30.0,Apr/05/2006 19:04:47
310932,BIRDFLU.USA.30JUN06,Bird flu (H5N1) to be confirmed in the USA ON/BEFORE 30th June 2006,4,30.1,Apr/05/2006 19:04:47
310932,BIRDFLU.USA.30JUN06,Bird flu (H5N1) to be confirmed in the USA ON/BEFORE 30th June 2006,2,30.1,Apr/05/2006 19:04:47
310932,BIRDFLU.USA.30JUN06,Bird flu (H5N1) to be confirmed in the USA ON/BEFORE 30th June 2006,8,30.0,Apr/05/2006 20:22:47
310932,BIRDFLU.USA.30JUN06,Bird flu (H5N1) to be confirmed in the USA ON/BEFORE 30th June 2006,2,30.0,Apr/05/2006 20:22:47
310932,BIRDFLU.USA.30JUN06,Bird flu (H5N1) to be confirmed in the USA ON/BEFORE 30th June 2006,3,33.4,Apr/05/2006 23:13:04
310932,BIRDFLU.USA.30JUN06,Bird flu (H5N1) to be confirmed in the USA ON/BEFORE 30th June 2006,3,32.9,Apr/05/2006 23:13:04
310932,BIRDFLU.USA.30JUN06,Bird flu (H5N1) to be confirmed in the USA ON/BEFORE 30th June 2006,2,32.7,Apr/05/2006 23:13:04
310932,BIRDFLU.USA.30JUN06,Bird flu (H5N1) to be confirmed in the USA ON/BEFORE 30th June 2006,2,32.6,Apr/05/2006 23:13:04
310932,BIRDFLU.USA.30JUN06,Bird flu (H5N1) to be confirmed in the USA ON/BEFORE 30th June 2006,3,31.6,Apr/05/2006 23:13:04
310932,BIRDFLU.USA.30JUN06,Bird flu (H5N1) to be confirmed in the USA ON/BEFORE 30th June 2006,2,32.6,Apr/05/2006 23:13:04
310932,BIRDFLU.USA.30JUN06,Bird flu (H5N1) to be confirmed in the USA ON/BEFORE 30th June 2006,2,33.2,Apr/05/2006 23:13:04
310932,BIRDFLU.USA.30JUN06,Bird flu (H5N1) to be confirmed in the USA ON/BEFORE 30th June 2006,3,33.9,Apr/05/2006 23:16:23
310932,BIRDFLU.USA.30JUN06,Bird flu (H5N1) to be confirmed in the USA ON/BEFORE 30th June 2006,2,30.0,Apr/06/2006 01:35:42
310932,BIRDFLU.USA.30JUN06,Bird flu (H5N1) to be confirmed in the USA ON/BEFORE 30th June 2006,8,29.2,Apr/06/2006 01:35:42
310932,BIRDFLU.USA.30JUN06,Bird flu (H5N1) to be confirmed in the USA ON/BEFORE 30th June 2006,4,29.9,Apr/06/2006 03:00:50
310932,BIRDFLU.USA.30JUN06,Bird flu (H5N1) to be confirmed in the USA ON/BEFORE 30th June 2006,8,29.5,Apr/06/2006 03:00:50
310932,BIRDFLU.USA.30JUN06,Bird flu (H5N1) to be confirmed in the USA ON/BEFORE 30th June 2006,2,33.2,Apr/06/2006 05:03:59
310932,BIRDFLU.USA.30JUN06,Bird flu (H5N1) to be confirmed in the USA ON/BEFORE 30th June 2006,1,31.5,Apr/06/2006 08:33:01
310932,BIRDFLU.USA.30JUN06,Bird flu (H5N1) to be confirmed in the USA ON/BEFORE 30th June 2006,2,30.2,Apr/06/2006 13:18:30
310932,BIRDFLU.USA.30JUN06,Bird flu (H5N1) to be confirmed in the USA ON/BEFORE 30th June 2006,3,30.0,Apr/06/2006 13:18:30
310932,BIRDFLU.USA.30JUN06,Bird flu (H5N1) to be confirmed in the USA ON/BEFORE 30th June 2006,2,29.5,Apr/06/2006 16:30:25
310932,BIRDFLU.USA.30JUN06,Bird flu (H5N1) to be confirmed in the USA ON/BEFORE 30th June 2006,3,32.3,Apr/06/2006 16:48:37
310932,BIRDFLU.USA.30JUN06,Bird flu (H5N1) to be confirmed in the USA ON/BEFORE 30th June 2006,1,32.5,Apr/06/2006 16:48:59
310932,BIRDFLU.USA.30JUN06,Bird flu (H5N1) to be confirmed in the USA ON/BEFORE 30th June 2006,1,32.5,Apr/06/2006 16:48:59
310932,BIRDFLU.USA.30JUN06,Bird flu (H5N1) to be confirmed in the USA ON/BEFORE 30th June 2006,4,33.2,Apr/06/2006 16:49:22
310932,BIRDFLU.USA.30JUN06,Bird flu (H5N1) to be confirmed in the USA ON/BEFORE 30th June 2006,10,33.5,Apr/06/2006 16:50:00
310932,BIRDFLU.USA.30JUN06,Bird flu (H5N1) to be confirmed in the USA ON/BEFORE 30th June 2006,6,33.5,Apr/06/2006 18:46:57
310932,BIRDFLU.USA.30JUN06,Bird flu (H5N1) to be confirmed in the USA ON/BEFORE 30th June 2006,4,34.6,Apr/06/2006 20:32:16
310932,BIRDFLU.USA.30JUN06,Bird flu (H5N1) to be confirmed in the USA ON/BEFORE 30th June 2006,4,35.2,Apr/06/2006 20:32:16
310932,BIRDFLU.USA.30JUN06,Bird flu (H5N1) to be confirmed in the USA ON/BEFORE 30th June 2006,1,34.0,Apr/06/2006 20:32:16
310932,BIRDFLU.USA.30JUN06,Bird flu (H5N1) to be confirmed in the USA ON/BEFORE 30th June 2006,1,34.0,Apr/06/2006 20:32:16
310932,BIRDFLU.USA.30JUN06,Bird flu (H5N1) to be confirmed in the USA ON/BEFORE 30th June 2006,3,33.8,Apr/06/2006 20:32:16
310932,BIRDFLU.USA.30JUN06,Bird flu (H5N1) to be confirmed in the USA ON/BEFORE 30th June 2006,2,33.6,Apr/06/2006 20:32:16
310932,BIRDFLU.USA.30JUN06,Bird flu (H5N1) to be confirmed in the USA ON/BEFORE 30th June 2006,4,33.5,Apr/06/2006 20:32:16
310932,BIRDFLU.USA.30JUN06,Bird flu (H5N1) to be confirmed in the USA ON/BEFORE 30th June 2006,3,33.4,Apr/06/2006 20:32:16
310932,BIRDFLU.USA.30JUN06,Bird flu (H5N1) to be confirmed in the USA ON/BEFORE 30th June 2006,1,35.0,Apr/06/2006 21:31:42
310932,BIRDFLU.USA.30JUN06,Bird flu (H5N1) to be confirmed in the USA ON/BEFORE 30th June 2006,7,33.2,Apr/06/2006 22:42:18
310932,BIRDFLU.USA.30JUN06,Bird flu (H5N1) to be confirmed in the USA ON/BEFORE 30th June 2006,2,30.0,Apr/06/2006 23:16:38
310932,BIRDFLU.USA.30JUN06,Bird flu (H5N1) to be confirmed in the USA ON/BEFORE 30th June 2006,3,30.2,Apr/06/2006 23:16:38
310932,BIRDFLU.USA.30JUN06,Bird flu (H5N1) to be confirmed in the USA ON/BEFORE 30th June 2006,3,29.0,Apr/06/2006 23:23:27
310932,BIRDFLU.USA.30JUN06,Bird flu (H5N1) to be confirmed in the USA ON/BEFORE 30th June 2006,2,29.2,Apr/06/2006 23:23:27
310932,BIRDFLU.USA.30JUN06,Bird flu (H5N1) to be confirmed in the USA ON/BEFORE 30th June 2006,2,29.6,Apr/06/2006 23:23:27
310932,BIRDFLU.USA.30JUN06,Bird flu (H5N1) to be confirmed in the USA ON/BEFORE 30th June 2006,3,28.5,Apr/06/2006 23:23:51
310932,BIRDFLU.USA.30JUN06,Bird flu (H5N1) to be confirmed in the USA ON/BEFORE 30th June 2006,2,28.2,Apr/06/2006 23:24:03
310932,BIRDFLU.USA.30JUN06,Bird flu (H5N1) to be confirmed in the USA ON/BEFORE 30th June 2006,3,28.0,Apr/06/2006 23:24:13
310932,BIRDFLU.USA.30JUN06,Bird flu (H5N1) to be confirmed in the USA ON/BEFORE 30th June 2006,18,30.0,Apr/07/2006 01:54:34
310932,BIRDFLU.USA.30JUN06,Bird flu (H5N1) to be confirmed in the USA ON/BEFORE 30th June 2006,2,30.0,Apr/07/2006 02:07:25
310932,BIRDFLU.USA.30JUN06,Bird flu (H5N1) to be confirmed in the USA ON/BEFORE 30th June 2006,3,32.9,Apr/07/2006 02:07:25
310932,BIRDFLU.USA.30JUN06,Bird flu (H5N1) to be confirmed in the USA ON/BEFORE 30th June 2006,1,32.9,Apr/07/2006 02:51:54
310932,BIRDFLU.USA.30JUN06,Bird flu (H5N1) to be confirmed in the USA ON/BEFORE 30th June 2006,2,33.0,Apr/07/2006 02:51:54
310932,BIRDFLU.USA.30JUN06,Bird flu (H5N1) to be confirmed in the USA ON/BEFORE 30th June 2006,2,33.1,Apr/07/2006 02:51:54
310932,BIRDFLU.USA.30JUN06,Bird flu (H5N1) to be confirmed in the USA ON/BEFORE 30th June 2006,3,29.0,Apr/07/2006 03:33:35
310932,BIRDFLU.USA.30JUN06,Bird flu (H5N1) to be confirmed in the USA ON/BEFORE 30th June 2006,2,28.6,Apr/07/2006 03:33:58
310932,BIRDFLU.USA.30JUN06,Bird flu (H5N1) to be confirmed in the USA ON/BEFORE 30th June 2006,3,28.3,Apr/07/2006 03:34:09
310932,BIRDFLU.USA.30JUN06,Bird flu (H5N1) to be confirmed in the USA ON/BEFORE 30th June 2006,2,28.1,Apr/07/2006 03:34:22
310932,BIRDFLU.USA.30JUN06,Bird flu (H5N1) to be confirmed in the USA ON/BEFORE 30th June 2006,1,28.0,Apr/07/2006 03:34:32
310932,BIRDFLU.USA.30JUN06,Bird flu (H5N1) to be confirmed in the USA ON/BEFORE 30th June 2006,2,27.5,Apr/07/2006 03:34:49
310932,BIRDFLU.USA.30JUN06,Bird flu (H5N1) to be confirmed in the USA ON/BEFORE 30th June 2006,20,29.0,Apr/07/2006 03:35:43
310932,BIRDFLU.USA.30JUN06,Bird flu (H5N1) to be confirmed in the USA ON/BEFORE 30th June 2006,68,33.2,Apr/07/2006 10:13:48
310932,BIRDFLU.USA.30JUN06,Bird flu (H5N1) to be confirmed in the USA ON/BEFORE 30th June 2006,1,33.1,Apr/07/2006 10:13:48
310932,BIRDFLU.USA.30JUN06,Bird flu (H5N1) to be confirmed in the USA ON/BEFORE 30th June 2006,20,29.0,Apr/07/2006 10:13:48
310932,BIRDFLU.USA.30JUN06,Bird flu (H5N1) to be confirmed in the USA ON/BEFORE 30th June 2006,24,33.2,Apr/07/2006 10:13:48
310932,BIRDFLU.USA.30JUN06,Bird flu (H5N1) to be confirmed in the USA ON/BEFORE 30th June 2006,2,28.4,Apr/07/2006 23:43:33
310932,BIRDFLU.USA.30JUN06,Bird flu (H5N1) to be confirmed in the USA ON/BEFORE 30th June 2006,2,28.9,Apr/08/2006 00:58:51
310932,BIRDFLU.USA.30JUN06,Bird flu (H5N1) to be confirmed in the USA ON/BEFORE 30th June 2006,3,27.3,Apr/08/2006 21:03:24
310932,BIRDFLU.USA.30JUN06,Bird flu (H5N1) to be confirmed in the USA ON/BEFORE 30th June 2006,2,27.0,Apr/08/2006 21:03:33
310932,BIRDFLU.USA.30JUN06,Bird flu (H5N1) to be confirmed in the USA ON/BEFORE 30th June 2006,2,26.6,Apr/08/2006 21:07:33
310932,BIRDFLU.USA.30JUN06,Bird flu (H5N1) to be confirmed in the USA ON/BEFORE 30th June 2006,3,26.1,Apr/08/2006 21:07:44
310932,BIRDFLU.USA.30JUN06,Bird flu (H5N1) to be confirmed in the USA ON/BEFORE 30th June 2006,4,25.7,Apr/08/2006 21:07:56
310932,BIRDFLU.USA.30JUN06,Bird flu (H5N1) to be confirmed in the USA ON/BEFORE 30th June 2006,4,25.2,Apr/08/2006 21:08:11
310932,BIRDFLU.USA.30JUN06,Bird flu (H5N1) to be confirmed in the USA ON/BEFORE 30th June 2006,10,25.0,Apr/08/2006 21:08:25
310932,BIRDFLU.USA.30JUN06,Bird flu (H5N1) to be confirmed in the USA ON/BEFORE 30th June 2006,1,25.0,Apr/08/2006 21:08:25
310932,BIRDFLU.USA.30JUN06,Bird flu (H5N1) to be confirmed in the USA ON/BEFORE 30th June 2006,10,25.0,Apr/08/2006 21:08:25
310932,BIRDFLU.USA.30JUN06,Bird flu (H5N1) to be confirmed in the USA ON/BEFORE 30th June 2006,3,24.4,Apr/08/2006 23:16:44
310932,BIRDFLU.USA.30JUN06,Bird flu (H5N1) to be confirmed in the USA ON/BEFORE 30th June 2006,2,24.3,Apr/08/2006 23:16:52
310932,BIRDFLU.USA.30JUN06,Bird flu (H5N1) to be confirmed in the USA ON/BEFORE 30th June 2006,3,24.1,Apr/08/2006 23:17:01
310932,BIRDFLU.USA.30JUN06,Bird flu (H5N1) to be confirmed in the USA ON/BEFORE 30th June 2006,1,24.0,Apr/08/2006 23:17:11
310932,BIRDFLU.USA.30JUN06,Bird flu (H5N1) to be confirmed in the USA ON/BEFORE 30th June 2006,5,26.0,Apr/09/2006 00:47:57
310932,BIRDFLU.USA.30JUN06,Bird flu (H5N1) to be confirmed in the USA ON/BEFORE 30th June 2006,1,26.7,Apr/09/2006 00:53:20
310932,BIRDFLU.USA.30JUN06,Bird flu (H5N1) to be confirmed in the USA ON/BEFORE 30th June 2006,5,26.0,Apr/09/2006 02:34:26
310932,BIRDFLU.USA.30JUN06,Bird flu (H5N1) to be confirmed in the USA ON/BEFORE 30th June 2006,3,25.8,Apr/09/2006 02:34:26
310932,BIRDFLU.USA.30JUN06,Bird flu (H5N1) to be confirmed in the USA ON/BEFORE 30th June 2006,2,26.9,Apr/09/2006 02:34:29
310932,BIRDFLU.USA.30JUN06,Bird flu (H5N1) to be confirmed in the USA ON/BEFORE 30th June 2006,2,26.7,Apr/09/2006 02:34:29
310932,BIRDFLU.USA.30JUN06,Bird flu (H5N1) to be confirmed in the USA ON/BEFORE 30th June 2006,3,27.8,Apr/09/2006 02:34:29
310932,BIRDFLU.USA.30JUN06,Bird flu (H5N1) to be confirmed in the USA ON/BEFORE 30th June 2006,22,28.5,Apr/09/2006 02:35:42
310932,BIRDFLU.USA.30JUN06,Bird flu (H5N1) to be confirmed in the USA ON/BEFORE 30th June 2006,3,28.3,Apr/09/2006 02:35:42
310932,BIRDFLU.USA.30JUN06,Bird flu (H5N1) to be confirmed in the USA ON/BEFORE 30th June 2006,3,24.1,Apr/09/2006 23:43:40
310932,BIRDFLU.USA.30JUN06,Bird flu (H5N1) to be confirmed in the USA ON/BEFORE 30th June 2006,23,24.0,Apr/09/2006 23:44:02
310932,BIRDFLU.USA.30JUN06,Bird flu (H5N1) to be confirmed in the USA ON/BEFORE 30th June 2006,3,26.0,Apr/09/2006 23:55:06
310932,BIRDFLU.USA.30JUN06,Bird flu (H5N1) to be confirmed in the USA ON/BEFORE 30th June 2006,3,26.2,Apr/09/2006 23:55:20
310932,BIRDFLU.USA.30JUN06,Bird flu (H5N1) to be confirmed in the USA ON/BEFORE 30th June 2006,2,26.8,Apr/10/2006 13:19:20
310932,BIRDFLU.USA.30JUN06,Bird flu (H5N1) to be confirmed in the USA ON/BEFORE 30th June 2006,4,26.0,Apr/11/2006 15:07:35
310932,BIRDFLU.USA.30JUN06,Bird flu (H5N1) to be confirmed in the USA ON/BEFORE 30th June 2006,1,26.0,Apr/11/2006 15:23:21
310932,BIRDFLU.USA.30JUN06,Bird flu (H5N1) to be confirmed in the USA ON/BEFORE 30th June 2006,5,26.0,Apr/11/2006 15:24:53
310932,BIRDFLU.USA.30JUN06,Bird flu (H5N1) to be confirmed in the USA ON/BEFORE 30th June 2006,2,26.0,Apr/11/2006 17:46:18
310932,BIRDFLU.USA.30JUN06,Bird flu (H5N1) to be confirmed in the USA ON/BEFORE 30th June 2006,4,26.0,Apr/11/2006 18:59:53
310932,BIRDFLU.USA.30JUN06,Bird flu (H5N1) to be confirmed in the USA ON/BEFORE 30th June 2006,1,24.4,Apr/12/2006 18:33:41
310932,BIRDFLU.USA.30JUN06,Bird flu (H5N1) to be confirmed in the USA ON/BEFORE 30th June 2006,1,24.4,Apr/12/2006 18:34:18
310932,BIRDFLU.USA.30JUN06,Bird flu (H5N1) to be confirmed in the USA ON/BEFORE 30th June 2006,4,24.3,Apr/12/2006 18:34:44
310932,BIRDFLU.USA.30JUN06,Bird flu (H5N1) to be confirmed in the USA ON/BEFORE 30th June 2006,2,24.2,Apr/12/2006 18:35:10
