market id,market symbol,market name,trade quantity,trade price,date/time [utc]
639644,SENATE.NEITHER.2010,Neither Party to control the Senate after 2010 Congressional Elections,1,4.9,Jan/16/2010 01:32:14
639644,SENATE.NEITHER.2010,Neither Party to control the Senate after 2010 Congressional Elections,20,5.0,Jan/21/2010 14:27:43
639644,SENATE.NEITHER.2010,Neither Party to control the Senate after 2010 Congressional Elections,4,4.9,Jan/21/2010 14:27:43
639644,SENATE.NEITHER.2010,Neither Party to control the Senate after 2010 Congressional Elections,11,11.0,Jan/23/2010 07:41:42
639644,SENATE.NEITHER.2010,Neither Party to control the Senate after 2010 Congressional Elections,22,13.3,Jan/23/2010 07:41:42
639644,SENATE.NEITHER.2010,Neither Party to control the Senate after 2010 Congressional Elections,20,13.0,Jan/23/2010 13:42:18
639644,SENATE.NEITHER.2010,Neither Party to control the Senate after 2010 Congressional Elections,20,5.0,Jan/26/2010 02:13:39
639644,SENATE.NEITHER.2010,Neither Party to control the Senate after 2010 Congressional Elections,10,9.0,Jan/26/2010 11:04:29
639644,SENATE.NEITHER.2010,Neither Party to control the Senate after 2010 Congressional Elections,4,6.0,Jan/26/2010 22:12:42
639644,SENATE.NEITHER.2010,Neither Party to control the Senate after 2010 Congressional Elections,1,6.0,Jan/26/2010 22:14:07
639644,SENATE.NEITHER.2010,Neither Party to control the Senate after 2010 Congressional Elections,6,6.0,Jan/27/2010 09:01:19
639644,SENATE.NEITHER.2010,Neither Party to control the Senate after 2010 Congressional Elections,4,6.0,Feb/09/2010 04:39:20
639644,SENATE.NEITHER.2010,Neither Party to control the Senate after 2010 Congressional Elections,1,6.1,Feb/09/2010 04:39:20
639644,SENATE.NEITHER.2010,Neither Party to control the Senate after 2010 Congressional Elections,5,6.0,Feb/09/2010 04:40:55
639644,SENATE.NEITHER.2010,Neither Party to control the Senate after 2010 Congressional Elections,1,6.0,Feb/09/2010 04:41:21
639644,SENATE.NEITHER.2010,Neither Party to control the Senate after 2010 Congressional Elections,9,15.0,Feb/15/2010 15:49:23
639644,SENATE.NEITHER.2010,Neither Party to control the Senate after 2010 Congressional Elections,1,14.0,Feb/15/2010 15:49:23
639644,SENATE.NEITHER.2010,Neither Party to control the Senate after 2010 Congressional Elections,1,14.0,Feb/15/2010 15:49:23
639644,SENATE.NEITHER.2010,Neither Party to control the Senate after 2010 Congressional Elections,1,14.0,Feb/15/2010 15:49:23
639644,SENATE.NEITHER.2010,Neither Party to control the Senate after 2010 Congressional Elections,1,14.0,Feb/15/2010 15:49:23
639644,SENATE.NEITHER.2010,Neither Party to control the Senate after 2010 Congressional Elections,1,14.0,Feb/15/2010 15:49:23
639644,SENATE.NEITHER.2010,Neither Party to control the Senate after 2010 Congressional Elections,1,14.0,Feb/15/2010 15:49:23
639644,SENATE.NEITHER.2010,Neither Party to control the Senate after 2010 Congressional Elections,1,14.0,Feb/15/2010 15:49:23
639644,SENATE.NEITHER.2010,Neither Party to control the Senate after 2010 Congressional Elections,1,14.0,Feb/15/2010 15:49:23
639644,SENATE.NEITHER.2010,Neither Party to control the Senate after 2010 Congressional Elections,1,14.0,Feb/15/2010 15:49:23
639644,SENATE.NEITHER.2010,Neither Party to control the Senate after 2010 Congressional Elections,1,14.0,Feb/15/2010 15:49:23
639644,SENATE.NEITHER.2010,Neither Party to control the Senate after 2010 Congressional Elections,1,14.0,Feb/15/2010 15:49:23
639644,SENATE.NEITHER.2010,Neither Party to control the Senate after 2010 Congressional Elections,1,14.9,Feb/15/2010 18:32:35
639644,SENATE.NEITHER.2010,Neither Party to control the Senate after 2010 Congressional Elections,1,10.5,Feb/16/2010 22:39:38
639644,SENATE.NEITHER.2010,Neither Party to control the Senate after 2010 Congressional Elections,5,10.2,Feb/16/2010 22:39:38
639644,SENATE.NEITHER.2010,Neither Party to control the Senate after 2010 Congressional Elections,51,10.0,Feb/17/2010 17:40:44
639644,SENATE.NEITHER.2010,Neither Party to control the Senate after 2010 Congressional Elections,15,12.5,Feb/25/2010 09:54:27
639644,SENATE.NEITHER.2010,Neither Party to control the Senate after 2010 Congressional Elections,1,14.4,Feb/26/2010 12:55:46
639644,SENATE.NEITHER.2010,Neither Party to control the Senate after 2010 Congressional Elections,1,14.9,Feb/27/2010 21:58:17
639644,SENATE.NEITHER.2010,Neither Party to control the Senate after 2010 Congressional Elections,20,14.7,Feb/27/2010 21:58:17
639644,SENATE.NEITHER.2010,Neither Party to control the Senate after 2010 Congressional Elections,1,14.5,Feb/27/2010 21:58:17
639644,SENATE.NEITHER.2010,Neither Party to control the Senate after 2010 Congressional Elections,20,15.0,Feb/27/2010 21:58:33
639644,SENATE.NEITHER.2010,Neither Party to control the Senate after 2010 Congressional Elections,9,17.0,Mar/12/2010 22:51:01
639644,SENATE.NEITHER.2010,Neither Party to control the Senate after 2010 Congressional Elections,1,13.5,Mar/21/2010 12:20:48
639644,SENATE.NEITHER.2010,Neither Party to control the Senate after 2010 Congressional Elections,1,13.0,Mar/21/2010 12:21:44
639644,SENATE.NEITHER.2010,Neither Party to control the Senate after 2010 Congressional Elections,1,12.0,Mar/21/2010 12:22:52
639644,SENATE.NEITHER.2010,Neither Party to control the Senate after 2010 Congressional Elections,9,11.5,Mar/25/2010 04:23:25
639644,SENATE.NEITHER.2010,Neither Party to control the Senate after 2010 Congressional Elections,10,12.1,Mar/25/2010 04:23:25
639644,SENATE.NEITHER.2010,Neither Party to control the Senate after 2010 Congressional Elections,1,12.2,Mar/25/2010 04:23:25
639644,SENATE.NEITHER.2010,Neither Party to control the Senate after 2010 Congressional Elections,6,11.5,Mar/25/2010 04:50:39
639644,SENATE.NEITHER.2010,Neither Party to control the Senate after 2010 Congressional Elections,1,11.5,Mar/25/2010 04:50:39
639644,SENATE.NEITHER.2010,Neither Party to control the Senate after 2010 Congressional Elections,1,10.3,Mar/25/2010 20:08:31
639644,SENATE.NEITHER.2010,Neither Party to control the Senate after 2010 Congressional Elections,1,10.2,Mar/25/2010 20:09:41
639644,SENATE.NEITHER.2010,Neither Party to control the Senate after 2010 Congressional Elections,1,10.1,Mar/25/2010 20:10:33
639644,SENATE.NEITHER.2010,Neither Party to control the Senate after 2010 Congressional Elections,1,10.0,Mar/25/2010 20:11:41
639644,SENATE.NEITHER.2010,Neither Party to control the Senate after 2010 Congressional Elections,40,7.5,Mar/27/2010 10:43:31
639644,SENATE.NEITHER.2010,Neither Party to control the Senate after 2010 Congressional Elections,10,9.0,Mar/27/2010 10:43:31
639644,SENATE.NEITHER.2010,Neither Party to control the Senate after 2010 Congressional Elections,5,7.5,Mar/27/2010 12:07:38
639644,SENATE.NEITHER.2010,Neither Party to control the Senate after 2010 Congressional Elections,45,7.5,Mar/27/2010 12:24:53
639644,SENATE.NEITHER.2010,Neither Party to control the Senate after 2010 Congressional Elections,1,7.6,Mar/27/2010 18:39:15
639644,SENATE.NEITHER.2010,Neither Party to control the Senate after 2010 Congressional Elections,9,8.0,Mar/29/2010 05:15:31
639644,SENATE.NEITHER.2010,Neither Party to control the Senate after 2010 Congressional Elections,1,7.9,Mar/29/2010 05:15:31
639644,SENATE.NEITHER.2010,Neither Party to control the Senate after 2010 Congressional Elections,1,7.7,Mar/30/2010 03:27:44
639644,SENATE.NEITHER.2010,Neither Party to control the Senate after 2010 Congressional Elections,1,7.7,Mar/30/2010 03:28:24
639644,SENATE.NEITHER.2010,Neither Party to control the Senate after 2010 Congressional Elections,1,7.7,Mar/30/2010 03:28:24
639644,SENATE.NEITHER.2010,Neither Party to control the Senate after 2010 Congressional Elections,7,7.6,Mar/30/2010 03:29:43
639644,SENATE.NEITHER.2010,Neither Party to control the Senate after 2010 Congressional Elections,1,8.0,Mar/30/2010 20:09:13
639644,SENATE.NEITHER.2010,Neither Party to control the Senate after 2010 Congressional Elections,2,7.6,Mar/31/2010 20:12:29
639644,SENATE.NEITHER.2010,Neither Party to control the Senate after 2010 Congressional Elections,28,7.6,Mar/31/2010 20:12:29
639644,SENATE.NEITHER.2010,Neither Party to control the Senate after 2010 Congressional Elections,2,7.7,Apr/01/2010 06:27:55
639644,SENATE.NEITHER.2010,Neither Party to control the Senate after 2010 Congressional Elections,3,8.0,Apr/06/2010 19:31:31
639644,SENATE.NEITHER.2010,Neither Party to control the Senate after 2010 Congressional Elections,1,10.0,Apr/08/2010 12:56:44
639644,SENATE.NEITHER.2010,Neither Party to control the Senate after 2010 Congressional Elections,20,10.0,Apr/08/2010 12:56:44
639644,SENATE.NEITHER.2010,Neither Party to control the Senate after 2010 Congressional Elections,1,9.8,Apr/08/2010 12:56:44
639644,SENATE.NEITHER.2010,Neither Party to control the Senate after 2010 Congressional Elections,1,9.7,Apr/08/2010 12:56:44
639644,SENATE.NEITHER.2010,Neither Party to control the Senate after 2010 Congressional Elections,10,9.9,Apr/08/2010 12:56:44
639644,SENATE.NEITHER.2010,Neither Party to control the Senate after 2010 Congressional Elections,1,9.8,Apr/08/2010 12:56:44
639644,SENATE.NEITHER.2010,Neither Party to control the Senate after 2010 Congressional Elections,3,9.0,Apr/09/2010 04:30:21
639644,SENATE.NEITHER.2010,Neither Party to control the Senate after 2010 Congressional Elections,17,9.0,Apr/09/2010 13:24:32
639644,SENATE.NEITHER.2010,Neither Party to control the Senate after 2010 Congressional Elections,1,8.9,Apr/09/2010 13:24:32
639644,SENATE.NEITHER.2010,Neither Party to control the Senate after 2010 Congressional Elections,1,13.0,Apr/12/2010 03:24:12
639644,SENATE.NEITHER.2010,Neither Party to control the Senate after 2010 Congressional Elections,10,14.5,Apr/12/2010 03:24:12
639644,SENATE.NEITHER.2010,Neither Party to control the Senate after 2010 Congressional Elections,1,14.4,Apr/12/2010 03:24:12
639644,SENATE.NEITHER.2010,Neither Party to control the Senate after 2010 Congressional Elections,1,14.3,Apr/12/2010 03:24:12
639644,SENATE.NEITHER.2010,Neither Party to control the Senate after 2010 Congressional Elections,1,12.9,Apr/12/2010 03:24:12
639644,SENATE.NEITHER.2010,Neither Party to control the Senate after 2010 Congressional Elections,1,14.8,Apr/12/2010 03:25:12
639644,SENATE.NEITHER.2010,Neither Party to control the Senate after 2010 Congressional Elections,16,15.0,Apr/12/2010 03:25:12
639644,SENATE.NEITHER.2010,Neither Party to control the Senate after 2010 Congressional Elections,6,12.0,Apr/13/2010 05:17:11
639644,SENATE.NEITHER.2010,Neither Party to control the Senate after 2010 Congressional Elections,9,12.0,Apr/13/2010 05:17:11
639644,SENATE.NEITHER.2010,Neither Party to control the Senate after 2010 Congressional Elections,1,14.9,Apr/24/2010 22:26:22
639644,SENATE.NEITHER.2010,Neither Party to control the Senate after 2010 Congressional Elections,20,14.8,Apr/24/2010 22:26:22
639644,SENATE.NEITHER.2010,Neither Party to control the Senate after 2010 Congressional Elections,10,14.7,Apr/24/2010 22:26:22
639644,SENATE.NEITHER.2010,Neither Party to control the Senate after 2010 Congressional Elections,10,14.7,Apr/24/2010 22:26:22
639644,SENATE.NEITHER.2010,Neither Party to control the Senate after 2010 Congressional Elections,20,15.0,Apr/24/2010 22:26:22
639644,SENATE.NEITHER.2010,Neither Party to control the Senate after 2010 Congressional Elections,1,15.9,Apr/28/2010 13:02:48
639644,SENATE.NEITHER.2010,Neither Party to control the Senate after 2010 Congressional Elections,10,16.0,Apr/28/2010 13:02:48
639644,SENATE.NEITHER.2010,Neither Party to control the Senate after 2010 Congressional Elections,10,16.0,Apr/28/2010 13:02:48
639644,SENATE.NEITHER.2010,Neither Party to control the Senate after 2010 Congressional Elections,1,15.8,Apr/28/2010 13:02:48
639644,SENATE.NEITHER.2010,Neither Party to control the Senate after 2010 Congressional Elections,10,16.0,Apr/28/2010 13:02:48
639644,SENATE.NEITHER.2010,Neither Party to control the Senate after 2010 Congressional Elections,18,16.2,Apr/28/2010 13:02:57
639644,SENATE.NEITHER.2010,Neither Party to control the Senate after 2010 Congressional Elections,10,16.2,Apr/28/2010 13:03:11
639644,SENATE.NEITHER.2010,Neither Party to control the Senate after 2010 Congressional Elections,17,16.5,Apr/30/2010 01:41:34
639644,SENATE.NEITHER.2010,Neither Party to control the Senate after 2010 Congressional Elections,1,16.4,Apr/30/2010 01:41:34
639644,SENATE.NEITHER.2010,Neither Party to control the Senate after 2010 Congressional Elections,2,16.2,Apr/30/2010 01:41:34
639644,SENATE.NEITHER.2010,Neither Party to control the Senate after 2010 Congressional Elections,10,16.4,Apr/30/2010 01:41:34
639644,SENATE.NEITHER.2010,Neither Party to control the Senate after 2010 Congressional Elections,30,16.4,May/05/2010 04:02:15
639644,SENATE.NEITHER.2010,Neither Party to control the Senate after 2010 Congressional Elections,10,16.3,May/05/2010 04:02:15
639644,SENATE.NEITHER.2010,Neither Party to control the Senate after 2010 Congressional Elections,20,15.0,May/05/2010 12:41:52
639644,SENATE.NEITHER.2010,Neither Party to control the Senate after 2010 Congressional Elections,20,15.0,May/18/2010 11:28:09
639644,SENATE.NEITHER.2010,Neither Party to control the Senate after 2010 Congressional Elections,1,14.8,May/22/2010 05:05:17
639644,SENATE.NEITHER.2010,Neither Party to control the Senate after 2010 Congressional Elections,2,12.2,May/30/2010 17:19:19
639644,SENATE.NEITHER.2010,Neither Party to control the Senate after 2010 Congressional Elections,1,12.3,May/30/2010 17:19:19
639644,SENATE.NEITHER.2010,Neither Party to control the Senate after 2010 Congressional Elections,3,12.2,May/30/2010 17:22:10
639644,SENATE.NEITHER.2010,Neither Party to control the Senate after 2010 Congressional Elections,2,12.1,May/30/2010 17:23:00
639644,SENATE.NEITHER.2010,Neither Party to control the Senate after 2010 Congressional Elections,9,11.3,Jun/01/2010 17:35:40
639644,SENATE.NEITHER.2010,Neither Party to control the Senate after 2010 Congressional Elections,2,12.0,Jun/07/2010 17:43:45
639644,SENATE.NEITHER.2010,Neither Party to control the Senate after 2010 Congressional Elections,1,12.0,Jun/07/2010 18:17:12
639644,SENATE.NEITHER.2010,Neither Party to control the Senate after 2010 Congressional Elections,2,12.0,Jun/09/2010 11:09:54
639644,SENATE.NEITHER.2010,Neither Party to control the Senate after 2010 Congressional Elections,2,12.0,Jun/11/2010 03:14:07
639644,SENATE.NEITHER.2010,Neither Party to control the Senate after 2010 Congressional Elections,7,11.3,Jun/23/2010 07:24:38
639644,SENATE.NEITHER.2010,Neither Party to control the Senate after 2010 Congressional Elections,1,11.4,Jun/23/2010 07:24:38
639644,SENATE.NEITHER.2010,Neither Party to control the Senate after 2010 Congressional Elections,10,11.5,Jun/25/2010 16:37:02
639644,SENATE.NEITHER.2010,Neither Party to control the Senate after 2010 Congressional Elections,1,11.4,Jun/25/2010 16:37:02
639644,SENATE.NEITHER.2010,Neither Party to control the Senate after 2010 Congressional Elections,1,13.0,Jun/28/2010 13:17:25
639644,SENATE.NEITHER.2010,Neither Party to control the Senate after 2010 Congressional Elections,9,14.6,Jun/28/2010 13:18:09
639644,SENATE.NEITHER.2010,Neither Party to control the Senate after 2010 Congressional Elections,9,14.7,Jun/28/2010 13:18:23
639644,SENATE.NEITHER.2010,Neither Party to control the Senate after 2010 Congressional Elections,1,14.8,Jun/28/2010 13:18:58
639644,SENATE.NEITHER.2010,Neither Party to control the Senate after 2010 Congressional Elections,1,14.9,Jun/28/2010 13:19:12
639644,SENATE.NEITHER.2010,Neither Party to control the Senate after 2010 Congressional Elections,19,14.9,Jun/28/2010 13:19:12
639644,SENATE.NEITHER.2010,Neither Party to control the Senate after 2010 Congressional Elections,20,15.0,Jun/28/2010 13:19:25
639644,SENATE.NEITHER.2010,Neither Party to control the Senate after 2010 Congressional Elections,4,15.4,Jun/28/2010 15:55:32
639644,SENATE.NEITHER.2010,Neither Party to control the Senate after 2010 Congressional Elections,1,12.8,Jun/29/2010 12:28:08
639644,SENATE.NEITHER.2010,Neither Party to control the Senate after 2010 Congressional Elections,1,12.9,Jun/29/2010 12:28:08
639644,SENATE.NEITHER.2010,Neither Party to control the Senate after 2010 Congressional Elections,1,12.7,Jul/03/2010 13:35:35
639644,SENATE.NEITHER.2010,Neither Party to control the Senate after 2010 Congressional Elections,9,12.6,Jul/04/2010 19:00:33
639644,SENATE.NEITHER.2010,Neither Party to control the Senate after 2010 Congressional Elections,2,12.7,Jul/04/2010 19:00:33
639644,SENATE.NEITHER.2010,Neither Party to control the Senate after 2010 Congressional Elections,1,12.7,Jul/10/2010 13:22:27
639644,SENATE.NEITHER.2010,Neither Party to control the Senate after 2010 Congressional Elections,3,12.7,Jul/10/2010 13:23:04
639644,SENATE.NEITHER.2010,Neither Party to control the Senate after 2010 Congressional Elections,1,12.6,Jul/10/2010 22:17:32
639644,SENATE.NEITHER.2010,Neither Party to control the Senate after 2010 Congressional Elections,1,11.4,Jul/12/2010 06:42:56
639644,SENATE.NEITHER.2010,Neither Party to control the Senate after 2010 Congressional Elections,1,11.5,Jul/12/2010 06:42:56
639644,SENATE.NEITHER.2010,Neither Party to control the Senate after 2010 Congressional Elections,1,11.4,Jul/12/2010 06:42:56
639644,SENATE.NEITHER.2010,Neither Party to control the Senate after 2010 Congressional Elections,10,11.5,Jul/12/2010 06:42:56
639644,SENATE.NEITHER.2010,Neither Party to control the Senate after 2010 Congressional Elections,11,11.6,Jul/12/2010 06:42:56
639644,SENATE.NEITHER.2010,Neither Party to control the Senate after 2010 Congressional Elections,3,11.3,Jul/12/2010 21:16:33
639644,SENATE.NEITHER.2010,Neither Party to control the Senate after 2010 Congressional Elections,6,11.2,Jul/12/2010 21:16:33
639644,SENATE.NEITHER.2010,Neither Party to control the Senate after 2010 Congressional Elections,2,11.4,Jul/12/2010 21:16:33
639644,SENATE.NEITHER.2010,Neither Party to control the Senate after 2010 Congressional Elections,5,11.4,Jul/12/2010 21:16:33
639644,SENATE.NEITHER.2010,Neither Party to control the Senate after 2010 Congressional Elections,1,11.2,Jul/13/2010 05:45:22
639644,SENATE.NEITHER.2010,Neither Party to control the Senate after 2010 Congressional Elections,1,11.3,Jul/13/2010 19:28:11
639644,SENATE.NEITHER.2010,Neither Party to control the Senate after 2010 Congressional Elections,1,11.3,Jul/17/2010 16:26:51
639644,SENATE.NEITHER.2010,Neither Party to control the Senate after 2010 Congressional Elections,2,11.3,Jul/17/2010 16:27:15
639644,SENATE.NEITHER.2010,Neither Party to control the Senate after 2010 Congressional Elections,5,11.2,Jul/17/2010 16:28:24
639644,SENATE.NEITHER.2010,Neither Party to control the Senate after 2010 Congressional Elections,5,11.5,Jul/17/2010 19:13:06
639644,SENATE.NEITHER.2010,Neither Party to control the Senate after 2010 Congressional Elections,16,14.5,Jul/24/2010 17:12:39
639644,SENATE.NEITHER.2010,Neither Party to control the Senate after 2010 Congressional Elections,1,14.1,Jul/24/2010 17:12:39
639644,SENATE.NEITHER.2010,Neither Party to control the Senate after 2010 Congressional Elections,1,14.0,Jul/24/2010 17:12:39
639644,SENATE.NEITHER.2010,Neither Party to control the Senate after 2010 Congressional Elections,8,14.4,Jul/24/2010 17:12:39
639644,SENATE.NEITHER.2010,Neither Party to control the Senate after 2010 Congressional Elections,1,14.3,Jul/24/2010 17:12:39
639644,SENATE.NEITHER.2010,Neither Party to control the Senate after 2010 Congressional Elections,1,13.9,Jul/24/2010 17:12:39
639644,SENATE.NEITHER.2010,Neither Party to control the Senate after 2010 Congressional Elections,31,17.8,Jul/24/2010 17:27:10
639644,SENATE.NEITHER.2010,Neither Party to control the Senate after 2010 Congressional Elections,3,15.9,Jul/24/2010 17:27:10
639644,SENATE.NEITHER.2010,Neither Party to control the Senate after 2010 Congressional Elections,5,15.5,Jul/24/2010 17:27:10
639644,SENATE.NEITHER.2010,Neither Party to control the Senate after 2010 Congressional Elections,1,15.4,Jul/24/2010 17:27:10
639644,SENATE.NEITHER.2010,Neither Party to control the Senate after 2010 Congressional Elections,40,17.0,Jul/24/2010 17:27:10
639644,SENATE.NEITHER.2010,Neither Party to control the Senate after 2010 Congressional Elections,20,16.9,Jul/24/2010 17:27:10
639644,SENATE.NEITHER.2010,Neither Party to control the Senate after 2010 Congressional Elections,1,12.2,Jul/29/2010 18:15:19
639644,SENATE.NEITHER.2010,Neither Party to control the Senate after 2010 Congressional Elections,1,12.4,Jul/29/2010 18:15:19
639644,SENATE.NEITHER.2010,Neither Party to control the Senate after 2010 Congressional Elections,2,11.7,Jul/29/2010 18:15:19
639644,SENATE.NEITHER.2010,Neither Party to control the Senate after 2010 Congressional Elections,1,12.5,Jul/29/2010 18:15:19
639644,SENATE.NEITHER.2010,Neither Party to control the Senate after 2010 Congressional Elections,2,11.8,Jul/29/2010 18:15:19
639644,SENATE.NEITHER.2010,Neither Party to control the Senate after 2010 Congressional Elections,10,11.5,Jul/29/2010 18:15:43
639644,SENATE.NEITHER.2010,Neither Party to control the Senate after 2010 Congressional Elections,10,11.6,Jul/29/2010 18:15:43
639644,SENATE.NEITHER.2010,Neither Party to control the Senate after 2010 Congressional Elections,3,11.3,Jul/29/2010 18:15:43
639644,SENATE.NEITHER.2010,Neither Party to control the Senate after 2010 Congressional Elections,20,11.7,Jul/29/2010 18:15:43
639644,SENATE.NEITHER.2010,Neither Party to control the Senate after 2010 Congressional Elections,2,11.6,Aug/03/2010 11:41:31
639644,SENATE.NEITHER.2010,Neither Party to control the Senate after 2010 Congressional Elections,5,11.6,Aug/03/2010 11:43:19
639644,SENATE.NEITHER.2010,Neither Party to control the Senate after 2010 Congressional Elections,1,15.8,Aug/12/2010 16:48:25
639644,SENATE.NEITHER.2010,Neither Party to control the Senate after 2010 Congressional Elections,4,15.9,Aug/12/2010 16:48:25
639644,SENATE.NEITHER.2010,Neither Party to control the Senate after 2010 Congressional Elections,1,15.7,Aug/12/2010 16:48:25
639644,SENATE.NEITHER.2010,Neither Party to control the Senate after 2010 Congressional Elections,1,16.2,Aug/12/2010 23:04:34
639644,SENATE.NEITHER.2010,Neither Party to control the Senate after 2010 Congressional Elections,1,16.7,Aug/12/2010 23:04:56
639644,SENATE.NEITHER.2010,Neither Party to control the Senate after 2010 Congressional Elections,1,16.8,Aug/12/2010 23:05:14
639644,SENATE.NEITHER.2010,Neither Party to control the Senate after 2010 Congressional Elections,7,16.9,Aug/12/2010 23:05:39
639644,SENATE.NEITHER.2010,Neither Party to control the Senate after 2010 Congressional Elections,3,16.9,Aug/12/2010 23:05:39
639644,SENATE.NEITHER.2010,Neither Party to control the Senate after 2010 Congressional Elections,2,16.9,Aug/12/2010 23:06:45
639644,SENATE.NEITHER.2010,Neither Party to control the Senate after 2010 Congressional Elections,1,15.3,Aug/13/2010 12:46:21
639644,SENATE.NEITHER.2010,Neither Party to control the Senate after 2010 Congressional Elections,1,15.2,Aug/13/2010 12:46:51
639644,SENATE.NEITHER.2010,Neither Party to control the Senate after 2010 Congressional Elections,1,15.3,Aug/14/2010 02:51:48
639644,SENATE.NEITHER.2010,Neither Party to control the Senate after 2010 Congressional Elections,1,15.1,Aug/14/2010 02:53:30
639644,SENATE.NEITHER.2010,Neither Party to control the Senate after 2010 Congressional Elections,1,15.1,Aug/14/2010 02:55:08
639644,SENATE.NEITHER.2010,Neither Party to control the Senate after 2010 Congressional Elections,1,15.1,Aug/14/2010 02:55:58
639644,SENATE.NEITHER.2010,Neither Party to control the Senate after 2010 Congressional Elections,1,15.1,Aug/14/2010 03:00:00
639644,SENATE.NEITHER.2010,Neither Party to control the Senate after 2010 Congressional Elections,1,15.1,Aug/14/2010 03:00:43
639644,SENATE.NEITHER.2010,Neither Party to control the Senate after 2010 Congressional Elections,2,15.1,Aug/14/2010 03:01:36
639644,SENATE.NEITHER.2010,Neither Party to control the Senate after 2010 Congressional Elections,20,15.0,Aug/14/2010 03:05:10
639644,SENATE.NEITHER.2010,Neither Party to control the Senate after 2010 Congressional Elections,3,15.1,Aug/14/2010 03:05:10
639644,SENATE.NEITHER.2010,Neither Party to control the Senate after 2010 Congressional Elections,1,13.7,Aug/20/2010 02:20:25
639644,SENATE.NEITHER.2010,Neither Party to control the Senate after 2010 Congressional Elections,1,13.8,Aug/20/2010 02:20:25
639644,SENATE.NEITHER.2010,Neither Party to control the Senate after 2010 Congressional Elections,1,13.9,Aug/20/2010 02:20:25
639644,SENATE.NEITHER.2010,Neither Party to control the Senate after 2010 Congressional Elections,1,14.0,Aug/20/2010 02:20:25
639644,SENATE.NEITHER.2010,Neither Party to control the Senate after 2010 Congressional Elections,1,14.0,Aug/20/2010 02:20:25
639644,SENATE.NEITHER.2010,Neither Party to control the Senate after 2010 Congressional Elections,10,13.3,Aug/20/2010 22:17:14
639644,SENATE.NEITHER.2010,Neither Party to control the Senate after 2010 Congressional Elections,44,13.4,Aug/21/2010 12:40:43
639644,SENATE.NEITHER.2010,Neither Party to control the Senate after 2010 Congressional Elections,19,13.2,Aug/22/2010 15:15:36
639644,SENATE.NEITHER.2010,Neither Party to control the Senate after 2010 Congressional Elections,1,13.3,Aug/22/2010 15:15:36
639644,SENATE.NEITHER.2010,Neither Party to control the Senate after 2010 Congressional Elections,6,13.0,Aug/22/2010 15:16:59
639644,SENATE.NEITHER.2010,Neither Party to control the Senate after 2010 Congressional Elections,1,13.2,Aug/22/2010 15:16:59
639644,SENATE.NEITHER.2010,Neither Party to control the Senate after 2010 Congressional Elections,19,11.7,Aug/22/2010 16:03:45
639644,SENATE.NEITHER.2010,Neither Party to control the Senate after 2010 Congressional Elections,1,11.8,Aug/22/2010 16:03:45
639644,SENATE.NEITHER.2010,Neither Party to control the Senate after 2010 Congressional Elections,14,11.6,Aug/22/2010 16:05:20
639644,SENATE.NEITHER.2010,Neither Party to control the Senate after 2010 Congressional Elections,11,11.7,Aug/22/2010 16:05:20
639644,SENATE.NEITHER.2010,Neither Party to control the Senate after 2010 Congressional Elections,4,11.5,Aug/22/2010 16:06:47
639644,SENATE.NEITHER.2010,Neither Party to control the Senate after 2010 Congressional Elections,16,11.6,Aug/22/2010 16:06:47
639644,SENATE.NEITHER.2010,Neither Party to control the Senate after 2010 Congressional Elections,9,11.5,Aug/22/2010 16:08:12
639644,SENATE.NEITHER.2010,Neither Party to control the Senate after 2010 Congressional Elections,9,14.8,Aug/24/2010 12:11:13
639644,SENATE.NEITHER.2010,Neither Party to control the Senate after 2010 Congressional Elections,1,14.3,Aug/24/2010 12:11:13
639644,SENATE.NEITHER.2010,Neither Party to control the Senate after 2010 Congressional Elections,10,14.7,Aug/25/2010 01:53:24
639644,SENATE.NEITHER.2010,Neither Party to control the Senate after 2010 Congressional Elections,1,14.5,Aug/25/2010 01:53:24
639644,SENATE.NEITHER.2010,Neither Party to control the Senate after 2010 Congressional Elections,1,14.8,Aug/25/2010 01:53:24
639644,SENATE.NEITHER.2010,Neither Party to control the Senate after 2010 Congressional Elections,3,14.8,Aug/25/2010 01:53:24
639644,SENATE.NEITHER.2010,Neither Party to control the Senate after 2010 Congressional Elections,24,14.1,Aug/26/2010 20:48:02
639644,SENATE.NEITHER.2010,Neither Party to control the Senate after 2010 Congressional Elections,1,14.1,Aug/26/2010 20:48:43
639644,SENATE.NEITHER.2010,Neither Party to control the Senate after 2010 Congressional Elections,26,14.1,Aug/26/2010 20:49:17
639644,SENATE.NEITHER.2010,Neither Party to control the Senate after 2010 Congressional Elections,5,14.0,Aug/27/2010 11:53:23
639644,SENATE.NEITHER.2010,Neither Party to control the Senate after 2010 Congressional Elections,100,14.0,Aug/27/2010 13:16:20
639644,SENATE.NEITHER.2010,Neither Party to control the Senate after 2010 Congressional Elections,53,14.0,Aug/27/2010 13:17:50
639644,SENATE.NEITHER.2010,Neither Party to control the Senate after 2010 Congressional Elections,1,14.0,Aug/27/2010 14:25:47
639644,SENATE.NEITHER.2010,Neither Party to control the Senate after 2010 Congressional Elections,1,14.0,Aug/27/2010 14:25:49
639644,SENATE.NEITHER.2010,Neither Party to control the Senate after 2010 Congressional Elections,1,14.0,Aug/27/2010 14:25:51
639644,SENATE.NEITHER.2010,Neither Party to control the Senate after 2010 Congressional Elections,1,14.0,Aug/27/2010 14:25:53
639644,SENATE.NEITHER.2010,Neither Party to control the Senate after 2010 Congressional Elections,1,14.0,Aug/27/2010 14:25:55
639644,SENATE.NEITHER.2010,Neither Party to control the Senate after 2010 Congressional Elections,1,14.0,Aug/27/2010 14:25:58
639644,SENATE.NEITHER.2010,Neither Party to control the Senate after 2010 Congressional Elections,1,14.0,Aug/27/2010 14:26:00
639644,SENATE.NEITHER.2010,Neither Party to control the Senate after 2010 Congressional Elections,1,14.0,Aug/27/2010 14:26:02
639644,SENATE.NEITHER.2010,Neither Party to control the Senate after 2010 Congressional Elections,1,14.0,Aug/27/2010 14:26:04
639644,SENATE.NEITHER.2010,Neither Party to control the Senate after 2010 Congressional Elections,1,14.0,Aug/27/2010 14:26:09
639644,SENATE.NEITHER.2010,Neither Party to control the Senate after 2010 Congressional Elections,1,14.0,Aug/27/2010 14:26:11
639644,SENATE.NEITHER.2010,Neither Party to control the Senate after 2010 Congressional Elections,1,14.0,Aug/27/2010 14:26:16
639644,SENATE.NEITHER.2010,Neither Party to control the Senate after 2010 Congressional Elections,1,14.0,Aug/27/2010 14:26:18
639644,SENATE.NEITHER.2010,Neither Party to control the Senate after 2010 Congressional Elections,1,14.0,Aug/27/2010 14:26:20
639644,SENATE.NEITHER.2010,Neither Party to control the Senate after 2010 Congressional Elections,1,14.0,Aug/27/2010 14:26:22
639644,SENATE.NEITHER.2010,Neither Party to control the Senate after 2010 Congressional Elections,1,14.0,Aug/27/2010 14:26:24
639644,SENATE.NEITHER.2010,Neither Party to control the Senate after 2010 Congressional Elections,1,14.0,Aug/27/2010 14:26:26
639644,SENATE.NEITHER.2010,Neither Party to control the Senate after 2010 Congressional Elections,1,14.0,Aug/27/2010 14:26:29
639644,SENATE.NEITHER.2010,Neither Party to control the Senate after 2010 Congressional Elections,14,14.0,Aug/27/2010 14:26:30
639644,SENATE.NEITHER.2010,Neither Party to control the Senate after 2010 Congressional Elections,1,13.7,Aug/27/2010 14:26:32
639644,SENATE.NEITHER.2010,Neither Party to control the Senate after 2010 Congressional Elections,1,13.6,Aug/27/2010 14:26:34
639644,SENATE.NEITHER.2010,Neither Party to control the Senate after 2010 Congressional Elections,1,13.5,Aug/27/2010 14:26:36
639644,SENATE.NEITHER.2010,Neither Party to control the Senate after 2010 Congressional Elections,1,13.5,Aug/27/2010 14:26:37
639644,SENATE.NEITHER.2010,Neither Party to control the Senate after 2010 Congressional Elections,1,13.5,Aug/27/2010 14:26:38
639644,SENATE.NEITHER.2010,Neither Party to control the Senate after 2010 Congressional Elections,1,13.5,Aug/27/2010 14:26:39
639644,SENATE.NEITHER.2010,Neither Party to control the Senate after 2010 Congressional Elections,1,13.5,Aug/27/2010 14:26:40
639644,SENATE.NEITHER.2010,Neither Party to control the Senate after 2010 Congressional Elections,1,13.5,Aug/27/2010 14:26:41
639644,SENATE.NEITHER.2010,Neither Party to control the Senate after 2010 Congressional Elections,1,13.5,Aug/27/2010 14:26:42
639644,SENATE.NEITHER.2010,Neither Party to control the Senate after 2010 Congressional Elections,1,13.5,Aug/27/2010 14:26:43
639644,SENATE.NEITHER.2010,Neither Party to control the Senate after 2010 Congressional Elections,1,13.5,Aug/27/2010 14:26:44
639644,SENATE.NEITHER.2010,Neither Party to control the Senate after 2010 Congressional Elections,1,13.5,Aug/27/2010 14:26:45
639644,SENATE.NEITHER.2010,Neither Party to control the Senate after 2010 Congressional Elections,1,12.6,Aug/28/2010 04:15:48
639644,SENATE.NEITHER.2010,Neither Party to control the Senate after 2010 Congressional Elections,130,14.5,Aug/29/2010 23:01:40
639644,SENATE.NEITHER.2010,Neither Party to control the Senate after 2010 Congressional Elections,1,14.4,Aug/29/2010 23:01:40
639644,SENATE.NEITHER.2010,Neither Party to control the Senate after 2010 Congressional Elections,5,14.0,Aug/29/2010 23:01:40
639644,SENATE.NEITHER.2010,Neither Party to control the Senate after 2010 Congressional Elections,36,14.4,Aug/29/2010 23:01:40
639644,SENATE.NEITHER.2010,Neither Party to control the Senate after 2010 Congressional Elections,2,14.7,Aug/31/2010 03:50:04
639644,SENATE.NEITHER.2010,Neither Party to control the Senate after 2010 Congressional Elections,7,16.9,Aug/31/2010 19:25:48
639644,SENATE.NEITHER.2010,Neither Party to control the Senate after 2010 Congressional Elections,1,16.8,Aug/31/2010 19:25:48
639644,SENATE.NEITHER.2010,Neither Party to control the Senate after 2010 Congressional Elections,1,16.9,Aug/31/2010 19:43:25
639644,SENATE.NEITHER.2010,Neither Party to control the Senate after 2010 Congressional Elections,1,16.9,Aug/31/2010 19:43:25
639644,SENATE.NEITHER.2010,Neither Party to control the Senate after 2010 Congressional Elections,7,16.9,Aug/31/2010 19:43:25
639644,SENATE.NEITHER.2010,Neither Party to control the Senate after 2010 Congressional Elections,1,16.8,Aug/31/2010 19:43:25
639644,SENATE.NEITHER.2010,Neither Party to control the Senate after 2010 Congressional Elections,1,16.0,Aug/31/2010 20:21:33
639644,SENATE.NEITHER.2010,Neither Party to control the Senate after 2010 Congressional Elections,1,16.0,Aug/31/2010 20:21:35
639644,SENATE.NEITHER.2010,Neither Party to control the Senate after 2010 Congressional Elections,22,16.9,Aug/31/2010 20:29:35
639644,SENATE.NEITHER.2010,Neither Party to control the Senate after 2010 Congressional Elections,1,16.8,Aug/31/2010 20:29:35
639644,SENATE.NEITHER.2010,Neither Party to control the Senate after 2010 Congressional Elections,1,14.8,Aug/31/2010 23:18:04
639644,SENATE.NEITHER.2010,Neither Party to control the Senate after 2010 Congressional Elections,2,14.1,Aug/31/2010 23:18:55
639644,SENATE.NEITHER.2010,Neither Party to control the Senate after 2010 Congressional Elections,10,14.2,Sep/01/2010 17:24:37
639644,SENATE.NEITHER.2010,Neither Party to control the Senate after 2010 Congressional Elections,1,14.1,Sep/02/2010 00:35:15
639644,SENATE.NEITHER.2010,Neither Party to control the Senate after 2010 Congressional Elections,5,16.7,Sep/02/2010 06:29:29
639644,SENATE.NEITHER.2010,Neither Party to control the Senate after 2010 Congressional Elections,5,15.5,Sep/02/2010 06:29:29
639644,SENATE.NEITHER.2010,Neither Party to control the Senate after 2010 Congressional Elections,5,16.6,Sep/02/2010 06:29:29
639644,SENATE.NEITHER.2010,Neither Party to control the Senate after 2010 Congressional Elections,2,16.8,Sep/02/2010 06:32:19
639644,SENATE.NEITHER.2010,Neither Party to control the Senate after 2010 Congressional Elections,10,16.9,Sep/02/2010 06:32:19
639644,SENATE.NEITHER.2010,Neither Party to control the Senate after 2010 Congressional Elections,9,14.7,Sep/02/2010 17:38:21
639644,SENATE.NEITHER.2010,Neither Party to control the Senate after 2010 Congressional Elections,5,15.0,Sep/03/2010 14:36:29
639644,SENATE.NEITHER.2010,Neither Party to control the Senate after 2010 Congressional Elections,1,14.8,Sep/03/2010 17:56:23
639644,SENATE.NEITHER.2010,Neither Party to control the Senate after 2010 Congressional Elections,5,16.0,Sep/04/2010 20:10:17
639644,SENATE.NEITHER.2010,Neither Party to control the Senate after 2010 Congressional Elections,5,15.9,Sep/04/2010 20:10:17
639644,SENATE.NEITHER.2010,Neither Party to control the Senate after 2010 Congressional Elections,9,15.9,Sep/05/2010 20:49:14
639644,SENATE.NEITHER.2010,Neither Party to control the Senate after 2010 Congressional Elections,1,15.8,Sep/05/2010 20:49:14
639644,SENATE.NEITHER.2010,Neither Party to control the Senate after 2010 Congressional Elections,20,15.0,Sep/07/2010 01:50:47
639644,SENATE.NEITHER.2010,Neither Party to control the Senate after 2010 Congressional Elections,1,15.5,Sep/08/2010 16:50:50
639644,SENATE.NEITHER.2010,Neither Party to control the Senate after 2010 Congressional Elections,4,15.8,Sep/09/2010 18:14:34
639644,SENATE.NEITHER.2010,Neither Party to control the Senate after 2010 Congressional Elections,1,15.7,Sep/09/2010 18:14:34
639644,SENATE.NEITHER.2010,Neither Party to control the Senate after 2010 Congressional Elections,10,16.1,Sep/10/2010 01:25:58
639644,SENATE.NEITHER.2010,Neither Party to control the Senate after 2010 Congressional Elections,10,16.1,Sep/10/2010 11:04:59
639644,SENATE.NEITHER.2010,Neither Party to control the Senate after 2010 Congressional Elections,11,16.1,Sep/10/2010 15:34:16
639644,SENATE.NEITHER.2010,Neither Party to control the Senate after 2010 Congressional Elections,9,16.1,Sep/10/2010 15:34:16
639644,SENATE.NEITHER.2010,Neither Party to control the Senate after 2010 Congressional Elections,11,16.1,Sep/10/2010 15:34:45
639644,SENATE.NEITHER.2010,Neither Party to control the Senate after 2010 Congressional Elections,10,16.1,Sep/10/2010 19:52:41
639644,SENATE.NEITHER.2010,Neither Party to control the Senate after 2010 Congressional Elections,10,16.1,Sep/11/2010 01:55:16
639644,SENATE.NEITHER.2010,Neither Party to control the Senate after 2010 Congressional Elections,1,17.3,Sep/13/2010 18:09:25
639644,SENATE.NEITHER.2010,Neither Party to control the Senate after 2010 Congressional Elections,9,17.4,Sep/13/2010 18:09:54
639644,SENATE.NEITHER.2010,Neither Party to control the Senate after 2010 Congressional Elections,10,17.5,Sep/13/2010 18:10:18
639644,SENATE.NEITHER.2010,Neither Party to control the Senate after 2010 Congressional Elections,5,17.5,Sep/13/2010 18:11:00
639644,SENATE.NEITHER.2010,Neither Party to control the Senate after 2010 Congressional Elections,7,17.5,Sep/14/2010 03:27:26
639644,SENATE.NEITHER.2010,Neither Party to control the Senate after 2010 Congressional Elections,3,17.9,Sep/14/2010 03:28:37
639644,SENATE.NEITHER.2010,Neither Party to control the Senate after 2010 Congressional Elections,10,18.0,Sep/14/2010 03:28:55
639644,SENATE.NEITHER.2010,Neither Party to control the Senate after 2010 Congressional Elections,5,18.0,Sep/14/2010 03:35:02
639644,SENATE.NEITHER.2010,Neither Party to control the Senate after 2010 Congressional Elections,1,16.1,Sep/14/2010 07:24:27
639644,SENATE.NEITHER.2010,Neither Party to control the Senate after 2010 Congressional Elections,2,16.6,Sep/14/2010 18:57:33
639644,SENATE.NEITHER.2010,Neither Party to control the Senate after 2010 Congressional Elections,23,16.6,Sep/14/2010 21:43:05
639644,SENATE.NEITHER.2010,Neither Party to control the Senate after 2010 Congressional Elections,1,17.5,Sep/15/2010 00:51:07
639644,SENATE.NEITHER.2010,Neither Party to control the Senate after 2010 Congressional Elections,4,17.6,Sep/15/2010 00:51:07
639644,SENATE.NEITHER.2010,Neither Party to control the Senate after 2010 Congressional Elections,7,16.2,Sep/15/2010 01:20:03
639644,SENATE.NEITHER.2010,Neither Party to control the Senate after 2010 Congressional Elections,8,16.2,Sep/15/2010 01:22:03
639644,SENATE.NEITHER.2010,Neither Party to control the Senate after 2010 Congressional Elections,13,16.2,Sep/15/2010 01:25:12
639644,SENATE.NEITHER.2010,Neither Party to control the Senate after 2010 Congressional Elections,15,16.2,Sep/15/2010 01:25:44
639644,SENATE.NEITHER.2010,Neither Party to control the Senate after 2010 Congressional Elections,17,16.2,Sep/15/2010 01:25:53
639644,SENATE.NEITHER.2010,Neither Party to control the Senate after 2010 Congressional Elections,5,15.6,Sep/15/2010 01:26:37
639644,SENATE.NEITHER.2010,Neither Party to control the Senate after 2010 Congressional Elections,5,15.7,Sep/15/2010 01:26:37
639644,SENATE.NEITHER.2010,Neither Party to control the Senate after 2010 Congressional Elections,5,15.6,Sep/15/2010 01:44:30
639644,SENATE.NEITHER.2010,Neither Party to control the Senate after 2010 Congressional Elections,1,15.6,Sep/15/2010 01:44:30
639644,SENATE.NEITHER.2010,Neither Party to control the Senate after 2010 Congressional Elections,10,16.8,Sep/15/2010 08:51:39
639644,SENATE.NEITHER.2010,Neither Party to control the Senate after 2010 Congressional Elections,10,16.9,Sep/15/2010 10:05:48
639644,SENATE.NEITHER.2010,Neither Party to control the Senate after 2010 Congressional Elections,5,16.9,Sep/15/2010 10:09:29
639644,SENATE.NEITHER.2010,Neither Party to control the Senate after 2010 Congressional Elections,1,16.0,Sep/15/2010 12:11:31
639644,SENATE.NEITHER.2010,Neither Party to control the Senate after 2010 Congressional Elections,1,15.7,Sep/15/2010 12:15:29
639644,SENATE.NEITHER.2010,Neither Party to control the Senate after 2010 Congressional Elections,3,15.1,Sep/15/2010 15:53:52
639644,SENATE.NEITHER.2010,Neither Party to control the Senate after 2010 Congressional Elections,1,15.1,Sep/16/2010 00:46:13
639644,SENATE.NEITHER.2010,Neither Party to control the Senate after 2010 Congressional Elections,6,16.8,Sep/16/2010 06:09:47
639644,SENATE.NEITHER.2010,Neither Party to control the Senate after 2010 Congressional Elections,10,16.9,Sep/16/2010 12:36:32
639644,SENATE.NEITHER.2010,Neither Party to control the Senate after 2010 Congressional Elections,10,17.4,Sep/16/2010 20:35:43
639644,SENATE.NEITHER.2010,Neither Party to control the Senate after 2010 Congressional Elections,1,17.3,Sep/16/2010 20:35:43
639644,SENATE.NEITHER.2010,Neither Party to control the Senate after 2010 Congressional Elections,1,15.0,Sep/17/2010 15:01:34
639644,SENATE.NEITHER.2010,Neither Party to control the Senate after 2010 Congressional Elections,20,16.0,Sep/18/2010 03:23:55
639644,SENATE.NEITHER.2010,Neither Party to control the Senate after 2010 Congressional Elections,1,16.1,Sep/18/2010 03:23:55
639644,SENATE.NEITHER.2010,Neither Party to control the Senate after 2010 Congressional Elections,54,16.1,Sep/18/2010 14:04:01
639644,SENATE.NEITHER.2010,Neither Party to control the Senate after 2010 Congressional Elections,25,15.5,Sep/19/2010 21:12:28
639644,SENATE.NEITHER.2010,Neither Party to control the Senate after 2010 Congressional Elections,1,15.9,Sep/20/2010 19:01:20
639644,SENATE.NEITHER.2010,Neither Party to control the Senate after 2010 Congressional Elections,2,15.6,Sep/21/2010 01:29:32
639644,SENATE.NEITHER.2010,Neither Party to control the Senate after 2010 Congressional Elections,20,16.0,Sep/21/2010 17:58:15
639644,SENATE.NEITHER.2010,Neither Party to control the Senate after 2010 Congressional Elections,1,16.7,Sep/21/2010 17:58:30
639644,SENATE.NEITHER.2010,Neither Party to control the Senate after 2010 Congressional Elections,5,17.0,Sep/21/2010 17:58:30
639644,SENATE.NEITHER.2010,Neither Party to control the Senate after 2010 Congressional Elections,1,15.5,Sep/21/2010 18:09:56
639644,SENATE.NEITHER.2010,Neither Party to control the Senate after 2010 Congressional Elections,14,16.0,Sep/21/2010 21:18:45
639644,SENATE.NEITHER.2010,Neither Party to control the Senate after 2010 Congressional Elections,79,15.5,Sep/21/2010 21:23:03
639644,SENATE.NEITHER.2010,Neither Party to control the Senate after 2010 Congressional Elections,18,15.3,Sep/21/2010 21:29:09
639644,SENATE.NEITHER.2010,Neither Party to control the Senate after 2010 Congressional Elections,1,15.2,Sep/21/2010 21:29:38
639644,SENATE.NEITHER.2010,Neither Party to control the Senate after 2010 Congressional Elections,25,15.0,Sep/21/2010 21:30:02
639644,SENATE.NEITHER.2010,Neither Party to control the Senate after 2010 Congressional Elections,25,15.0,Sep/21/2010 21:30:02
639644,SENATE.NEITHER.2010,Neither Party to control the Senate after 2010 Congressional Elections,20,14.9,Sep/21/2010 21:35:28
639644,SENATE.NEITHER.2010,Neither Party to control the Senate after 2010 Congressional Elections,15,15.0,Sep/21/2010 23:14:33
639644,SENATE.NEITHER.2010,Neither Party to control the Senate after 2010 Congressional Elections,10,15.0,Sep/21/2010 23:16:27
639644,SENATE.NEITHER.2010,Neither Party to control the Senate after 2010 Congressional Elections,20,15.0,Sep/21/2010 23:22:26
639644,SENATE.NEITHER.2010,Neither Party to control the Senate after 2010 Congressional Elections,20,15.0,Sep/21/2010 23:23:16
639644,SENATE.NEITHER.2010,Neither Party to control the Senate after 2010 Congressional Elections,10,15.0,Sep/21/2010 23:27:17
639644,SENATE.NEITHER.2010,Neither Party to control the Senate after 2010 Congressional Elections,5,15.0,Sep/21/2010 23:27:17
639644,SENATE.NEITHER.2010,Neither Party to control the Senate after 2010 Congressional Elections,20,15.0,Sep/21/2010 23:31:29
639644,SENATE.NEITHER.2010,Neither Party to control the Senate after 2010 Congressional Elections,8,15.0,Sep/22/2010 01:15:40
639644,SENATE.NEITHER.2010,Neither Party to control the Senate after 2010 Congressional Elections,50,15.5,Sep/22/2010 12:00:19
639644,SENATE.NEITHER.2010,Neither Party to control the Senate after 2010 Congressional Elections,78,16.5,Sep/22/2010 12:47:49
639644,SENATE.NEITHER.2010,Neither Party to control the Senate after 2010 Congressional Elections,1,16.7,Sep/22/2010 20:09:29
639644,SENATE.NEITHER.2010,Neither Party to control the Senate after 2010 Congressional Elections,1,16.7,Sep/23/2010 07:06:47
639644,SENATE.NEITHER.2010,Neither Party to control the Senate after 2010 Congressional Elections,5,16.8,Sep/23/2010 07:52:57
639644,SENATE.NEITHER.2010,Neither Party to control the Senate after 2010 Congressional Elections,1,17.1,Sep/23/2010 07:54:07
639644,SENATE.NEITHER.2010,Neither Party to control the Senate after 2010 Congressional Elections,10,17.4,Sep/23/2010 08:58:26
639644,SENATE.NEITHER.2010,Neither Party to control the Senate after 2010 Congressional Elections,4,17.5,Sep/23/2010 08:58:40
639644,SENATE.NEITHER.2010,Neither Party to control the Senate after 2010 Congressional Elections,6,17.5,Sep/23/2010 09:00:03
639644,SENATE.NEITHER.2010,Neither Party to control the Senate after 2010 Congressional Elections,20,17.7,Sep/23/2010 09:00:07
639644,SENATE.NEITHER.2010,Neither Party to control the Senate after 2010 Congressional Elections,5,18.5,Sep/23/2010 09:00:19
639644,SENATE.NEITHER.2010,Neither Party to control the Senate after 2010 Congressional Elections,5,18.0,Sep/23/2010 09:00:19
639644,SENATE.NEITHER.2010,Neither Party to control the Senate after 2010 Congressional Elections,2,18.5,Sep/24/2010 00:31:51
639644,SENATE.NEITHER.2010,Neither Party to control the Senate after 2010 Congressional Elections,9,17.0,Sep/24/2010 06:50:34
639644,SENATE.NEITHER.2010,Neither Party to control the Senate after 2010 Congressional Elections,3,17.0,Sep/24/2010 06:54:12
639644,SENATE.NEITHER.2010,Neither Party to control the Senate after 2010 Congressional Elections,3,17.0,Sep/24/2010 06:54:28
639644,SENATE.NEITHER.2010,Neither Party to control the Senate after 2010 Congressional Elections,3,17.0,Sep/24/2010 06:54:48
639644,SENATE.NEITHER.2010,Neither Party to control the Senate after 2010 Congressional Elections,3,17.0,Sep/24/2010 06:55:02
639644,SENATE.NEITHER.2010,Neither Party to control the Senate after 2010 Congressional Elections,3,17.0,Sep/24/2010 06:55:18
639644,SENATE.NEITHER.2010,Neither Party to control the Senate after 2010 Congressional Elections,5,17.0,Sep/24/2010 07:43:06
639644,SENATE.NEITHER.2010,Neither Party to control the Senate after 2010 Congressional Elections,1,17.0,Sep/24/2010 15:01:09
639644,SENATE.NEITHER.2010,Neither Party to control the Senate after 2010 Congressional Elections,2,17.0,Sep/24/2010 15:04:11
639644,SENATE.NEITHER.2010,Neither Party to control the Senate after 2010 Congressional Elections,2,17.0,Sep/24/2010 15:04:33
639644,SENATE.NEITHER.2010,Neither Party to control the Senate after 2010 Congressional Elections,2,17.0,Sep/24/2010 15:04:45
639644,SENATE.NEITHER.2010,Neither Party to control the Senate after 2010 Congressional Elections,2,17.0,Sep/24/2010 15:05:00
639644,SENATE.NEITHER.2010,Neither Party to control the Senate after 2010 Congressional Elections,2,17.0,Sep/24/2010 15:05:12
639644,SENATE.NEITHER.2010,Neither Party to control the Senate after 2010 Congressional Elections,2,17.0,Sep/24/2010 15:05:24
639644,SENATE.NEITHER.2010,Neither Party to control the Senate after 2010 Congressional Elections,2,17.0,Sep/24/2010 15:06:02
639644,SENATE.NEITHER.2010,Neither Party to control the Senate after 2010 Congressional Elections,2,17.0,Sep/24/2010 15:06:20
639644,SENATE.NEITHER.2010,Neither Party to control the Senate after 2010 Congressional Elections,2,17.0,Sep/24/2010 15:08:16
639644,SENATE.NEITHER.2010,Neither Party to control the Senate after 2010 Congressional Elections,2,17.0,Sep/24/2010 15:08:28
639644,SENATE.NEITHER.2010,Neither Party to control the Senate after 2010 Congressional Elections,2,17.0,Sep/24/2010 15:08:40
639644,SENATE.NEITHER.2010,Neither Party to control the Senate after 2010 Congressional Elections,2,17.0,Sep/24/2010 15:08:52
639644,SENATE.NEITHER.2010,Neither Party to control the Senate after 2010 Congressional Elections,4,17.0,Sep/24/2010 17:28:58
639644,SENATE.NEITHER.2010,Neither Party to control the Senate after 2010 Congressional Elections,3,18.5,Sep/25/2010 12:43:35
639644,SENATE.NEITHER.2010,Neither Party to control the Senate after 2010 Congressional Elections,6,18.9,Sep/25/2010 12:45:58
639644,SENATE.NEITHER.2010,Neither Party to control the Senate after 2010 Congressional Elections,1,18.9,Sep/25/2010 13:42:23
639644,SENATE.NEITHER.2010,Neither Party to control the Senate after 2010 Congressional Elections,9,19.0,Sep/25/2010 14:24:38
639644,SENATE.NEITHER.2010,Neither Party to control the Senate after 2010 Congressional Elections,1,18.9,Sep/25/2010 14:24:38
639644,SENATE.NEITHER.2010,Neither Party to control the Senate after 2010 Congressional Elections,1,18.8,Sep/25/2010 14:49:49
639644,SENATE.NEITHER.2010,Neither Party to control the Senate after 2010 Congressional Elections,10,18.9,Sep/25/2010 17:57:01
639644,SENATE.NEITHER.2010,Neither Party to control the Senate after 2010 Congressional Elections,37,19.0,Sep/27/2010 10:04:52
639644,SENATE.NEITHER.2010,Neither Party to control the Senate after 2010 Congressional Elections,23,19.0,Sep/27/2010 10:05:04
639644,SENATE.NEITHER.2010,Neither Party to control the Senate after 2010 Congressional Elections,4,18.2,Sep/27/2010 11:24:24
639644,SENATE.NEITHER.2010,Neither Party to control the Senate after 2010 Congressional Elections,14,18.2,Sep/27/2010 11:26:26
639644,SENATE.NEITHER.2010,Neither Party to control the Senate after 2010 Congressional Elections,1,18.2,Sep/27/2010 16:20:48
639644,SENATE.NEITHER.2010,Neither Party to control the Senate after 2010 Congressional Elections,9,18.2,Sep/27/2010 16:20:48
639644,SENATE.NEITHER.2010,Neither Party to control the Senate after 2010 Congressional Elections,4,19.2,Sep/27/2010 22:47:04
639644,SENATE.NEITHER.2010,Neither Party to control the Senate after 2010 Congressional Elections,1,19.1,Sep/27/2010 22:47:06
639644,SENATE.NEITHER.2010,Neither Party to control the Senate after 2010 Congressional Elections,6,18.7,Sep/28/2010 00:39:21
639644,SENATE.NEITHER.2010,Neither Party to control the Senate after 2010 Congressional Elections,3,19.1,Sep/28/2010 00:39:21
639644,SENATE.NEITHER.2010,Neither Party to control the Senate after 2010 Congressional Elections,11,18.8,Sep/28/2010 00:39:21
639644,SENATE.NEITHER.2010,Neither Party to control the Senate after 2010 Congressional Elections,28,19.5,Sep/28/2010 04:31:00
639644,SENATE.NEITHER.2010,Neither Party to control the Senate after 2010 Congressional Elections,1,19.4,Sep/28/2010 04:31:00
639644,SENATE.NEITHER.2010,Neither Party to control the Senate after 2010 Congressional Elections,1,19.4,Sep/28/2010 04:31:00
639644,SENATE.NEITHER.2010,Neither Party to control the Senate after 2010 Congressional Elections,1,19.4,Sep/28/2010 04:31:00
639644,SENATE.NEITHER.2010,Neither Party to control the Senate after 2010 Congressional Elections,1,19.6,Sep/28/2010 05:37:35
639644,SENATE.NEITHER.2010,Neither Party to control the Senate after 2010 Congressional Elections,1,19.5,Sep/28/2010 14:02:26
639644,SENATE.NEITHER.2010,Neither Party to control the Senate after 2010 Congressional Elections,4,19.6,Sep/28/2010 14:02:26
639644,SENATE.NEITHER.2010,Neither Party to control the Senate after 2010 Congressional Elections,5,19.9,Sep/28/2010 14:02:26
639644,SENATE.NEITHER.2010,Neither Party to control the Senate after 2010 Congressional Elections,1,19.5,Sep/28/2010 14:13:40
639644,SENATE.NEITHER.2010,Neither Party to control the Senate after 2010 Congressional Elections,4,19.0,Sep/28/2010 15:08:13
639644,SENATE.NEITHER.2010,Neither Party to control the Senate after 2010 Congressional Elections,5,19.1,Sep/28/2010 15:08:13
639644,SENATE.NEITHER.2010,Neither Party to control the Senate after 2010 Congressional Elections,1,19.2,Sep/28/2010 15:08:13
639644,SENATE.NEITHER.2010,Neither Party to control the Senate after 2010 Congressional Elections,20,19.0,Sep/28/2010 15:09:34
639644,SENATE.NEITHER.2010,Neither Party to control the Senate after 2010 Congressional Elections,1,22.8,Sep/28/2010 15:21:00
639644,SENATE.NEITHER.2010,Neither Party to control the Senate after 2010 Congressional Elections,10,21.0,Sep/28/2010 15:24:08
639644,SENATE.NEITHER.2010,Neither Party to control the Senate after 2010 Congressional Elections,1,21.0,Sep/28/2010 15:32:20
639644,SENATE.NEITHER.2010,Neither Party to control the Senate after 2010 Congressional Elections,1,20.0,Sep/28/2010 15:35:37
639644,SENATE.NEITHER.2010,Neither Party to control the Senate after 2010 Congressional Elections,1,20.0,Sep/28/2010 15:35:52
639644,SENATE.NEITHER.2010,Neither Party to control the Senate after 2010 Congressional Elections,1,20.0,Sep/28/2010 15:36:06
639644,SENATE.NEITHER.2010,Neither Party to control the Senate after 2010 Congressional Elections,1,20.0,Sep/28/2010 15:36:19
639644,SENATE.NEITHER.2010,Neither Party to control the Senate after 2010 Congressional Elections,1,20.0,Sep/28/2010 15:36:34
639644,SENATE.NEITHER.2010,Neither Party to control the Senate after 2010 Congressional Elections,1,20.0,Sep/28/2010 15:36:47
639644,SENATE.NEITHER.2010,Neither Party to control the Senate after 2010 Congressional Elections,1,20.0,Sep/28/2010 15:37:00
639644,SENATE.NEITHER.2010,Neither Party to control the Senate after 2010 Congressional Elections,1,20.0,Sep/28/2010 15:37:13
639644,SENATE.NEITHER.2010,Neither Party to control the Senate after 2010 Congressional Elections,1,20.0,Sep/28/2010 15:37:26
639644,SENATE.NEITHER.2010,Neither Party to control the Senate after 2010 Congressional Elections,1,20.0,Sep/28/2010 15:37:38
639644,SENATE.NEITHER.2010,Neither Party to control the Senate after 2010 Congressional Elections,1,19.5,Sep/28/2010 16:30:10
639644,SENATE.NEITHER.2010,Neither Party to control the Senate after 2010 Congressional Elections,9,19.5,Sep/28/2010 16:52:52
639644,SENATE.NEITHER.2010,Neither Party to control the Senate after 2010 Congressional Elections,1,19.8,Sep/28/2010 16:53:02
639644,SENATE.NEITHER.2010,Neither Party to control the Senate after 2010 Congressional Elections,3,20.1,Sep/29/2010 02:37:44
639644,SENATE.NEITHER.2010,Neither Party to control the Senate after 2010 Congressional Elections,3,20.7,Sep/29/2010 12:15:58
639644,SENATE.NEITHER.2010,Neither Party to control the Senate after 2010 Congressional Elections,3,20.7,Sep/29/2010 12:16:12
639644,SENATE.NEITHER.2010,Neither Party to control the Senate after 2010 Congressional Elections,3,20.7,Sep/29/2010 12:16:27
639644,SENATE.NEITHER.2010,Neither Party to control the Senate after 2010 Congressional Elections,1,20.7,Sep/29/2010 12:16:55
639644,SENATE.NEITHER.2010,Neither Party to control the Senate after 2010 Congressional Elections,1,20.2,Sep/29/2010 13:15:43
639644,SENATE.NEITHER.2010,Neither Party to control the Senate after 2010 Congressional Elections,3,20.1,Sep/29/2010 14:10:55
639644,SENATE.NEITHER.2010,Neither Party to control the Senate after 2010 Congressional Elections,9,21.6,Sep/29/2010 15:01:59
639644,SENATE.NEITHER.2010,Neither Party to control the Senate after 2010 Congressional Elections,1,21.5,Sep/29/2010 15:01:59
639644,SENATE.NEITHER.2010,Neither Party to control the Senate after 2010 Congressional Elections,2,20.1,Sep/29/2010 15:59:27
639644,SENATE.NEITHER.2010,Neither Party to control the Senate after 2010 Congressional Elections,1,20.1,Sep/29/2010 16:00:26
639644,SENATE.NEITHER.2010,Neither Party to control the Senate after 2010 Congressional Elections,1,20.1,Sep/29/2010 16:00:41
639644,SENATE.NEITHER.2010,Neither Party to control the Senate after 2010 Congressional Elections,1,20.1,Sep/29/2010 16:01:03
639644,SENATE.NEITHER.2010,Neither Party to control the Senate after 2010 Congressional Elections,1,20.1,Sep/29/2010 16:01:18
639644,SENATE.NEITHER.2010,Neither Party to control the Senate after 2010 Congressional Elections,1,20.1,Sep/29/2010 16:01:31
639644,SENATE.NEITHER.2010,Neither Party to control the Senate after 2010 Congressional Elections,1,20.1,Sep/29/2010 16:01:45
639644,SENATE.NEITHER.2010,Neither Party to control the Senate after 2010 Congressional Elections,1,20.1,Sep/29/2010 16:01:58
639644,SENATE.NEITHER.2010,Neither Party to control the Senate after 2010 Congressional Elections,1,20.1,Sep/29/2010 16:02:11
639644,SENATE.NEITHER.2010,Neither Party to control the Senate after 2010 Congressional Elections,10,20.8,Sep/29/2010 17:07:48
639644,SENATE.NEITHER.2010,Neither Party to control the Senate after 2010 Congressional Elections,1,20.7,Sep/29/2010 17:07:48
639644,SENATE.NEITHER.2010,Neither Party to control the Senate after 2010 Congressional Elections,1,20.6,Sep/29/2010 17:20:59
639644,SENATE.NEITHER.2010,Neither Party to control the Senate after 2010 Congressional Elections,1,20.6,Sep/29/2010 17:21:26
639644,SENATE.NEITHER.2010,Neither Party to control the Senate after 2010 Congressional Elections,1,20.6,Sep/29/2010 17:22:03
639644,SENATE.NEITHER.2010,Neither Party to control the Senate after 2010 Congressional Elections,1,20.6,Sep/29/2010 17:22:36
639644,SENATE.NEITHER.2010,Neither Party to control the Senate after 2010 Congressional Elections,1,20.6,Sep/29/2010 17:23:03
639644,SENATE.NEITHER.2010,Neither Party to control the Senate after 2010 Congressional Elections,3,20.1,Sep/29/2010 18:07:06
639644,SENATE.NEITHER.2010,Neither Party to control the Senate after 2010 Congressional Elections,3,20.1,Sep/29/2010 18:07:33
639644,SENATE.NEITHER.2010,Neither Party to control the Senate after 2010 Congressional Elections,3,20.1,Sep/29/2010 18:07:48
639644,SENATE.NEITHER.2010,Neither Party to control the Senate after 2010 Congressional Elections,2,20.1,Sep/29/2010 18:08:08
639644,SENATE.NEITHER.2010,Neither Party to control the Senate after 2010 Congressional Elections,2,20.1,Sep/29/2010 19:45:50
639644,SENATE.NEITHER.2010,Neither Party to control the Senate after 2010 Congressional Elections,1,20.1,Sep/30/2010 00:18:00
639644,SENATE.NEITHER.2010,Neither Party to control the Senate after 2010 Congressional Elections,17,20.9,Sep/30/2010 00:19:36
639644,SENATE.NEITHER.2010,Neither Party to control the Senate after 2010 Congressional Elections,1,20.8,Sep/30/2010 00:19:36
639644,SENATE.NEITHER.2010,Neither Party to control the Senate after 2010 Congressional Elections,1,20.2,Sep/30/2010 00:19:36
639644,SENATE.NEITHER.2010,Neither Party to control the Senate after 2010 Congressional Elections,1,20.6,Sep/30/2010 00:19:36
639644,SENATE.NEITHER.2010,Neither Party to control the Senate after 2010 Congressional Elections,1,20.0,Sep/30/2010 01:56:25
639644,SENATE.NEITHER.2010,Neither Party to control the Senate after 2010 Congressional Elections,1,20.0,Sep/30/2010 01:56:40
639644,SENATE.NEITHER.2010,Neither Party to control the Senate after 2010 Congressional Elections,2,19.8,Sep/30/2010 03:56:58
639644,SENATE.NEITHER.2010,Neither Party to control the Senate after 2010 Congressional Elections,5,20.1,Sep/30/2010 04:20:02
639644,SENATE.NEITHER.2010,Neither Party to control the Senate after 2010 Congressional Elections,9,19.7,Sep/30/2010 04:20:06
639644,SENATE.NEITHER.2010,Neither Party to control the Senate after 2010 Congressional Elections,1,19.7,Sep/30/2010 04:20:08
639644,SENATE.NEITHER.2010,Neither Party to control the Senate after 2010 Congressional Elections,5,20.0,Sep/30/2010 04:23:57
639644,SENATE.NEITHER.2010,Neither Party to control the Senate after 2010 Congressional Elections,5,20.6,Sep/30/2010 04:46:50
639644,SENATE.NEITHER.2010,Neither Party to control the Senate after 2010 Congressional Elections,1,20.5,Sep/30/2010 04:46:50
639644,SENATE.NEITHER.2010,Neither Party to control the Senate after 2010 Congressional Elections,2,20.6,Sep/30/2010 04:46:53
639644,SENATE.NEITHER.2010,Neither Party to control the Senate after 2010 Congressional Elections,2,20.6,Sep/30/2010 04:48:03
639644,SENATE.NEITHER.2010,Neither Party to control the Senate after 2010 Congressional Elections,5,20.4,Sep/30/2010 04:53:23
639644,SENATE.NEITHER.2010,Neither Party to control the Senate after 2010 Congressional Elections,1,20.1,Sep/30/2010 05:08:04
639644,SENATE.NEITHER.2010,Neither Party to control the Senate after 2010 Congressional Elections,1,20.1,Sep/30/2010 05:08:32
639644,SENATE.NEITHER.2010,Neither Party to control the Senate after 2010 Congressional Elections,2,20.1,Sep/30/2010 05:08:36
639644,SENATE.NEITHER.2010,Neither Party to control the Senate after 2010 Congressional Elections,2,20.1,Sep/30/2010 05:08:38
639644,SENATE.NEITHER.2010,Neither Party to control the Senate after 2010 Congressional Elections,3,20.9,Sep/30/2010 07:18:53
639644,SENATE.NEITHER.2010,Neither Party to control the Senate after 2010 Congressional Elections,1,20.7,Sep/30/2010 07:18:53
639644,SENATE.NEITHER.2010,Neither Party to control the Senate after 2010 Congressional Elections,1,21.9,Sep/30/2010 10:52:00
639644,SENATE.NEITHER.2010,Neither Party to control the Senate after 2010 Congressional Elections,1,21.5,Sep/30/2010 10:52:00
639644,SENATE.NEITHER.2010,Neither Party to control the Senate after 2010 Congressional Elections,1,21.1,Sep/30/2010 10:52:00
639644,SENATE.NEITHER.2010,Neither Party to control the Senate after 2010 Congressional Elections,10,23.0,Sep/30/2010 10:53:57
639644,SENATE.NEITHER.2010,Neither Party to control the Senate after 2010 Congressional Elections,15,24.4,Sep/30/2010 10:53:57
639644,SENATE.NEITHER.2010,Neither Party to control the Senate after 2010 Congressional Elections,1,22.8,Sep/30/2010 10:53:57
639644,SENATE.NEITHER.2010,Neither Party to control the Senate after 2010 Congressional Elections,1,22.3,Sep/30/2010 10:53:57
639644,SENATE.NEITHER.2010,Neither Party to control the Senate after 2010 Congressional Elections,10,24.4,Sep/30/2010 10:55:39
639644,SENATE.NEITHER.2010,Neither Party to control the Senate after 2010 Congressional Elections,10,24.4,Sep/30/2010 10:59:01
639644,SENATE.NEITHER.2010,Neither Party to control the Senate after 2010 Congressional Elections,9,20.2,Sep/30/2010 16:05:20
639644,SENATE.NEITHER.2010,Neither Party to control the Senate after 2010 Congressional Elections,20,20.3,Sep/30/2010 16:05:20
639644,SENATE.NEITHER.2010,Neither Party to control the Senate after 2010 Congressional Elections,1,20.4,Sep/30/2010 16:05:20
639644,SENATE.NEITHER.2010,Neither Party to control the Senate after 2010 Congressional Elections,1,21.6,Sep/30/2010 19:51:49
639644,SENATE.NEITHER.2010,Neither Party to control the Senate after 2010 Congressional Elections,1,21.6,Sep/30/2010 19:52:39
639644,SENATE.NEITHER.2010,Neither Party to control the Senate after 2010 Congressional Elections,2,21.4,Sep/30/2010 21:32:07
639644,SENATE.NEITHER.2010,Neither Party to control the Senate after 2010 Congressional Elections,2,21.2,Sep/30/2010 21:32:08
639644,SENATE.NEITHER.2010,Neither Party to control the Senate after 2010 Congressional Elections,2,21.0,Sep/30/2010 21:32:10
639644,SENATE.NEITHER.2010,Neither Party to control the Senate after 2010 Congressional Elections,2,20.8,Sep/30/2010 21:32:12
639644,SENATE.NEITHER.2010,Neither Party to control the Senate after 2010 Congressional Elections,2,20.6,Sep/30/2010 21:32:14
639644,SENATE.NEITHER.2010,Neither Party to control the Senate after 2010 Congressional Elections,1,20.5,Oct/01/2010 04:34:59
639644,SENATE.NEITHER.2010,Neither Party to control the Senate after 2010 Congressional Elections,1,20.4,Oct/01/2010 04:43:04
639644,SENATE.NEITHER.2010,Neither Party to control the Senate after 2010 Congressional Elections,1,20.4,Oct/01/2010 04:43:19
639644,SENATE.NEITHER.2010,Neither Party to control the Senate after 2010 Congressional Elections,1,20.2,Oct/01/2010 12:26:57
639644,SENATE.NEITHER.2010,Neither Party to control the Senate after 2010 Congressional Elections,1,20.2,Oct/01/2010 12:27:28
639644,SENATE.NEITHER.2010,Neither Party to control the Senate after 2010 Congressional Elections,1,20.1,Oct/01/2010 12:27:41
639644,SENATE.NEITHER.2010,Neither Party to control the Senate after 2010 Congressional Elections,1,20.1,Oct/01/2010 12:28:09
639644,SENATE.NEITHER.2010,Neither Party to control the Senate after 2010 Congressional Elections,1,20.1,Oct/01/2010 12:28:18
639644,SENATE.NEITHER.2010,Neither Party to control the Senate after 2010 Congressional Elections,1,20.1,Oct/01/2010 12:28:41
639644,SENATE.NEITHER.2010,Neither Party to control the Senate after 2010 Congressional Elections,10,20.9,Oct/01/2010 14:28:01
639644,SENATE.NEITHER.2010,Neither Party to control the Senate after 2010 Congressional Elections,8,20.9,Oct/01/2010 14:28:50
639644,SENATE.NEITHER.2010,Neither Party to control the Senate after 2010 Congressional Elections,10,20.9,Oct/01/2010 14:29:06
639644,SENATE.NEITHER.2010,Neither Party to control the Senate after 2010 Congressional Elections,4,20.9,Oct/01/2010 14:29:55
639644,SENATE.NEITHER.2010,Neither Party to control the Senate after 2010 Congressional Elections,1,20.6,Oct/01/2010 15:57:08
639644,SENATE.NEITHER.2010,Neither Party to control the Senate after 2010 Congressional Elections,1,20.6,Oct/01/2010 15:57:44
639644,SENATE.NEITHER.2010,Neither Party to control the Senate after 2010 Congressional Elections,1,20.6,Oct/01/2010 15:57:59
639644,SENATE.NEITHER.2010,Neither Party to control the Senate after 2010 Congressional Elections,1,20.6,Oct/01/2010 15:58:14
639644,SENATE.NEITHER.2010,Neither Party to control the Senate after 2010 Congressional Elections,1,20.6,Oct/01/2010 15:58:27
639644,SENATE.NEITHER.2010,Neither Party to control the Senate after 2010 Congressional Elections,5,20.6,Oct/01/2010 19:01:04
639644,SENATE.NEITHER.2010,Neither Party to control the Senate after 2010 Congressional Elections,20,20.4,Oct/01/2010 19:10:29
639644,SENATE.NEITHER.2010,Neither Party to control the Senate after 2010 Congressional Elections,2,20.8,Oct/02/2010 01:48:55
639644,SENATE.NEITHER.2010,Neither Party to control the Senate after 2010 Congressional Elections,1,20.8,Oct/02/2010 01:48:56
639644,SENATE.NEITHER.2010,Neither Party to control the Senate after 2010 Congressional Elections,1,20.8,Oct/02/2010 03:45:31
639644,SENATE.NEITHER.2010,Neither Party to control the Senate after 2010 Congressional Elections,1,20.8,Oct/02/2010 03:45:33
639644,SENATE.NEITHER.2010,Neither Party to control the Senate after 2010 Congressional Elections,3,20.7,Oct/02/2010 03:45:35
639644,SENATE.NEITHER.2010,Neither Party to control the Senate after 2010 Congressional Elections,2,20.7,Oct/02/2010 03:45:36
639644,SENATE.NEITHER.2010,Neither Party to control the Senate after 2010 Congressional Elections,2,20.6,Oct/02/2010 03:45:38
639644,SENATE.NEITHER.2010,Neither Party to control the Senate after 2010 Congressional Elections,1,20.6,Oct/02/2010 04:38:23
639644,SENATE.NEITHER.2010,Neither Party to control the Senate after 2010 Congressional Elections,1,22.0,Oct/02/2010 14:28:56
639644,SENATE.NEITHER.2010,Neither Party to control the Senate after 2010 Congressional Elections,1,22.0,Oct/02/2010 14:30:01
639644,SENATE.NEITHER.2010,Neither Party to control the Senate after 2010 Congressional Elections,1,22.0,Oct/02/2010 14:30:51
639644,SENATE.NEITHER.2010,Neither Party to control the Senate after 2010 Congressional Elections,1,23.0,Oct/02/2010 18:43:15
639644,SENATE.NEITHER.2010,Neither Party to control the Senate after 2010 Congressional Elections,1,22.9,Oct/02/2010 18:43:15
639644,SENATE.NEITHER.2010,Neither Party to control the Senate after 2010 Congressional Elections,3,22.6,Oct/02/2010 18:43:15
639644,SENATE.NEITHER.2010,Neither Party to control the Senate after 2010 Congressional Elections,1,22.5,Oct/02/2010 18:43:15
639644,SENATE.NEITHER.2010,Neither Party to control the Senate after 2010 Congressional Elections,2,22.4,Oct/02/2010 18:43:15
639644,SENATE.NEITHER.2010,Neither Party to control the Senate after 2010 Congressional Elections,1,22.9,Oct/02/2010 18:44:30
639644,SENATE.NEITHER.2010,Neither Party to control the Senate after 2010 Congressional Elections,1,22.6,Oct/02/2010 18:45:15
639644,SENATE.NEITHER.2010,Neither Party to control the Senate after 2010 Congressional Elections,5,23.5,Oct/02/2010 19:30:43
639644,SENATE.NEITHER.2010,Neither Party to control the Senate after 2010 Congressional Elections,1,23.2,Oct/02/2010 19:30:43
639644,SENATE.NEITHER.2010,Neither Party to control the Senate after 2010 Congressional Elections,1,23.0,Oct/02/2010 19:30:43
639644,SENATE.NEITHER.2010,Neither Party to control the Senate after 2010 Congressional Elections,5,22.9,Oct/02/2010 19:30:43
639644,SENATE.NEITHER.2010,Neither Party to control the Senate after 2010 Congressional Elections,27,24.4,Oct/02/2010 19:33:14
639644,SENATE.NEITHER.2010,Neither Party to control the Senate after 2010 Congressional Elections,1,24.2,Oct/02/2010 19:33:14
639644,SENATE.NEITHER.2010,Neither Party to control the Senate after 2010 Congressional Elections,1,24.4,Oct/02/2010 19:33:14
639644,SENATE.NEITHER.2010,Neither Party to control the Senate after 2010 Congressional Elections,1,23.9,Oct/02/2010 19:33:14
639644,SENATE.NEITHER.2010,Neither Party to control the Senate after 2010 Congressional Elections,18,23.8,Oct/02/2010 19:33:14
639644,SENATE.NEITHER.2010,Neither Party to control the Senate after 2010 Congressional Elections,1,23.7,Oct/02/2010 19:33:14
639644,SENATE.NEITHER.2010,Neither Party to control the Senate after 2010 Congressional Elections,20,24.4,Oct/02/2010 19:33:14
639644,SENATE.NEITHER.2010,Neither Party to control the Senate after 2010 Congressional Elections,14,24.4,Oct/02/2010 19:33:14
639644,SENATE.NEITHER.2010,Neither Party to control the Senate after 2010 Congressional Elections,40,24.5,Oct/02/2010 19:34:13
639644,SENATE.NEITHER.2010,Neither Party to control the Senate after 2010 Congressional Elections,1,22.3,Oct/02/2010 19:38:33
639644,SENATE.NEITHER.2010,Neither Party to control the Senate after 2010 Congressional Elections,1,22.0,Oct/02/2010 19:41:13
639644,SENATE.NEITHER.2010,Neither Party to control the Senate after 2010 Congressional Elections,1,21.8,Oct/02/2010 19:42:20
639644,SENATE.NEITHER.2010,Neither Party to control the Senate after 2010 Congressional Elections,1,21.6,Oct/02/2010 19:43:12
639644,SENATE.NEITHER.2010,Neither Party to control the Senate after 2010 Congressional Elections,1,21.4,Oct/02/2010 19:44:12
639644,SENATE.NEITHER.2010,Neither Party to control the Senate after 2010 Congressional Elections,5,24.9,Oct/02/2010 22:27:22
639644,SENATE.NEITHER.2010,Neither Party to control the Senate after 2010 Congressional Elections,1,25.0,Oct/02/2010 22:27:22
639644,SENATE.NEITHER.2010,Neither Party to control the Senate after 2010 Congressional Elections,1,24.8,Oct/02/2010 22:27:22
639644,SENATE.NEITHER.2010,Neither Party to control the Senate after 2010 Congressional Elections,1,24.8,Oct/02/2010 22:27:22
639644,SENATE.NEITHER.2010,Neither Party to control the Senate after 2010 Congressional Elections,1,27.3,Oct/02/2010 23:54:00
639644,SENATE.NEITHER.2010,Neither Party to control the Senate after 2010 Congressional Elections,1,26.0,Oct/03/2010 00:59:30
639644,SENATE.NEITHER.2010,Neither Party to control the Senate after 2010 Congressional Elections,49,26.0,Oct/03/2010 04:12:04
639644,SENATE.NEITHER.2010,Neither Party to control the Senate after 2010 Congressional Elections,1,22.6,Oct/03/2010 14:05:26
639644,SENATE.NEITHER.2010,Neither Party to control the Senate after 2010 Congressional Elections,1,22.6,Oct/03/2010 14:05:53
639644,SENATE.NEITHER.2010,Neither Party to control the Senate after 2010 Congressional Elections,1,22.6,Oct/03/2010 14:06:17
639644,SENATE.NEITHER.2010,Neither Party to control the Senate after 2010 Congressional Elections,1,22.5,Oct/03/2010 14:32:20
639644,SENATE.NEITHER.2010,Neither Party to control the Senate after 2010 Congressional Elections,5,22.3,Oct/03/2010 20:58:49
639644,SENATE.NEITHER.2010,Neither Party to control the Senate after 2010 Congressional Elections,60,22.0,Oct/04/2010 14:41:25
639644,SENATE.NEITHER.2010,Neither Party to control the Senate after 2010 Congressional Elections,20,22.3,Oct/04/2010 14:41:25
639644,SENATE.NEITHER.2010,Neither Party to control the Senate after 2010 Congressional Elections,20,22.0,Oct/04/2010 14:46:56
639644,SENATE.NEITHER.2010,Neither Party to control the Senate after 2010 Congressional Elections,1,25.7,Oct/04/2010 22:09:40
639644,SENATE.NEITHER.2010,Neither Party to control the Senate after 2010 Congressional Elections,1,25.9,Oct/04/2010 22:09:40
639644,SENATE.NEITHER.2010,Neither Party to control the Senate after 2010 Congressional Elections,1,24.9,Oct/05/2010 06:52:12
639644,SENATE.NEITHER.2010,Neither Party to control the Senate after 2010 Congressional Elections,10,25.4,Oct/05/2010 06:52:12
639644,SENATE.NEITHER.2010,Neither Party to control the Senate after 2010 Congressional Elections,10,25.3,Oct/05/2010 06:52:12
639644,SENATE.NEITHER.2010,Neither Party to control the Senate after 2010 Congressional Elections,13,26.0,Oct/05/2010 06:54:50
639644,SENATE.NEITHER.2010,Neither Party to control the Senate after 2010 Congressional Elections,8,25.9,Oct/05/2010 06:54:50
639644,SENATE.NEITHER.2010,Neither Party to control the Senate after 2010 Congressional Elections,2,25.9,Oct/05/2010 06:54:50
639644,SENATE.NEITHER.2010,Neither Party to control the Senate after 2010 Congressional Elections,1,25.8,Oct/05/2010 06:54:50
639644,SENATE.NEITHER.2010,Neither Party to control the Senate after 2010 Congressional Elections,5,25.7,Oct/05/2010 06:54:50
639644,SENATE.NEITHER.2010,Neither Party to control the Senate after 2010 Congressional Elections,1,25.5,Oct/05/2010 06:54:50
639644,SENATE.NEITHER.2010,Neither Party to control the Senate after 2010 Congressional Elections,29,21.0,Oct/05/2010 14:30:49
639644,SENATE.NEITHER.2010,Neither Party to control the Senate after 2010 Congressional Elections,5,21.1,Oct/05/2010 14:30:49
639644,SENATE.NEITHER.2010,Neither Party to control the Senate after 2010 Congressional Elections,1,21.3,Oct/05/2010 14:30:49
639644,SENATE.NEITHER.2010,Neither Party to control the Senate after 2010 Congressional Elections,1,21.5,Oct/05/2010 14:30:49
639644,SENATE.NEITHER.2010,Neither Party to control the Senate after 2010 Congressional Elections,18,21.6,Oct/05/2010 14:30:49
639644,SENATE.NEITHER.2010,Neither Party to control the Senate after 2010 Congressional Elections,1,21.7,Oct/05/2010 14:30:49
639644,SENATE.NEITHER.2010,Neither Party to control the Senate after 2010 Congressional Elections,4,22.2,Oct/05/2010 16:34:11
639644,SENATE.NEITHER.2010,Neither Party to control the Senate after 2010 Congressional Elections,8,22.4,Oct/05/2010 16:46:07
639644,SENATE.NEITHER.2010,Neither Party to control the Senate after 2010 Congressional Elections,3,22.2,Oct/05/2010 16:48:21
639644,SENATE.NEITHER.2010,Neither Party to control the Senate after 2010 Congressional Elections,1,22.2,Oct/05/2010 16:50:17
639644,SENATE.NEITHER.2010,Neither Party to control the Senate after 2010 Congressional Elections,5,22.1,Oct/05/2010 16:52:37
639644,SENATE.NEITHER.2010,Neither Party to control the Senate after 2010 Congressional Elections,5,22.6,Oct/05/2010 17:04:50
639644,SENATE.NEITHER.2010,Neither Party to control the Senate after 2010 Congressional Elections,5,22.6,Oct/05/2010 17:04:52
639644,SENATE.NEITHER.2010,Neither Party to control the Senate after 2010 Congressional Elections,1,24.9,Oct/05/2010 17:38:11
639644,SENATE.NEITHER.2010,Neither Party to control the Senate after 2010 Congressional Elections,19,24.9,Oct/05/2010 17:38:11
639644,SENATE.NEITHER.2010,Neither Party to control the Senate after 2010 Congressional Elections,2,25.0,Oct/05/2010 19:05:53
639644,SENATE.NEITHER.2010,Neither Party to control the Senate after 2010 Congressional Elections,1,24.9,Oct/05/2010 19:05:53
639644,SENATE.NEITHER.2010,Neither Party to control the Senate after 2010 Congressional Elections,10,25.0,Oct/05/2010 21:59:10
639644,SENATE.NEITHER.2010,Neither Party to control the Senate after 2010 Congressional Elections,1,24.9,Oct/05/2010 21:59:10
639644,SENATE.NEITHER.2010,Neither Party to control the Senate after 2010 Congressional Elections,8,25.0,Oct/06/2010 02:52:58
639644,SENATE.NEITHER.2010,Neither Party to control the Senate after 2010 Congressional Elections,1,24.9,Oct/06/2010 02:52:58
639644,SENATE.NEITHER.2010,Neither Party to control the Senate after 2010 Congressional Elections,3,24.3,Oct/06/2010 03:36:19
639644,SENATE.NEITHER.2010,Neither Party to control the Senate after 2010 Congressional Elections,10,25.2,Oct/06/2010 04:10:17
639644,SENATE.NEITHER.2010,Neither Party to control the Senate after 2010 Congressional Elections,1,24.4,Oct/06/2010 13:02:11
639644,SENATE.NEITHER.2010,Neither Party to control the Senate after 2010 Congressional Elections,1,24.4,Oct/06/2010 13:20:11
639644,SENATE.NEITHER.2010,Neither Party to control the Senate after 2010 Congressional Elections,1,24.4,Oct/06/2010 14:26:35
639644,SENATE.NEITHER.2010,Neither Party to control the Senate after 2010 Congressional Elections,1,25.0,Oct/06/2010 19:21:10
639644,SENATE.NEITHER.2010,Neither Party to control the Senate after 2010 Congressional Elections,2,25.0,Oct/06/2010 20:10:50
639644,SENATE.NEITHER.2010,Neither Party to control the Senate after 2010 Congressional Elections,1,25.4,Oct/06/2010 21:06:37
639644,SENATE.NEITHER.2010,Neither Party to control the Senate after 2010 Congressional Elections,1,25.4,Oct/06/2010 21:06:37
639644,SENATE.NEITHER.2010,Neither Party to control the Senate after 2010 Congressional Elections,5,25.5,Oct/06/2010 21:10:19
639644,SENATE.NEITHER.2010,Neither Party to control the Senate after 2010 Congressional Elections,1,25.5,Oct/06/2010 21:10:19
639644,SENATE.NEITHER.2010,Neither Party to control the Senate after 2010 Congressional Elections,3,26.0,Oct/06/2010 21:16:42
639644,SENATE.NEITHER.2010,Neither Party to control the Senate after 2010 Congressional Elections,1,25.9,Oct/06/2010 21:16:42
639644,SENATE.NEITHER.2010,Neither Party to control the Senate after 2010 Congressional Elections,1,25.8,Oct/06/2010 21:16:42
639644,SENATE.NEITHER.2010,Neither Party to control the Senate after 2010 Congressional Elections,2,25.7,Oct/06/2010 21:16:42
639644,SENATE.NEITHER.2010,Neither Party to control the Senate after 2010 Congressional Elections,1,25.6,Oct/06/2010 21:16:42
639644,SENATE.NEITHER.2010,Neither Party to control the Senate after 2010 Congressional Elections,9,27.4,Oct/06/2010 21:16:58
639644,SENATE.NEITHER.2010,Neither Party to control the Senate after 2010 Congressional Elections,1,27.3,Oct/06/2010 21:16:58
639644,SENATE.NEITHER.2010,Neither Party to control the Senate after 2010 Congressional Elections,53,27.4,Oct/06/2010 21:18:22
639644,SENATE.NEITHER.2010,Neither Party to control the Senate after 2010 Congressional Elections,222,27.5,Oct/06/2010 21:33:39
639644,SENATE.NEITHER.2010,Neither Party to control the Senate after 2010 Congressional Elections,1,25.1,Oct/06/2010 21:39:07
639644,SENATE.NEITHER.2010,Neither Party to control the Senate after 2010 Congressional Elections,1,25.1,Oct/06/2010 21:39:20
639644,SENATE.NEITHER.2010,Neither Party to control the Senate after 2010 Congressional Elections,1,25.1,Oct/06/2010 21:39:34
639644,SENATE.NEITHER.2010,Neither Party to control the Senate after 2010 Congressional Elections,1,25.2,Oct/06/2010 21:39:46
639644,SENATE.NEITHER.2010,Neither Party to control the Senate after 2010 Congressional Elections,1,25.2,Oct/06/2010 21:40:12
639644,SENATE.NEITHER.2010,Neither Party to control the Senate after 2010 Congressional Elections,1,25.2,Oct/06/2010 21:40:26
639644,SENATE.NEITHER.2010,Neither Party to control the Senate after 2010 Congressional Elections,1,25.2,Oct/06/2010 21:40:37
639644,SENATE.NEITHER.2010,Neither Party to control the Senate after 2010 Congressional Elections,1,25.2,Oct/06/2010 21:40:52
639644,SENATE.NEITHER.2010,Neither Party to control the Senate after 2010 Congressional Elections,1,25.2,Oct/06/2010 21:41:05
639644,SENATE.NEITHER.2010,Neither Party to control the Senate after 2010 Congressional Elections,1,25.2,Oct/06/2010 21:41:17
639644,SENATE.NEITHER.2010,Neither Party to control the Senate after 2010 Congressional Elections,1,25.2,Oct/06/2010 21:41:31
639644,SENATE.NEITHER.2010,Neither Party to control the Senate after 2010 Congressional Elections,1,25.2,Oct/06/2010 21:41:42
639644,SENATE.NEITHER.2010,Neither Party to control the Senate after 2010 Congressional Elections,1,25.2,Oct/06/2010 21:41:54
639644,SENATE.NEITHER.2010,Neither Party to control the Senate after 2010 Congressional Elections,1,25.2,Oct/06/2010 21:42:06
639644,SENATE.NEITHER.2010,Neither Party to control the Senate after 2010 Congressional Elections,1,25.2,Oct/06/2010 21:42:20
639644,SENATE.NEITHER.2010,Neither Party to control the Senate after 2010 Congressional Elections,1,25.2,Oct/06/2010 21:42:32
639644,SENATE.NEITHER.2010,Neither Party to control the Senate after 2010 Congressional Elections,1,25.2,Oct/06/2010 21:42:45
639644,SENATE.NEITHER.2010,Neither Party to control the Senate after 2010 Congressional Elections,1,25.3,Oct/06/2010 21:42:59
639644,SENATE.NEITHER.2010,Neither Party to control the Senate after 2010 Congressional Elections,1,25.4,Oct/06/2010 21:43:14
639644,SENATE.NEITHER.2010,Neither Party to control the Senate after 2010 Congressional Elections,1,25.5,Oct/06/2010 21:43:48
639644,SENATE.NEITHER.2010,Neither Party to control the Senate after 2010 Congressional Elections,1,25.5,Oct/06/2010 21:44:01
639644,SENATE.NEITHER.2010,Neither Party to control the Senate after 2010 Congressional Elections,1,25.6,Oct/06/2010 21:44:14
639644,SENATE.NEITHER.2010,Neither Party to control the Senate after 2010 Congressional Elections,1,25.7,Oct/06/2010 21:44:26
639644,SENATE.NEITHER.2010,Neither Party to control the Senate after 2010 Congressional Elections,1,25.7,Oct/06/2010 21:44:40
639644,SENATE.NEITHER.2010,Neither Party to control the Senate after 2010 Congressional Elections,1,25.7,Oct/06/2010 21:44:57
639644,SENATE.NEITHER.2010,Neither Party to control the Senate after 2010 Congressional Elections,1,25.9,Oct/06/2010 21:47:26
639644,SENATE.NEITHER.2010,Neither Party to control the Senate after 2010 Congressional Elections,1,25.9,Oct/06/2010 21:48:01
639644,SENATE.NEITHER.2010,Neither Party to control the Senate after 2010 Congressional Elections,1,25.9,Oct/06/2010 21:48:13
639644,SENATE.NEITHER.2010,Neither Party to control the Senate after 2010 Congressional Elections,1,25.9,Oct/06/2010 21:48:33
639644,SENATE.NEITHER.2010,Neither Party to control the Senate after 2010 Congressional Elections,1,25.9,Oct/06/2010 21:48:44
639644,SENATE.NEITHER.2010,Neither Party to control the Senate after 2010 Congressional Elections,1,25.9,Oct/06/2010 21:48:58
639644,SENATE.NEITHER.2010,Neither Party to control the Senate after 2010 Congressional Elections,1,26.0,Oct/06/2010 21:49:10
639644,SENATE.NEITHER.2010,Neither Party to control the Senate after 2010 Congressional Elections,1,26.0,Oct/06/2010 21:49:23
639644,SENATE.NEITHER.2010,Neither Party to control the Senate after 2010 Congressional Elections,1,26.1,Oct/06/2010 21:49:36
639644,SENATE.NEITHER.2010,Neither Party to control the Senate after 2010 Congressional Elections,1,26.1,Oct/06/2010 21:49:49
639644,SENATE.NEITHER.2010,Neither Party to control the Senate after 2010 Congressional Elections,1,26.1,Oct/06/2010 21:50:01
639644,SENATE.NEITHER.2010,Neither Party to control the Senate after 2010 Congressional Elections,1,26.0,Oct/06/2010 21:50:17
639644,SENATE.NEITHER.2010,Neither Party to control the Senate after 2010 Congressional Elections,1,26.0,Oct/06/2010 21:50:31
639644,SENATE.NEITHER.2010,Neither Party to control the Senate after 2010 Congressional Elections,1,26.0,Oct/06/2010 21:50:44
639644,SENATE.NEITHER.2010,Neither Party to control the Senate after 2010 Congressional Elections,1,26.1,Oct/06/2010 21:50:58
639644,SENATE.NEITHER.2010,Neither Party to control the Senate after 2010 Congressional Elections,1,26.1,Oct/06/2010 21:51:12
639644,SENATE.NEITHER.2010,Neither Party to control the Senate after 2010 Congressional Elections,1,26.1,Oct/06/2010 21:51:25
639644,SENATE.NEITHER.2010,Neither Party to control the Senate after 2010 Congressional Elections,1,26.0,Oct/06/2010 21:51:38
639644,SENATE.NEITHER.2010,Neither Party to control the Senate after 2010 Congressional Elections,1,26.0,Oct/06/2010 21:51:51
639644,SENATE.NEITHER.2010,Neither Party to control the Senate after 2010 Congressional Elections,1,26.0,Oct/06/2010 21:52:54
639644,SENATE.NEITHER.2010,Neither Party to control the Senate after 2010 Congressional Elections,1,26.0,Oct/06/2010 21:53:06
639644,SENATE.NEITHER.2010,Neither Party to control the Senate after 2010 Congressional Elections,1,26.0,Oct/06/2010 21:53:19
639644,SENATE.NEITHER.2010,Neither Party to control the Senate after 2010 Congressional Elections,1,26.0,Oct/06/2010 21:53:32
639644,SENATE.NEITHER.2010,Neither Party to control the Senate after 2010 Congressional Elections,1,26.0,Oct/06/2010 21:53:44
639644,SENATE.NEITHER.2010,Neither Party to control the Senate after 2010 Congressional Elections,1,26.0,Oct/06/2010 21:53:58
639644,SENATE.NEITHER.2010,Neither Party to control the Senate after 2010 Congressional Elections,1,25.1,Oct/06/2010 22:08:29
639644,SENATE.NEITHER.2010,Neither Party to control the Senate after 2010 Congressional Elections,1,25.1,Oct/06/2010 22:08:42
639644,SENATE.NEITHER.2010,Neither Party to control the Senate after 2010 Congressional Elections,5,25.1,Oct/06/2010 22:11:21
639644,SENATE.NEITHER.2010,Neither Party to control the Senate after 2010 Congressional Elections,1,25.1,Oct/06/2010 22:11:21
639644,SENATE.NEITHER.2010,Neither Party to control the Senate after 2010 Congressional Elections,5,25.0,Oct/06/2010 22:12:45
639644,SENATE.NEITHER.2010,Neither Party to control the Senate after 2010 Congressional Elections,1,25.0,Oct/06/2010 22:15:11
639644,SENATE.NEITHER.2010,Neither Party to control the Senate after 2010 Congressional Elections,2,25.0,Oct/06/2010 22:15:40
639644,SENATE.NEITHER.2010,Neither Party to control the Senate after 2010 Congressional Elections,2,25.0,Oct/06/2010 22:15:54
639644,SENATE.NEITHER.2010,Neither Party to control the Senate after 2010 Congressional Elections,1,25.0,Oct/06/2010 22:18:17
639644,SENATE.NEITHER.2010,Neither Party to control the Senate after 2010 Congressional Elections,1,25.0,Oct/06/2010 22:18:17
639644,SENATE.NEITHER.2010,Neither Party to control the Senate after 2010 Congressional Elections,2,24.8,Oct/06/2010 22:23:08
639644,SENATE.NEITHER.2010,Neither Party to control the Senate after 2010 Congressional Elections,1,24.8,Oct/06/2010 22:23:21
639644,SENATE.NEITHER.2010,Neither Party to control the Senate after 2010 Congressional Elections,1,24.8,Oct/06/2010 22:23:21
639644,SENATE.NEITHER.2010,Neither Party to control the Senate after 2010 Congressional Elections,1,28.5,Oct/06/2010 22:49:58
639644,SENATE.NEITHER.2010,Neither Party to control the Senate after 2010 Congressional Elections,10,28.0,Oct/06/2010 22:53:34
639644,SENATE.NEITHER.2010,Neither Party to control the Senate after 2010 Congressional Elections,10,25.0,Oct/07/2010 02:47:16
639644,SENATE.NEITHER.2010,Neither Party to control the Senate after 2010 Congressional Elections,1,25.6,Oct/07/2010 11:27:26
639644,SENATE.NEITHER.2010,Neither Party to control the Senate after 2010 Congressional Elections,26,30.0,Oct/07/2010 18:32:01
639644,SENATE.NEITHER.2010,Neither Party to control the Senate after 2010 Congressional Elections,10,28.0,Oct/07/2010 19:10:37
639644,SENATE.NEITHER.2010,Neither Party to control the Senate after 2010 Congressional Elections,20,27.0,Oct/07/2010 19:11:04
639644,SENATE.NEITHER.2010,Neither Party to control the Senate after 2010 Congressional Elections,23,28.0,Oct/07/2010 19:11:28
639644,SENATE.NEITHER.2010,Neither Party to control the Senate after 2010 Congressional Elections,2,29.9,Oct/07/2010 19:13:32
639644,SENATE.NEITHER.2010,Neither Party to control the Senate after 2010 Congressional Elections,20,30.0,Oct/07/2010 19:21:49
639644,SENATE.NEITHER.2010,Neither Party to control the Senate after 2010 Congressional Elections,8,29.9,Oct/07/2010 19:21:49
639644,SENATE.NEITHER.2010,Neither Party to control the Senate after 2010 Congressional Elections,1,31.5,Oct/07/2010 20:27:13
639644,SENATE.NEITHER.2010,Neither Party to control the Senate after 2010 Congressional Elections,4,28.1,Oct/07/2010 21:39:27
639644,SENATE.NEITHER.2010,Neither Party to control the Senate after 2010 Congressional Elections,1,29.2,Oct/08/2010 00:37:46
639644,SENATE.NEITHER.2010,Neither Party to control the Senate after 2010 Congressional Elections,1,30.6,Oct/08/2010 04:27:22
639644,SENATE.NEITHER.2010,Neither Party to control the Senate after 2010 Congressional Elections,1,30.3,Oct/08/2010 05:23:44
639644,SENATE.NEITHER.2010,Neither Party to control the Senate after 2010 Congressional Elections,1,30.0,Oct/08/2010 05:23:44
639644,SENATE.NEITHER.2010,Neither Party to control the Senate after 2010 Congressional Elections,1,29.7,Oct/08/2010 05:25:36
639644,SENATE.NEITHER.2010,Neither Party to control the Senate after 2010 Congressional Elections,5,30.1,Oct/08/2010 18:13:05
639644,SENATE.NEITHER.2010,Neither Party to control the Senate after 2010 Congressional Elections,1,30.2,Oct/08/2010 18:13:05
639644,SENATE.NEITHER.2010,Neither Party to control the Senate after 2010 Congressional Elections,10,30.0,Oct/08/2010 21:19:19
639644,SENATE.NEITHER.2010,Neither Party to control the Senate after 2010 Congressional Elections,1,33.0,Oct/08/2010 22:33:32
639644,SENATE.NEITHER.2010,Neither Party to control the Senate after 2010 Congressional Elections,4,29.7,Oct/09/2010 02:01:00
639644,SENATE.NEITHER.2010,Neither Party to control the Senate after 2010 Congressional Elections,5,29.6,Oct/09/2010 02:01:02
639644,SENATE.NEITHER.2010,Neither Party to control the Senate after 2010 Congressional Elections,1,29.1,Oct/09/2010 02:16:38
639644,SENATE.NEITHER.2010,Neither Party to control the Senate after 2010 Congressional Elections,5,29.1,Oct/09/2010 02:16:38
639644,SENATE.NEITHER.2010,Neither Party to control the Senate after 2010 Congressional Elections,10,29.0,Oct/09/2010 02:16:40
639644,SENATE.NEITHER.2010,Neither Party to control the Senate after 2010 Congressional Elections,10,28.7,Oct/09/2010 02:17:18
639644,SENATE.NEITHER.2010,Neither Party to control the Senate after 2010 Congressional Elections,1,28.7,Oct/09/2010 02:19:30
639644,SENATE.NEITHER.2010,Neither Party to control the Senate after 2010 Congressional Elections,1,28.7,Oct/09/2010 02:20:13
639644,SENATE.NEITHER.2010,Neither Party to control the Senate after 2010 Congressional Elections,5,28.1,Oct/09/2010 04:02:35
639644,SENATE.NEITHER.2010,Neither Party to control the Senate after 2010 Congressional Elections,5,28.6,Oct/09/2010 04:02:35
639644,SENATE.NEITHER.2010,Neither Party to control the Senate after 2010 Congressional Elections,5,25.1,Oct/09/2010 04:05:37
639644,SENATE.NEITHER.2010,Neither Party to control the Senate after 2010 Congressional Elections,5,26.1,Oct/09/2010 04:05:37
639644,SENATE.NEITHER.2010,Neither Party to control the Senate after 2010 Congressional Elections,5,27.1,Oct/09/2010 04:05:37
639644,SENATE.NEITHER.2010,Neither Party to control the Senate after 2010 Congressional Elections,5,27.6,Oct/09/2010 04:05:37
639644,SENATE.NEITHER.2010,Neither Party to control the Senate after 2010 Congressional Elections,28,25.0,Oct/09/2010 04:05:37
639644,SENATE.NEITHER.2010,Neither Party to control the Senate after 2010 Congressional Elections,22,25.0,Oct/09/2010 04:10:43
639644,SENATE.NEITHER.2010,Neither Party to control the Senate after 2010 Congressional Elections,29,25.0,Oct/09/2010 04:10:43
639644,SENATE.NEITHER.2010,Neither Party to control the Senate after 2010 Congressional Elections,1,26.2,Oct/09/2010 16:45:04
639644,SENATE.NEITHER.2010,Neither Party to control the Senate after 2010 Congressional Elections,5,26.1,Oct/09/2010 16:45:29
639644,SENATE.NEITHER.2010,Neither Party to control the Senate after 2010 Congressional Elections,10,26.4,Oct/10/2010 18:35:12
639644,SENATE.NEITHER.2010,Neither Party to control the Senate after 2010 Congressional Elections,1,27.9,Oct/11/2010 01:27:38
639644,SENATE.NEITHER.2010,Neither Party to control the Senate after 2010 Congressional Elections,1,28.0,Oct/11/2010 01:27:52
639644,SENATE.NEITHER.2010,Neither Party to control the Senate after 2010 Congressional Elections,23,28.4,Oct/11/2010 14:28:32
639644,SENATE.NEITHER.2010,Neither Party to control the Senate after 2010 Congressional Elections,2,28.5,Oct/11/2010 20:11:25
639644,SENATE.NEITHER.2010,Neither Party to control the Senate after 2010 Congressional Elections,2,29.4,Oct/11/2010 20:11:25
639644,SENATE.NEITHER.2010,Neither Party to control the Senate after 2010 Congressional Elections,1,29.4,Oct/11/2010 20:56:16
639644,SENATE.NEITHER.2010,Neither Party to control the Senate after 2010 Congressional Elections,43,29.4,Oct/11/2010 23:06:33
639644,SENATE.NEITHER.2010,Neither Party to control the Senate after 2010 Congressional Elections,3,29.3,Oct/11/2010 23:06:33
639644,SENATE.NEITHER.2010,Neither Party to control the Senate after 2010 Congressional Elections,1,29.8,Oct/12/2010 07:15:10
639644,SENATE.NEITHER.2010,Neither Party to control the Senate after 2010 Congressional Elections,50,29.5,Oct/12/2010 07:15:10
639644,SENATE.NEITHER.2010,Neither Party to control the Senate after 2010 Congressional Elections,3,29.4,Oct/12/2010 07:15:10
639644,SENATE.NEITHER.2010,Neither Party to control the Senate after 2010 Congressional Elections,41,29.8,Oct/12/2010 11:37:01
639644,SENATE.NEITHER.2010,Neither Party to control the Senate after 2010 Congressional Elections,1,29.8,Oct/12/2010 12:14:04
639644,SENATE.NEITHER.2010,Neither Party to control the Senate after 2010 Congressional Elections,4,29.8,Oct/12/2010 12:34:54
639644,SENATE.NEITHER.2010,Neither Party to control the Senate after 2010 Congressional Elections,100,29.8,Oct/12/2010 14:50:45
639644,SENATE.NEITHER.2010,Neither Party to control the Senate after 2010 Congressional Elections,30,29.8,Oct/12/2010 14:51:09
639644,SENATE.NEITHER.2010,Neither Party to control the Senate after 2010 Congressional Elections,19,29.8,Oct/12/2010 17:53:50
639644,SENATE.NEITHER.2010,Neither Party to control the Senate after 2010 Congressional Elections,1,29.7,Oct/12/2010 17:53:50
639644,SENATE.NEITHER.2010,Neither Party to control the Senate after 2010 Congressional Elections,4,29.8,Oct/12/2010 20:11:04
639644,SENATE.NEITHER.2010,Neither Party to control the Senate after 2010 Congressional Elections,1,29.8,Oct/12/2010 20:11:04
639644,SENATE.NEITHER.2010,Neither Party to control the Senate after 2010 Congressional Elections,1,30.7,Oct/12/2010 20:16:00
639644,SENATE.NEITHER.2010,Neither Party to control the Senate after 2010 Congressional Elections,1,30.7,Oct/12/2010 20:56:25
639644,SENATE.NEITHER.2010,Neither Party to control the Senate after 2010 Congressional Elections,1,31.6,Oct/12/2010 22:15:21
639644,SENATE.NEITHER.2010,Neither Party to control the Senate after 2010 Congressional Elections,1,31.1,Oct/12/2010 22:15:21
639644,SENATE.NEITHER.2010,Neither Party to control the Senate after 2010 Congressional Elections,1,30.6,Oct/12/2010 22:16:22
639644,SENATE.NEITHER.2010,Neither Party to control the Senate after 2010 Congressional Elections,2,30.1,Oct/12/2010 22:16:22
639644,SENATE.NEITHER.2010,Neither Party to control the Senate after 2010 Congressional Elections,8,30.2,Oct/12/2010 22:16:22
639644,SENATE.NEITHER.2010,Neither Party to control the Senate after 2010 Congressional Elections,12,31.4,Oct/13/2010 00:15:43
639644,SENATE.NEITHER.2010,Neither Party to control the Senate after 2010 Congressional Elections,20,30.9,Oct/13/2010 00:49:23
639644,SENATE.NEITHER.2010,Neither Party to control the Senate after 2010 Congressional Elections,5,30.0,Oct/13/2010 03:15:43
639644,SENATE.NEITHER.2010,Neither Party to control the Senate after 2010 Congressional Elections,2,30.5,Oct/13/2010 13:00:36
639644,SENATE.NEITHER.2010,Neither Party to control the Senate after 2010 Congressional Elections,1,30.8,Oct/13/2010 14:42:39
639644,SENATE.NEITHER.2010,Neither Party to control the Senate after 2010 Congressional Elections,16,30.9,Oct/13/2010 14:49:03
639644,SENATE.NEITHER.2010,Neither Party to control the Senate after 2010 Congressional Elections,18,30.5,Oct/13/2010 14:55:13
639644,SENATE.NEITHER.2010,Neither Party to control the Senate after 2010 Congressional Elections,10,30.7,Oct/13/2010 14:55:13
639644,SENATE.NEITHER.2010,Neither Party to control the Senate after 2010 Congressional Elections,15,31.0,Oct/13/2010 14:55:13
639644,SENATE.NEITHER.2010,Neither Party to control the Senate after 2010 Congressional Elections,10,30.2,Oct/13/2010 20:21:22
639644,SENATE.NEITHER.2010,Neither Party to control the Senate after 2010 Congressional Elections,5,30.3,Oct/13/2010 20:21:22
639644,SENATE.NEITHER.2010,Neither Party to control the Senate after 2010 Congressional Elections,1,33.4,Oct/13/2010 20:32:47
639644,SENATE.NEITHER.2010,Neither Party to control the Senate after 2010 Congressional Elections,2,29.5,Oct/14/2010 02:15:46
639644,SENATE.NEITHER.2010,Neither Party to control the Senate after 2010 Congressional Elections,3,29.2,Oct/14/2010 15:09:23
639644,SENATE.NEITHER.2010,Neither Party to control the Senate after 2010 Congressional Elections,3,29.2,Oct/14/2010 15:10:04
639644,SENATE.NEITHER.2010,Neither Party to control the Senate after 2010 Congressional Elections,6,29.2,Oct/14/2010 15:10:57
639644,SENATE.NEITHER.2010,Neither Party to control the Senate after 2010 Congressional Elections,1,28.5,Oct/14/2010 15:11:35
639644,SENATE.NEITHER.2010,Neither Party to control the Senate after 2010 Congressional Elections,8,28.5,Oct/14/2010 15:12:06
639644,SENATE.NEITHER.2010,Neither Party to control the Senate after 2010 Congressional Elections,1,28.5,Oct/14/2010 15:12:52
639644,SENATE.NEITHER.2010,Neither Party to control the Senate after 2010 Congressional Elections,1,28.1,Oct/14/2010 16:09:20
639644,SENATE.NEITHER.2010,Neither Party to control the Senate after 2010 Congressional Elections,20,28.6,Oct/14/2010 20:08:02
639644,SENATE.NEITHER.2010,Neither Party to control the Senate after 2010 Congressional Elections,1,31.0,Oct/14/2010 21:01:22
