market id,market symbol,market name,trade quantity,trade price,date/time [utc]
757302,REP.VP.2012.KYL,Jon Kyl to be Republican VP nominee in 2012,1,0.2,Feb/11/2012 07:17:50
757302,REP.VP.2012.KYL,Jon Kyl to be Republican VP nominee in 2012,1,0.1,Feb/11/2012 16:38:45
757302,REP.VP.2012.KYL,Jon Kyl to be Republican VP nominee in 2012,20,0.1,Feb/11/2012 16:38:45
757302,REP.VP.2012.KYL,Jon Kyl to be Republican VP nominee in 2012,40,0.1,Feb/11/2012 16:38:45
757302,REP.VP.2012.KYL,Jon Kyl to be Republican VP nominee in 2012,10,0.1,Feb/13/2012 14:04:38
757302,REP.VP.2012.KYL,Jon Kyl to be Republican VP nominee in 2012,109,0.1,Feb/16/2012 06:02:27
757302,REP.VP.2012.KYL,Jon Kyl to be Republican VP nominee in 2012,1,0.1,Feb/16/2012 06:02:27
757302,REP.VP.2012.KYL,Jon Kyl to be Republican VP nominee in 2012,17,0.1,Feb/26/2012 17:59:12
757302,REP.VP.2012.KYL,Jon Kyl to be Republican VP nominee in 2012,1,0.1,Feb/26/2012 17:59:12
757302,REP.VP.2012.KYL,Jon Kyl to be Republican VP nominee in 2012,2,0.1,Mar/15/2012 17:47:07
757302,REP.VP.2012.KYL,Jon Kyl to be Republican VP nominee in 2012,1,0.1,Mar/16/2012 20:58:52
757302,REP.VP.2012.KYL,Jon Kyl to be Republican VP nominee in 2012,10,0.1,Mar/26/2012 15:03:55
757302,REP.VP.2012.KYL,Jon Kyl to be Republican VP nominee in 2012,20,0.1,Mar/28/2012 16:51:18
757302,REP.VP.2012.KYL,Jon Kyl to be Republican VP nominee in 2012,17,0.1,Mar/28/2012 21:43:07
757302,REP.VP.2012.KYL,Jon Kyl to be Republican VP nominee in 2012,1,0.1,Mar/28/2012 21:43:07
757302,REP.VP.2012.KYL,Jon Kyl to be Republican VP nominee in 2012,2,0.1,Mar/28/2012 21:43:07
757302,REP.VP.2012.KYL,Jon Kyl to be Republican VP nominee in 2012,4,0.1,Mar/28/2012 21:43:07
757302,REP.VP.2012.KYL,Jon Kyl to be Republican VP nominee in 2012,80,0.1,Mar/28/2012 21:43:07
757302,REP.VP.2012.KYL,Jon Kyl to be Republican VP nominee in 2012,193,0.1,Mar/30/2012 16:47:41
757302,REP.VP.2012.KYL,Jon Kyl to be Republican VP nominee in 2012,1,0.1,Mar/30/2012 16:47:41
757302,REP.VP.2012.KYL,Jon Kyl to be Republican VP nominee in 2012,6,0.1,Mar/30/2012 16:47:41
757302,REP.VP.2012.KYL,Jon Kyl to be Republican VP nominee in 2012,307,0.1,Mar/30/2012 19:59:31
757302,REP.VP.2012.KYL,Jon Kyl to be Republican VP nominee in 2012,1,0.1,Mar/30/2012 19:59:31
757302,REP.VP.2012.KYL,Jon Kyl to be Republican VP nominee in 2012,40,0.2,Mar/30/2012 21:23:52
757302,REP.VP.2012.KYL,Jon Kyl to be Republican VP nominee in 2012,960,0.2,Mar/30/2012 21:23:52
757302,REP.VP.2012.KYL,Jon Kyl to be Republican VP nominee in 2012,27,0.1,Mar/31/2012 01:17:03
757302,REP.VP.2012.KYL,Jon Kyl to be Republican VP nominee in 2012,250,0.2,Apr/01/2012 14:36:19
757302,REP.VP.2012.KYL,Jon Kyl to be Republican VP nominee in 2012,25,0.2,Apr/01/2012 14:36:19
757302,REP.VP.2012.KYL,Jon Kyl to be Republican VP nominee in 2012,100,0.2,Apr/01/2012 14:36:19
757302,REP.VP.2012.KYL,Jon Kyl to be Republican VP nominee in 2012,1,0.2,Apr/01/2012 14:36:19
757302,REP.VP.2012.KYL,Jon Kyl to be Republican VP nominee in 2012,40,0.2,Apr/01/2012 14:36:19
757302,REP.VP.2012.KYL,Jon Kyl to be Republican VP nominee in 2012,30,0.3,Apr/01/2012 15:06:46
757302,REP.VP.2012.KYL,Jon Kyl to be Republican VP nominee in 2012,20,0.3,Apr/01/2012 16:08:46
757302,REP.VP.2012.KYL,Jon Kyl to be Republican VP nominee in 2012,1,0.3,Apr/01/2012 16:08:46
757302,REP.VP.2012.KYL,Jon Kyl to be Republican VP nominee in 2012,43,0.3,Apr/01/2012 16:08:46
757302,REP.VP.2012.KYL,Jon Kyl to be Republican VP nominee in 2012,50,0.2,Apr/01/2012 19:25:29
757302,REP.VP.2012.KYL,Jon Kyl to be Republican VP nominee in 2012,50,0.3,Apr/01/2012 20:05:28
757302,REP.VP.2012.KYL,Jon Kyl to be Republican VP nominee in 2012,1,0.3,Apr/01/2012 20:05:28
757302,REP.VP.2012.KYL,Jon Kyl to be Republican VP nominee in 2012,7,0.3,Apr/01/2012 20:05:28
757302,REP.VP.2012.KYL,Jon Kyl to be Republican VP nominee in 2012,25,0.4,Apr/02/2012 21:51:24
757302,REP.VP.2012.KYL,Jon Kyl to be Republican VP nominee in 2012,50,0.3,Apr/03/2012 16:28:08
757302,REP.VP.2012.KYL,Jon Kyl to be Republican VP nominee in 2012,20,0.3,Apr/03/2012 20:57:54
757302,REP.VP.2012.KYL,Jon Kyl to be Republican VP nominee in 2012,10,0.4,Apr/04/2012 04:21:27
757302,REP.VP.2012.KYL,Jon Kyl to be Republican VP nominee in 2012,5,0.3,Apr/04/2012 13:39:11
757302,REP.VP.2012.KYL,Jon Kyl to be Republican VP nominee in 2012,5,0.2,Apr/04/2012 16:12:03
757302,REP.VP.2012.KYL,Jon Kyl to be Republican VP nominee in 2012,50,0.3,Apr/04/2012 16:31:24
757302,REP.VP.2012.KYL,Jon Kyl to be Republican VP nominee in 2012,20,0.3,Apr/04/2012 17:11:28
757302,REP.VP.2012.KYL,Jon Kyl to be Republican VP nominee in 2012,47,0.3,Apr/04/2012 17:11:28
757302,REP.VP.2012.KYL,Jon Kyl to be Republican VP nominee in 2012,1,0.5,Apr/04/2012 19:01:15
757302,REP.VP.2012.KYL,Jon Kyl to be Republican VP nominee in 2012,1,0.3,Apr/04/2012 19:01:15
757302,REP.VP.2012.KYL,Jon Kyl to be Republican VP nominee in 2012,3,0.3,Apr/04/2012 19:01:15
757302,REP.VP.2012.KYL,Jon Kyl to be Republican VP nominee in 2012,50,0.5,Apr/04/2012 19:01:15
757302,REP.VP.2012.KYL,Jon Kyl to be Republican VP nominee in 2012,30,0.4,Apr/04/2012 19:01:15
757302,REP.VP.2012.KYL,Jon Kyl to be Republican VP nominee in 2012,500,0.5,Apr/04/2012 19:01:15
757302,REP.VP.2012.KYL,Jon Kyl to be Republican VP nominee in 2012,15,0.4,Apr/04/2012 19:01:15
757302,REP.VP.2012.KYL,Jon Kyl to be Republican VP nominee in 2012,50,0.3,Apr/05/2012 13:47:58
757302,REP.VP.2012.KYL,Jon Kyl to be Republican VP nominee in 2012,1,0.4,Apr/05/2012 14:58:33
757302,REP.VP.2012.KYL,Jon Kyl to be Republican VP nominee in 2012,50,0.4,Apr/05/2012 14:58:33
757302,REP.VP.2012.KYL,Jon Kyl to be Republican VP nominee in 2012,20,0.4,Apr/05/2012 14:58:33
757302,REP.VP.2012.KYL,Jon Kyl to be Republican VP nominee in 2012,50,0.3,Apr/06/2012 19:54:47
757302,REP.VP.2012.KYL,Jon Kyl to be Republican VP nominee in 2012,200,0.2,Apr/06/2012 20:37:27
757302,REP.VP.2012.KYL,Jon Kyl to be Republican VP nominee in 2012,1,0.4,Apr/06/2012 22:18:40
757302,REP.VP.2012.KYL,Jon Kyl to be Republican VP nominee in 2012,50,0.4,Apr/06/2012 22:18:40
757302,REP.VP.2012.KYL,Jon Kyl to be Republican VP nominee in 2012,3,0.4,Apr/06/2012 22:18:40
757302,REP.VP.2012.KYL,Jon Kyl to be Republican VP nominee in 2012,100,0.5,Apr/06/2012 22:19:02
757302,REP.VP.2012.KYL,Jon Kyl to be Republican VP nominee in 2012,50,0.5,Apr/06/2012 22:19:02
757302,REP.VP.2012.KYL,Jon Kyl to be Republican VP nominee in 2012,5,0.5,Apr/06/2012 22:19:02
757302,REP.VP.2012.KYL,Jon Kyl to be Republican VP nominee in 2012,300,0.5,Apr/06/2012 22:19:02
757302,REP.VP.2012.KYL,Jon Kyl to be Republican VP nominee in 2012,50,0.6,Apr/06/2012 22:19:38
757302,REP.VP.2012.KYL,Jon Kyl to be Republican VP nominee in 2012,50,0.6,Apr/06/2012 22:19:38
757302,REP.VP.2012.KYL,Jon Kyl to be Republican VP nominee in 2012,1,0.6,Apr/06/2012 22:19:38
757302,REP.VP.2012.KYL,Jon Kyl to be Republican VP nominee in 2012,100,0.5,Apr/07/2012 01:06:01
757302,REP.VP.2012.KYL,Jon Kyl to be Republican VP nominee in 2012,20,0.3,Apr/07/2012 11:15:16
757302,REP.VP.2012.KYL,Jon Kyl to be Republican VP nominee in 2012,5,0.3,Apr/07/2012 14:22:58
757302,REP.VP.2012.KYL,Jon Kyl to be Republican VP nominee in 2012,1,0.3,Apr/07/2012 14:22:58
757302,REP.VP.2012.KYL,Jon Kyl to be Republican VP nominee in 2012,6,0.2,Apr/07/2012 18:24:21
757302,REP.VP.2012.KYL,Jon Kyl to be Republican VP nominee in 2012,50,0.3,Apr/07/2012 18:56:24
757302,REP.VP.2012.KYL,Jon Kyl to be Republican VP nominee in 2012,20,0.3,Apr/07/2012 20:28:57
757302,REP.VP.2012.KYL,Jon Kyl to be Republican VP nominee in 2012,1,0.3,Apr/07/2012 23:06:37
757302,REP.VP.2012.KYL,Jon Kyl to be Republican VP nominee in 2012,5,0.3,Apr/07/2012 23:06:37
757302,REP.VP.2012.KYL,Jon Kyl to be Republican VP nominee in 2012,25,0.4,Apr/07/2012 23:07:50
757302,REP.VP.2012.KYL,Jon Kyl to be Republican VP nominee in 2012,25,0.4,Apr/07/2012 23:07:50
757302,REP.VP.2012.KYL,Jon Kyl to be Republican VP nominee in 2012,20,0.4,Apr/07/2012 23:07:50
757302,REP.VP.2012.KYL,Jon Kyl to be Republican VP nominee in 2012,149,0.5,Apr/08/2012 00:13:15
757302,REP.VP.2012.KYL,Jon Kyl to be Republican VP nominee in 2012,1,0.5,Apr/08/2012 00:13:15
757302,REP.VP.2012.KYL,Jon Kyl to be Republican VP nominee in 2012,50,0.5,Apr/08/2012 00:13:15
757302,REP.VP.2012.KYL,Jon Kyl to be Republican VP nominee in 2012,1,0.6,Apr/08/2012 05:58:50
757302,REP.VP.2012.KYL,Jon Kyl to be Republican VP nominee in 2012,50,0.6,Apr/08/2012 05:58:50
757302,REP.VP.2012.KYL,Jon Kyl to be Republican VP nominee in 2012,1,0.2,Apr/09/2012 13:56:12
757302,REP.VP.2012.KYL,Jon Kyl to be Republican VP nominee in 2012,5,0.2,Apr/09/2012 14:23:17
757302,REP.VP.2012.KYL,Jon Kyl to be Republican VP nominee in 2012,5,0.2,Apr/09/2012 14:23:38
757302,REP.VP.2012.KYL,Jon Kyl to be Republican VP nominee in 2012,5,0.2,Apr/09/2012 14:26:48
757302,REP.VP.2012.KYL,Jon Kyl to be Republican VP nominee in 2012,4,0.2,Apr/09/2012 14:32:03
757302,REP.VP.2012.KYL,Jon Kyl to be Republican VP nominee in 2012,18,0.2,Apr/09/2012 14:32:34
757302,REP.VP.2012.KYL,Jon Kyl to be Republican VP nominee in 2012,1,0.6,Apr/09/2012 14:38:28
757302,REP.VP.2012.KYL,Jon Kyl to be Republican VP nominee in 2012,3,0.4,Apr/09/2012 21:21:18
757302,REP.VP.2012.KYL,Jon Kyl to be Republican VP nominee in 2012,1,0.4,Apr/09/2012 21:21:18
757302,REP.VP.2012.KYL,Jon Kyl to be Republican VP nominee in 2012,20,0.5,Apr/09/2012 21:21:31
757302,REP.VP.2012.KYL,Jon Kyl to be Republican VP nominee in 2012,20,0.5,Apr/09/2012 21:22:08
757302,REP.VP.2012.KYL,Jon Kyl to be Republican VP nominee in 2012,9,0.5,Apr/10/2012 16:23:38
757302,REP.VP.2012.KYL,Jon Kyl to be Republican VP nominee in 2012,30,0.5,Apr/10/2012 18:47:48
757302,REP.VP.2012.KYL,Jon Kyl to be Republican VP nominee in 2012,1,0.3,Apr/11/2012 19:35:08
757302,REP.VP.2012.KYL,Jon Kyl to be Republican VP nominee in 2012,3,0.3,Apr/11/2012 19:36:53
757302,REP.VP.2012.KYL,Jon Kyl to be Republican VP nominee in 2012,20,0.3,Apr/11/2012 20:27:13
757302,REP.VP.2012.KYL,Jon Kyl to be Republican VP nominee in 2012,20,0.4,Apr/11/2012 20:33:29
757302,REP.VP.2012.KYL,Jon Kyl to be Republican VP nominee in 2012,15,0.3,Apr/13/2012 19:05:57
757302,REP.VP.2012.KYL,Jon Kyl to be Republican VP nominee in 2012,4,0.3,Apr/13/2012 20:15:47
757302,REP.VP.2012.KYL,Jon Kyl to be Republican VP nominee in 2012,25,0.3,Apr/14/2012 05:50:45
757302,REP.VP.2012.KYL,Jon Kyl to be Republican VP nominee in 2012,15,0.3,Apr/18/2012 15:02:28
757302,REP.VP.2012.KYL,Jon Kyl to be Republican VP nominee in 2012,10,0.4,Apr/19/2012 00:14:33
757302,REP.VP.2012.KYL,Jon Kyl to be Republican VP nominee in 2012,4,0.4,Apr/19/2012 00:14:33
757302,REP.VP.2012.KYL,Jon Kyl to be Republican VP nominee in 2012,50,0.4,Apr/19/2012 00:14:33
757302,REP.VP.2012.KYL,Jon Kyl to be Republican VP nominee in 2012,1,0.4,Apr/19/2012 00:14:33
757302,REP.VP.2012.KYL,Jon Kyl to be Republican VP nominee in 2012,21,0.5,Apr/19/2012 02:20:31
757302,REP.VP.2012.KYL,Jon Kyl to be Republican VP nominee in 2012,58,0.5,Apr/19/2012 02:20:31
757302,REP.VP.2012.KYL,Jon Kyl to be Republican VP nominee in 2012,50,0.5,Apr/19/2012 02:20:31
757302,REP.VP.2012.KYL,Jon Kyl to be Republican VP nominee in 2012,50,0.5,Apr/19/2012 02:20:31
757302,REP.VP.2012.KYL,Jon Kyl to be Republican VP nominee in 2012,1,0.5,Apr/19/2012 02:20:31
757302,REP.VP.2012.KYL,Jon Kyl to be Republican VP nominee in 2012,25,0.5,Apr/19/2012 19:58:32
757302,REP.VP.2012.KYL,Jon Kyl to be Republican VP nominee in 2012,6,0.4,Apr/19/2012 22:12:18
757302,REP.VP.2012.KYL,Jon Kyl to be Republican VP nominee in 2012,83,0.5,Apr/20/2012 10:18:03
757302,REP.VP.2012.KYL,Jon Kyl to be Republican VP nominee in 2012,17,0.5,Apr/20/2012 10:18:03
757302,REP.VP.2012.KYL,Jon Kyl to be Republican VP nominee in 2012,17,0.5,Apr/20/2012 12:36:49
757302,REP.VP.2012.KYL,Jon Kyl to be Republican VP nominee in 2012,86,0.5,Apr/20/2012 12:36:49
757302,REP.VP.2012.KYL,Jon Kyl to be Republican VP nominee in 2012,4,0.5,Apr/20/2012 13:56:46
757302,REP.VP.2012.KYL,Jon Kyl to be Republican VP nominee in 2012,10,0.3,Apr/20/2012 20:03:03
757302,REP.VP.2012.KYL,Jon Kyl to be Republican VP nominee in 2012,1,0.3,Apr/20/2012 21:32:56
757302,REP.VP.2012.KYL,Jon Kyl to be Republican VP nominee in 2012,1,0.3,Apr/21/2012 06:01:39
757302,REP.VP.2012.KYL,Jon Kyl to be Republican VP nominee in 2012,2,0.3,Apr/21/2012 06:19:25
757302,REP.VP.2012.KYL,Jon Kyl to be Republican VP nominee in 2012,1,0.3,Apr/21/2012 07:23:13
757302,REP.VP.2012.KYL,Jon Kyl to be Republican VP nominee in 2012,10,0.3,Apr/21/2012 14:38:33
757302,REP.VP.2012.KYL,Jon Kyl to be Republican VP nominee in 2012,1,0.4,Apr/21/2012 18:12:33
757302,REP.VP.2012.KYL,Jon Kyl to be Republican VP nominee in 2012,1,0.3,Apr/22/2012 19:28:03
757302,REP.VP.2012.KYL,Jon Kyl to be Republican VP nominee in 2012,3,0.4,Apr/23/2012 01:09:35
757302,REP.VP.2012.KYL,Jon Kyl to be Republican VP nominee in 2012,1,0.4,Apr/23/2012 01:09:35
757302,REP.VP.2012.KYL,Jon Kyl to be Republican VP nominee in 2012,10,0.4,Apr/23/2012 01:09:35
757302,REP.VP.2012.KYL,Jon Kyl to be Republican VP nominee in 2012,50,0.4,Apr/23/2012 01:09:35
757302,REP.VP.2012.KYL,Jon Kyl to be Republican VP nominee in 2012,10,0.5,Apr/23/2012 23:50:49
757302,REP.VP.2012.KYL,Jon Kyl to be Republican VP nominee in 2012,89,0.5,Apr/23/2012 23:50:49
757302,REP.VP.2012.KYL,Jon Kyl to be Republican VP nominee in 2012,50,0.4,Apr/23/2012 23:50:49
757302,REP.VP.2012.KYL,Jon Kyl to be Republican VP nominee in 2012,10,0.5,Apr/23/2012 23:50:49
757302,REP.VP.2012.KYL,Jon Kyl to be Republican VP nominee in 2012,1,0.5,Apr/23/2012 23:50:49
757302,REP.VP.2012.KYL,Jon Kyl to be Republican VP nominee in 2012,100,0.5,Apr/23/2012 23:50:49
757302,REP.VP.2012.KYL,Jon Kyl to be Republican VP nominee in 2012,50,0.5,Apr/23/2012 23:50:49
757302,REP.VP.2012.KYL,Jon Kyl to be Republican VP nominee in 2012,39,0.5,Apr/24/2012 13:45:59
757302,REP.VP.2012.KYL,Jon Kyl to be Republican VP nominee in 2012,50,0.5,Apr/24/2012 13:45:59
757302,REP.VP.2012.KYL,Jon Kyl to be Republican VP nominee in 2012,11,0.5,Apr/24/2012 13:45:59
757302,REP.VP.2012.KYL,Jon Kyl to be Republican VP nominee in 2012,4,0.5,Apr/25/2012 02:02:06
757302,REP.VP.2012.KYL,Jon Kyl to be Republican VP nominee in 2012,61,0.5,Apr/25/2012 02:02:06
757302,REP.VP.2012.KYL,Jon Kyl to be Republican VP nominee in 2012,84,0.5,Apr/25/2012 02:02:06
757302,REP.VP.2012.KYL,Jon Kyl to be Republican VP nominee in 2012,1,0.5,Apr/25/2012 02:02:06
757302,REP.VP.2012.KYL,Jon Kyl to be Republican VP nominee in 2012,84,0.5,Apr/25/2012 02:29:25
757302,REP.VP.2012.KYL,Jon Kyl to be Republican VP nominee in 2012,16,0.5,Apr/25/2012 02:29:25
757302,REP.VP.2012.KYL,Jon Kyl to be Republican VP nominee in 2012,20,0.4,Apr/25/2012 20:16:21
757302,REP.VP.2012.KYL,Jon Kyl to be Republican VP nominee in 2012,5,0.3,Apr/25/2012 21:08:46
757302,REP.VP.2012.KYL,Jon Kyl to be Republican VP nominee in 2012,5,0.3,Apr/25/2012 21:21:02
757302,REP.VP.2012.KYL,Jon Kyl to be Republican VP nominee in 2012,5,0.3,Apr/26/2012 02:51:06
757302,REP.VP.2012.KYL,Jon Kyl to be Republican VP nominee in 2012,50,0.3,Apr/28/2012 04:31:29
757302,REP.VP.2012.KYL,Jon Kyl to be Republican VP nominee in 2012,8,0.4,May/02/2012 03:15:11
757302,REP.VP.2012.KYL,Jon Kyl to be Republican VP nominee in 2012,1,0.4,May/02/2012 03:15:11
757302,REP.VP.2012.KYL,Jon Kyl to be Republican VP nominee in 2012,46,0.4,May/02/2012 03:15:11
757302,REP.VP.2012.KYL,Jon Kyl to be Republican VP nominee in 2012,1,0.3,May/02/2012 17:56:57
757302,REP.VP.2012.KYL,Jon Kyl to be Republican VP nominee in 2012,1,0.3,May/02/2012 17:57:18
757302,REP.VP.2012.KYL,Jon Kyl to be Republican VP nominee in 2012,2,0.3,May/02/2012 17:57:59
757302,REP.VP.2012.KYL,Jon Kyl to be Republican VP nominee in 2012,6,0.3,May/02/2012 17:58:39
757302,REP.VP.2012.KYL,Jon Kyl to be Republican VP nominee in 2012,4,0.3,May/02/2012 17:59:41
757302,REP.VP.2012.KYL,Jon Kyl to be Republican VP nominee in 2012,6,0.3,May/02/2012 18:00:03
757302,REP.VP.2012.KYL,Jon Kyl to be Republican VP nominee in 2012,4,0.3,May/02/2012 18:00:24
757302,REP.VP.2012.KYL,Jon Kyl to be Republican VP nominee in 2012,1,0.3,May/02/2012 18:01:28
757302,REP.VP.2012.KYL,Jon Kyl to be Republican VP nominee in 2012,17,0.3,May/03/2012 18:33:43
757302,REP.VP.2012.KYL,Jon Kyl to be Republican VP nominee in 2012,12,0.3,May/03/2012 18:33:43
757302,REP.VP.2012.KYL,Jon Kyl to be Republican VP nominee in 2012,1,0.3,May/03/2012 18:33:43
757302,REP.VP.2012.KYL,Jon Kyl to be Republican VP nominee in 2012,20,0.3,May/03/2012 18:33:43
757302,REP.VP.2012.KYL,Jon Kyl to be Republican VP nominee in 2012,50,0.4,May/03/2012 19:33:41
757302,REP.VP.2012.KYL,Jon Kyl to be Republican VP nominee in 2012,1,0.4,May/03/2012 19:33:41
757302,REP.VP.2012.KYL,Jon Kyl to be Republican VP nominee in 2012,10,0.4,May/03/2012 19:33:41
757302,REP.VP.2012.KYL,Jon Kyl to be Republican VP nominee in 2012,4,0.4,May/03/2012 19:33:41
757302,REP.VP.2012.KYL,Jon Kyl to be Republican VP nominee in 2012,83,0.5,May/03/2012 19:35:07
757302,REP.VP.2012.KYL,Jon Kyl to be Republican VP nominee in 2012,50,0.5,May/03/2012 19:35:07
757302,REP.VP.2012.KYL,Jon Kyl to be Republican VP nominee in 2012,100,0.5,May/03/2012 19:35:07
757302,REP.VP.2012.KYL,Jon Kyl to be Republican VP nominee in 2012,100,0.5,May/03/2012 19:35:07
757302,REP.VP.2012.KYL,Jon Kyl to be Republican VP nominee in 2012,100,0.5,May/03/2012 19:35:07
757302,REP.VP.2012.KYL,Jon Kyl to be Republican VP nominee in 2012,1,0.5,May/03/2012 19:35:07
757302,REP.VP.2012.KYL,Jon Kyl to be Republican VP nominee in 2012,50,0.5,May/03/2012 19:35:07
757302,REP.VP.2012.KYL,Jon Kyl to be Republican VP nominee in 2012,16,0.5,May/03/2012 19:35:07
757302,REP.VP.2012.KYL,Jon Kyl to be Republican VP nominee in 2012,17,0.5,May/03/2012 21:55:42
757302,REP.VP.2012.KYL,Jon Kyl to be Republican VP nominee in 2012,1,0.5,May/03/2012 21:55:42
757302,REP.VP.2012.KYL,Jon Kyl to be Republican VP nominee in 2012,50,0.6,May/03/2012 21:56:38
757302,REP.VP.2012.KYL,Jon Kyl to be Republican VP nominee in 2012,1,0.6,May/03/2012 21:56:38
757302,REP.VP.2012.KYL,Jon Kyl to be Republican VP nominee in 2012,50,0.5,May/04/2012 12:55:17
757302,REP.VP.2012.KYL,Jon Kyl to be Republican VP nominee in 2012,49,0.5,May/04/2012 17:36:50
757302,REP.VP.2012.KYL,Jon Kyl to be Republican VP nominee in 2012,26,0.5,May/04/2012 22:59:23
757302,REP.VP.2012.KYL,Jon Kyl to be Republican VP nominee in 2012,1,0.5,May/04/2012 22:59:23
757302,REP.VP.2012.KYL,Jon Kyl to be Republican VP nominee in 2012,11,0.4,May/04/2012 22:59:23
757302,REP.VP.2012.KYL,Jon Kyl to be Republican VP nominee in 2012,1,0.4,May/04/2012 22:59:23
757302,REP.VP.2012.KYL,Jon Kyl to be Republican VP nominee in 2012,61,0.5,May/04/2012 22:59:23
757302,REP.VP.2012.KYL,Jon Kyl to be Republican VP nominee in 2012,20,0.5,May/05/2012 00:42:51
757302,REP.VP.2012.KYL,Jon Kyl to be Republican VP nominee in 2012,580,0.5,May/06/2012 15:12:19
757302,REP.VP.2012.KYL,Jon Kyl to be Republican VP nominee in 2012,1,0.5,May/06/2012 15:12:19
757302,REP.VP.2012.KYL,Jon Kyl to be Republican VP nominee in 2012,19,0.5,May/06/2012 15:12:19
757302,REP.VP.2012.KYL,Jon Kyl to be Republican VP nominee in 2012,100,0.5,May/06/2012 18:04:35
757302,REP.VP.2012.KYL,Jon Kyl to be Republican VP nominee in 2012,20,0.5,May/06/2012 18:04:35
757302,REP.VP.2012.KYL,Jon Kyl to be Republican VP nominee in 2012,1,0.5,May/06/2012 18:04:35
757302,REP.VP.2012.KYL,Jon Kyl to be Republican VP nominee in 2012,79,0.5,May/06/2012 18:04:35
757302,REP.VP.2012.KYL,Jon Kyl to be Republican VP nominee in 2012,78,0.5,May/06/2012 18:45:54
757302,REP.VP.2012.KYL,Jon Kyl to be Republican VP nominee in 2012,1,0.5,May/06/2012 18:45:54
757302,REP.VP.2012.KYL,Jon Kyl to be Republican VP nominee in 2012,21,0.5,May/06/2012 18:45:54
757302,REP.VP.2012.KYL,Jon Kyl to be Republican VP nominee in 2012,1,0.3,May/07/2012 01:43:42
757302,REP.VP.2012.KYL,Jon Kyl to be Republican VP nominee in 2012,22,0.5,May/07/2012 17:55:39
757302,REP.VP.2012.KYL,Jon Kyl to be Republican VP nominee in 2012,1,0.5,May/07/2012 17:55:39
757302,REP.VP.2012.KYL,Jon Kyl to be Republican VP nominee in 2012,1,0.6,May/07/2012 17:55:51
757302,REP.VP.2012.KYL,Jon Kyl to be Republican VP nominee in 2012,50,0.6,May/07/2012 17:55:51
757302,REP.VP.2012.KYL,Jon Kyl to be Republican VP nominee in 2012,50,0.4,May/07/2012 20:56:34
757302,REP.VP.2012.KYL,Jon Kyl to be Republican VP nominee in 2012,50,0.5,May/07/2012 22:08:31
757302,REP.VP.2012.KYL,Jon Kyl to be Republican VP nominee in 2012,1,0.5,May/07/2012 22:08:31
757302,REP.VP.2012.KYL,Jon Kyl to be Republican VP nominee in 2012,99,0.5,May/07/2012 22:08:31
757302,REP.VP.2012.KYL,Jon Kyl to be Republican VP nominee in 2012,1,0.5,May/09/2012 01:11:29
757302,REP.VP.2012.KYL,Jon Kyl to be Republican VP nominee in 2012,1,0.5,May/09/2012 01:11:39
757302,REP.VP.2012.KYL,Jon Kyl to be Republican VP nominee in 2012,500,0.5,May/09/2012 13:48:48
757302,REP.VP.2012.KYL,Jon Kyl to be Republican VP nominee in 2012,50,0.5,May/10/2012 15:17:38
757302,REP.VP.2012.KYL,Jon Kyl to be Republican VP nominee in 2012,100,0.5,May/10/2012 16:55:59
757302,REP.VP.2012.KYL,Jon Kyl to be Republican VP nominee in 2012,17,0.4,May/10/2012 22:44:11
757302,REP.VP.2012.KYL,Jon Kyl to be Republican VP nominee in 2012,50,0.5,May/11/2012 12:55:33
757302,REP.VP.2012.KYL,Jon Kyl to be Republican VP nominee in 2012,478,0.5,May/11/2012 14:23:08
757302,REP.VP.2012.KYL,Jon Kyl to be Republican VP nominee in 2012,22,0.5,May/11/2012 20:58:41
757302,REP.VP.2012.KYL,Jon Kyl to be Republican VP nominee in 2012,1,0.5,May/11/2012 20:58:41
757302,REP.VP.2012.KYL,Jon Kyl to be Republican VP nominee in 2012,100,0.5,May/11/2012 20:58:41
757302,REP.VP.2012.KYL,Jon Kyl to be Republican VP nominee in 2012,100,0.5,May/12/2012 16:38:01
757302,REP.VP.2012.KYL,Jon Kyl to be Republican VP nominee in 2012,100,0.5,May/12/2012 16:38:01
757302,REP.VP.2012.KYL,Jon Kyl to be Republican VP nominee in 2012,1,0.5,May/12/2012 16:38:01
757302,REP.VP.2012.KYL,Jon Kyl to be Republican VP nominee in 2012,26,0.3,May/14/2012 20:01:19
757302,REP.VP.2012.KYL,Jon Kyl to be Republican VP nominee in 2012,11,0.3,May/14/2012 20:01:19
757302,REP.VP.2012.KYL,Jon Kyl to be Republican VP nominee in 2012,13,0.3,May/14/2012 20:01:19
757302,REP.VP.2012.KYL,Jon Kyl to be Republican VP nominee in 2012,23,0.4,May/16/2012 15:04:34
757302,REP.VP.2012.KYL,Jon Kyl to be Republican VP nominee in 2012,1,0.4,May/16/2012 15:04:34
757302,REP.VP.2012.KYL,Jon Kyl to be Republican VP nominee in 2012,1,0.5,May/17/2012 16:19:52
757302,REP.VP.2012.KYL,Jon Kyl to be Republican VP nominee in 2012,1,0.5,May/17/2012 16:19:52
757302,REP.VP.2012.KYL,Jon Kyl to be Republican VP nominee in 2012,9,0.4,May/18/2012 04:45:25
757302,REP.VP.2012.KYL,Jon Kyl to be Republican VP nominee in 2012,85,0.4,May/18/2012 05:00:52
757302,REP.VP.2012.KYL,Jon Kyl to be Republican VP nominee in 2012,100,0.4,May/19/2012 23:48:07
757302,REP.VP.2012.KYL,Jon Kyl to be Republican VP nominee in 2012,93,0.4,May/19/2012 23:48:07
757302,REP.VP.2012.KYL,Jon Kyl to be Republican VP nominee in 2012,7,0.4,May/19/2012 23:48:07
757302,REP.VP.2012.KYL,Jon Kyl to be Republican VP nominee in 2012,12,0.3,May/21/2012 17:19:19
757302,REP.VP.2012.KYL,Jon Kyl to be Republican VP nominee in 2012,5,0.4,May/22/2012 00:26:11
757302,REP.VP.2012.KYL,Jon Kyl to be Republican VP nominee in 2012,10,0.3,May/22/2012 02:40:54
757302,REP.VP.2012.KYL,Jon Kyl to be Republican VP nominee in 2012,2,0.3,May/23/2012 16:01:32
757302,REP.VP.2012.KYL,Jon Kyl to be Republican VP nominee in 2012,4,0.3,May/23/2012 16:02:29
757302,REP.VP.2012.KYL,Jon Kyl to be Republican VP nominee in 2012,8,0.3,May/23/2012 16:03:14
757302,REP.VP.2012.KYL,Jon Kyl to be Republican VP nominee in 2012,2,0.3,May/23/2012 16:03:31
757302,REP.VP.2012.KYL,Jon Kyl to be Republican VP nominee in 2012,7,0.4,May/24/2012 06:46:24
757302,REP.VP.2012.KYL,Jon Kyl to be Republican VP nominee in 2012,65,0.3,May/28/2012 02:48:43
757302,REP.VP.2012.KYL,Jon Kyl to be Republican VP nominee in 2012,50,0.3,May/29/2012 21:22:17
757302,REP.VP.2012.KYL,Jon Kyl to be Republican VP nominee in 2012,100,0.3,May/29/2012 21:31:11
757302,REP.VP.2012.KYL,Jon Kyl to be Republican VP nominee in 2012,100,0.3,May/30/2012 01:32:58
757302,REP.VP.2012.KYL,Jon Kyl to be Republican VP nominee in 2012,4,0.3,May/30/2012 02:39:48
757302,REP.VP.2012.KYL,Jon Kyl to be Republican VP nominee in 2012,121,0.3,May/30/2012 02:39:48
757302,REP.VP.2012.KYL,Jon Kyl to be Republican VP nominee in 2012,5,0.4,May/30/2012 04:50:37
757302,REP.VP.2012.KYL,Jon Kyl to be Republican VP nominee in 2012,17,0.3,May/30/2012 14:58:25
757302,REP.VP.2012.KYL,Jon Kyl to be Republican VP nominee in 2012,100,0.2,May/30/2012 18:16:44
757302,REP.VP.2012.KYL,Jon Kyl to be Republican VP nominee in 2012,11,0.2,May/30/2012 21:06:34
757302,REP.VP.2012.KYL,Jon Kyl to be Republican VP nominee in 2012,83,0.3,May/30/2012 21:11:26
757302,REP.VP.2012.KYL,Jon Kyl to be Republican VP nominee in 2012,1,0.3,May/30/2012 21:11:26
757302,REP.VP.2012.KYL,Jon Kyl to be Republican VP nominee in 2012,70,0.2,May/31/2012 05:03:00
757302,REP.VP.2012.KYL,Jon Kyl to be Republican VP nominee in 2012,13,0.2,May/31/2012 05:08:34
757302,REP.VP.2012.KYL,Jon Kyl to be Republican VP nominee in 2012,100,0.3,May/31/2012 05:10:09
757302,REP.VP.2012.KYL,Jon Kyl to be Republican VP nominee in 2012,5,0.2,May/31/2012 05:11:58
757302,REP.VP.2012.KYL,Jon Kyl to be Republican VP nominee in 2012,3,0.5,May/31/2012 12:28:44
757302,REP.VP.2012.KYL,Jon Kyl to be Republican VP nominee in 2012,100,0.5,May/31/2012 12:28:44
757302,REP.VP.2012.KYL,Jon Kyl to be Republican VP nominee in 2012,100,0.5,May/31/2012 12:28:44
757302,REP.VP.2012.KYL,Jon Kyl to be Republican VP nominee in 2012,1,0.5,May/31/2012 12:28:44
757302,REP.VP.2012.KYL,Jon Kyl to be Republican VP nominee in 2012,100,0.5,May/31/2012 12:28:44
757302,REP.VP.2012.KYL,Jon Kyl to be Republican VP nominee in 2012,21,0.4,May/31/2012 12:28:44
757302,REP.VP.2012.KYL,Jon Kyl to be Republican VP nominee in 2012,92,0.5,May/31/2012 12:28:44
757302,REP.VP.2012.KYL,Jon Kyl to be Republican VP nominee in 2012,100,0.5,May/31/2012 12:28:44
757302,REP.VP.2012.KYL,Jon Kyl to be Republican VP nominee in 2012,1,0.4,May/31/2012 12:28:44
757302,REP.VP.2012.KYL,Jon Kyl to be Republican VP nominee in 2012,50,0.5,May/31/2012 12:28:44
757302,REP.VP.2012.KYL,Jon Kyl to be Republican VP nominee in 2012,33,0.4,May/31/2012 12:28:44
757302,REP.VP.2012.KYL,Jon Kyl to be Republican VP nominee in 2012,100,0.5,May/31/2012 12:28:44
757302,REP.VP.2012.KYL,Jon Kyl to be Republican VP nominee in 2012,100,0.5,May/31/2012 12:28:44
757302,REP.VP.2012.KYL,Jon Kyl to be Republican VP nominee in 2012,100,0.5,May/31/2012 12:28:44
757302,REP.VP.2012.KYL,Jon Kyl to be Republican VP nominee in 2012,100,0.5,May/31/2012 12:28:44
757302,REP.VP.2012.KYL,Jon Kyl to be Republican VP nominee in 2012,100,0.5,May/31/2012 12:28:44
757302,REP.VP.2012.KYL,Jon Kyl to be Republican VP nominee in 2012,100,0.5,May/31/2012 12:28:44
757302,REP.VP.2012.KYL,Jon Kyl to be Republican VP nominee in 2012,99,0.5,May/31/2012 12:28:44
757302,REP.VP.2012.KYL,Jon Kyl to be Republican VP nominee in 2012,1,0.5,May/31/2012 17:55:55
757302,REP.VP.2012.KYL,Jon Kyl to be Republican VP nominee in 2012,100,0.5,May/31/2012 17:55:55
757302,REP.VP.2012.KYL,Jon Kyl to be Republican VP nominee in 2012,97,0.5,May/31/2012 17:55:55
757302,REP.VP.2012.KYL,Jon Kyl to be Republican VP nominee in 2012,8,0.5,May/31/2012 17:55:55
757302,REP.VP.2012.KYL,Jon Kyl to be Republican VP nominee in 2012,3,0.5,Jun/01/2012 01:41:24
757302,REP.VP.2012.KYL,Jon Kyl to be Republican VP nominee in 2012,96,0.5,Jun/01/2012 01:41:24
757302,REP.VP.2012.KYL,Jon Kyl to be Republican VP nominee in 2012,1,0.5,Jun/01/2012 01:41:24
757302,REP.VP.2012.KYL,Jon Kyl to be Republican VP nominee in 2012,23,0.2,Jun/01/2012 14:28:38
757302,REP.VP.2012.KYL,Jon Kyl to be Republican VP nominee in 2012,47,0.3,Jun/02/2012 16:27:04
757302,REP.VP.2012.KYL,Jon Kyl to be Republican VP nominee in 2012,1,0.3,Jun/04/2012 22:39:33
757302,REP.VP.2012.KYL,Jon Kyl to be Republican VP nominee in 2012,76,0.3,Jun/04/2012 22:39:33
757302,REP.VP.2012.KYL,Jon Kyl to be Republican VP nominee in 2012,3,0.3,Jun/04/2012 22:39:33
757302,REP.VP.2012.KYL,Jon Kyl to be Republican VP nominee in 2012,24,0.3,Jun/04/2012 22:51:13
757302,REP.VP.2012.KYL,Jon Kyl to be Republican VP nominee in 2012,10,0.2,Jun/05/2012 20:02:19
757302,REP.VP.2012.KYL,Jon Kyl to be Republican VP nominee in 2012,18,0.3,Jun/06/2012 19:47:15
757302,REP.VP.2012.KYL,Jon Kyl to be Republican VP nominee in 2012,32,0.4,Jun/08/2012 06:32:34
757302,REP.VP.2012.KYL,Jon Kyl to be Republican VP nominee in 2012,1,0.4,Jun/08/2012 06:32:34
757302,REP.VP.2012.KYL,Jon Kyl to be Republican VP nominee in 2012,13,0.5,Jun/08/2012 06:36:25
757302,REP.VP.2012.KYL,Jon Kyl to be Republican VP nominee in 2012,4,0.5,Jun/08/2012 06:36:25
757302,REP.VP.2012.KYL,Jon Kyl to be Republican VP nominee in 2012,50,0.4,Jun/08/2012 22:34:30
757302,REP.VP.2012.KYL,Jon Kyl to be Republican VP nominee in 2012,82,0.4,Jun/08/2012 23:36:11
757302,REP.VP.2012.KYL,Jon Kyl to be Republican VP nominee in 2012,2,0.4,Jun/09/2012 23:48:38
757302,REP.VP.2012.KYL,Jon Kyl to be Republican VP nominee in 2012,21,0.2,Jun/11/2012 22:35:34
757302,REP.VP.2012.KYL,Jon Kyl to be Republican VP nominee in 2012,1,0.3,Jun/12/2012 01:05:29
757302,REP.VP.2012.KYL,Jon Kyl to be Republican VP nominee in 2012,50,0.3,Jun/12/2012 01:05:29
757302,REP.VP.2012.KYL,Jon Kyl to be Republican VP nominee in 2012,50,0.3,Jun/13/2012 12:33:47
757302,REP.VP.2012.KYL,Jon Kyl to be Republican VP nominee in 2012,1,0.2,Jun/13/2012 12:47:27
757302,REP.VP.2012.KYL,Jon Kyl to be Republican VP nominee in 2012,1,0.4,Jun/16/2012 14:13:19
757302,REP.VP.2012.KYL,Jon Kyl to be Republican VP nominee in 2012,100,0.5,Jun/16/2012 14:13:19
757302,REP.VP.2012.KYL,Jon Kyl to be Republican VP nominee in 2012,50,0.5,Jun/16/2012 14:13:19
757302,REP.VP.2012.KYL,Jon Kyl to be Republican VP nominee in 2012,16,0.4,Jun/16/2012 14:13:19
757302,REP.VP.2012.KYL,Jon Kyl to be Republican VP nominee in 2012,100,0.5,Jun/16/2012 14:13:19
757302,REP.VP.2012.KYL,Jon Kyl to be Republican VP nominee in 2012,50,0.4,Jun/16/2012 14:13:19
757302,REP.VP.2012.KYL,Jon Kyl to be Republican VP nominee in 2012,18,0.5,Jun/16/2012 14:13:19
757302,REP.VP.2012.KYL,Jon Kyl to be Republican VP nominee in 2012,51,0.4,Jun/16/2012 14:13:19
757302,REP.VP.2012.KYL,Jon Kyl to be Republican VP nominee in 2012,1,0.3,Jun/16/2012 14:13:19
757302,REP.VP.2012.KYL,Jon Kyl to be Republican VP nominee in 2012,25,0.3,Jun/16/2012 14:13:19
757302,REP.VP.2012.KYL,Jon Kyl to be Republican VP nominee in 2012,50,0.3,Jun/16/2012 14:13:19
757302,REP.VP.2012.KYL,Jon Kyl to be Republican VP nominee in 2012,1,0.5,Jun/16/2012 14:13:19
757302,REP.VP.2012.KYL,Jon Kyl to be Republican VP nominee in 2012,87,0.5,Jun/16/2012 14:13:19
757302,REP.VP.2012.KYL,Jon Kyl to be Republican VP nominee in 2012,100,0.5,Jun/16/2012 14:13:19
757302,REP.VP.2012.KYL,Jon Kyl to be Republican VP nominee in 2012,50,0.5,Jun/16/2012 14:13:19
757302,REP.VP.2012.KYL,Jon Kyl to be Republican VP nominee in 2012,100,0.5,Jun/16/2012 14:13:19
757302,REP.VP.2012.KYL,Jon Kyl to be Republican VP nominee in 2012,100,0.5,Jun/16/2012 14:13:19
757302,REP.VP.2012.KYL,Jon Kyl to be Republican VP nominee in 2012,100,0.5,Jun/16/2012 14:13:19
757302,REP.VP.2012.KYL,Jon Kyl to be Republican VP nominee in 2012,18,0.5,Jun/18/2012 12:57:30
757302,REP.VP.2012.KYL,Jon Kyl to be Republican VP nominee in 2012,100,0.5,Jun/18/2012 12:57:30
757302,REP.VP.2012.KYL,Jon Kyl to be Republican VP nominee in 2012,50,0.5,Jun/18/2012 12:57:30
757302,REP.VP.2012.KYL,Jon Kyl to be Republican VP nominee in 2012,32,0.5,Jun/18/2012 12:57:30
757302,REP.VP.2012.KYL,Jon Kyl to be Republican VP nominee in 2012,9,0.2,Jun/19/2012 14:34:02
757302,REP.VP.2012.KYL,Jon Kyl to be Republican VP nominee in 2012,7,0.2,Jun/20/2012 10:29:15
757302,REP.VP.2012.KYL,Jon Kyl to be Republican VP nominee in 2012,50,0.3,Jun/21/2012 02:06:54
757302,REP.VP.2012.KYL,Jon Kyl to be Republican VP nominee in 2012,1,0.3,Jun/21/2012 02:07:07
757302,REP.VP.2012.KYL,Jon Kyl to be Republican VP nominee in 2012,40,0.4,Jun/21/2012 02:07:17
757302,REP.VP.2012.KYL,Jon Kyl to be Republican VP nominee in 2012,1,0.4,Jun/21/2012 02:07:17
757302,REP.VP.2012.KYL,Jon Kyl to be Republican VP nominee in 2012,8,0.4,Jun/21/2012 02:07:17
757302,REP.VP.2012.KYL,Jon Kyl to be Republican VP nominee in 2012,5,0.4,Jun/21/2012 23:10:47
757302,REP.VP.2012.KYL,Jon Kyl to be Republican VP nominee in 2012,40,0.3,Jun/22/2012 02:38:31
757302,REP.VP.2012.KYL,Jon Kyl to be Republican VP nominee in 2012,1,0.3,Jun/22/2012 13:54:54
757302,REP.VP.2012.KYL,Jon Kyl to be Republican VP nominee in 2012,60,0.3,Jun/22/2012 13:54:54
757302,REP.VP.2012.KYL,Jon Kyl to be Republican VP nominee in 2012,85,0.3,Jun/22/2012 14:43:36
757302,REP.VP.2012.KYL,Jon Kyl to be Republican VP nominee in 2012,15,0.3,Jun/22/2012 14:46:47
757302,REP.VP.2012.KYL,Jon Kyl to be Republican VP nominee in 2012,1,0.4,Jun/22/2012 15:04:23
757302,REP.VP.2012.KYL,Jon Kyl to be Republican VP nominee in 2012,100,0.2,Jun/22/2012 21:37:28
757302,REP.VP.2012.KYL,Jon Kyl to be Republican VP nominee in 2012,100,0.2,Jun/23/2012 03:27:58
757302,REP.VP.2012.KYL,Jon Kyl to be Republican VP nominee in 2012,50,0.3,Jun/25/2012 04:10:44
757302,REP.VP.2012.KYL,Jon Kyl to be Republican VP nominee in 2012,38,0.4,Jun/26/2012 02:06:01
757302,REP.VP.2012.KYL,Jon Kyl to be Republican VP nominee in 2012,2,0.4,Jun/26/2012 02:06:01
757302,REP.VP.2012.KYL,Jon Kyl to be Republican VP nominee in 2012,80,0.4,Jun/26/2012 02:06:01
757302,REP.VP.2012.KYL,Jon Kyl to be Republican VP nominee in 2012,300,0.4,Jun/26/2012 02:06:01
757302,REP.VP.2012.KYL,Jon Kyl to be Republican VP nominee in 2012,30,0.4,Jun/26/2012 02:06:01
757302,REP.VP.2012.KYL,Jon Kyl to be Republican VP nominee in 2012,50,0.3,Jun/26/2012 02:10:29
757302,REP.VP.2012.KYL,Jon Kyl to be Republican VP nominee in 2012,2,0.4,Jun/26/2012 02:20:47
757302,REP.VP.2012.KYL,Jon Kyl to be Republican VP nominee in 2012,50,0.4,Jun/26/2012 14:56:09
757302,REP.VP.2012.KYL,Jon Kyl to be Republican VP nominee in 2012,18,0.4,Jun/26/2012 16:10:03
757302,REP.VP.2012.KYL,Jon Kyl to be Republican VP nominee in 2012,41,0.4,Jun/26/2012 16:10:03
757302,REP.VP.2012.KYL,Jon Kyl to be Republican VP nominee in 2012,1,0.4,Jun/26/2012 16:10:03
757302,REP.VP.2012.KYL,Jon Kyl to be Republican VP nominee in 2012,100,0.5,Jun/26/2012 16:13:59
757302,REP.VP.2012.KYL,Jon Kyl to be Republican VP nominee in 2012,32,0.5,Jun/26/2012 16:13:59
757302,REP.VP.2012.KYL,Jon Kyl to be Republican VP nominee in 2012,100,0.5,Jun/26/2012 16:13:59
757302,REP.VP.2012.KYL,Jon Kyl to be Republican VP nominee in 2012,100,0.5,Jun/26/2012 16:13:59
757302,REP.VP.2012.KYL,Jon Kyl to be Republican VP nominee in 2012,9,0.4,Jun/26/2012 16:13:59
757302,REP.VP.2012.KYL,Jon Kyl to be Republican VP nominee in 2012,50,0.5,Jun/26/2012 16:13:59
757302,REP.VP.2012.KYL,Jon Kyl to be Republican VP nominee in 2012,9,0.5,Jun/26/2012 16:13:59
757302,REP.VP.2012.KYL,Jon Kyl to be Republican VP nominee in 2012,1,0.5,Jun/26/2012 19:35:19
757302,REP.VP.2012.KYL,Jon Kyl to be Republican VP nominee in 2012,100,0.5,Jun/26/2012 19:35:19
757302,REP.VP.2012.KYL,Jon Kyl to be Republican VP nominee in 2012,91,0.5,Jun/26/2012 19:35:19
757302,REP.VP.2012.KYL,Jon Kyl to be Republican VP nominee in 2012,48,0.5,Jun/26/2012 19:35:19
757302,REP.VP.2012.KYL,Jon Kyl to be Republican VP nominee in 2012,48,0.5,Jun/26/2012 19:35:53
757302,REP.VP.2012.KYL,Jon Kyl to be Republican VP nominee in 2012,52,0.5,Jun/26/2012 19:35:53
757302,REP.VP.2012.KYL,Jon Kyl to be Republican VP nominee in 2012,100,0.5,Jun/26/2012 19:35:53
757302,REP.VP.2012.KYL,Jon Kyl to be Republican VP nominee in 2012,52,0.5,Jun/26/2012 19:38:27
757302,REP.VP.2012.KYL,Jon Kyl to be Republican VP nominee in 2012,100,0.5,Jun/26/2012 19:38:27
757302,REP.VP.2012.KYL,Jon Kyl to be Republican VP nominee in 2012,50,0.5,Jun/26/2012 19:38:27
757302,REP.VP.2012.KYL,Jon Kyl to be Republican VP nominee in 2012,5,0.6,Jun/26/2012 20:53:39
757302,REP.VP.2012.KYL,Jon Kyl to be Republican VP nominee in 2012,1,0.6,Jun/27/2012 05:24:16
757302,REP.VP.2012.KYL,Jon Kyl to be Republican VP nominee in 2012,45,0.6,Jun/27/2012 05:24:16
757302,REP.VP.2012.KYL,Jon Kyl to be Republican VP nominee in 2012,15,0.6,Jun/27/2012 14:27:46
757302,REP.VP.2012.KYL,Jon Kyl to be Republican VP nominee in 2012,20,0.5,Jun/27/2012 18:11:44
757302,REP.VP.2012.KYL,Jon Kyl to be Republican VP nominee in 2012,15,0.5,Jun/27/2012 18:11:44
757302,REP.VP.2012.KYL,Jon Kyl to be Republican VP nominee in 2012,15,0.5,Jun/27/2012 18:53:24
757302,REP.VP.2012.KYL,Jon Kyl to be Republican VP nominee in 2012,5,0.5,Jun/27/2012 22:36:09
757302,REP.VP.2012.KYL,Jon Kyl to be Republican VP nominee in 2012,100,0.5,Jun/28/2012 12:05:36
757302,REP.VP.2012.KYL,Jon Kyl to be Republican VP nominee in 2012,100,0.5,Jun/28/2012 20:38:31
757302,REP.VP.2012.KYL,Jon Kyl to be Republican VP nominee in 2012,100,0.5,Jun/29/2012 02:26:55
757302,REP.VP.2012.KYL,Jon Kyl to be Republican VP nominee in 2012,1,0.5,Jun/29/2012 02:42:26
757302,REP.VP.2012.KYL,Jon Kyl to be Republican VP nominee in 2012,99,0.5,Jun/29/2012 02:42:26
757302,REP.VP.2012.KYL,Jon Kyl to be Republican VP nominee in 2012,99,0.5,Jun/29/2012 02:43:20
757302,REP.VP.2012.KYL,Jon Kyl to be Republican VP nominee in 2012,1,0.5,Jun/29/2012 02:43:20
757302,REP.VP.2012.KYL,Jon Kyl to be Republican VP nominee in 2012,1,0.5,Jun/29/2012 02:44:49
757302,REP.VP.2012.KYL,Jon Kyl to be Republican VP nominee in 2012,99,0.5,Jun/29/2012 02:44:49
757302,REP.VP.2012.KYL,Jon Kyl to be Republican VP nominee in 2012,99,0.5,Jun/29/2012 02:45:56
757302,REP.VP.2012.KYL,Jon Kyl to be Republican VP nominee in 2012,1,0.5,Jun/29/2012 02:45:56
757302,REP.VP.2012.KYL,Jon Kyl to be Republican VP nominee in 2012,99,0.5,Jun/29/2012 02:46:48
757302,REP.VP.2012.KYL,Jon Kyl to be Republican VP nominee in 2012,1,0.5,Jun/29/2012 02:46:48
757302,REP.VP.2012.KYL,Jon Kyl to be Republican VP nominee in 2012,1,0.5,Jun/29/2012 02:47:48
757302,REP.VP.2012.KYL,Jon Kyl to be Republican VP nominee in 2012,99,0.5,Jun/29/2012 02:47:48
757302,REP.VP.2012.KYL,Jon Kyl to be Republican VP nominee in 2012,1,0.5,Jun/29/2012 14:06:56
757302,REP.VP.2012.KYL,Jon Kyl to be Republican VP nominee in 2012,1,0.5,Jun/29/2012 14:06:56
757302,REP.VP.2012.KYL,Jon Kyl to be Republican VP nominee in 2012,8,0.5,Jun/29/2012 17:22:13
757302,REP.VP.2012.KYL,Jon Kyl to be Republican VP nominee in 2012,60,0.5,Jun/29/2012 17:23:22
757302,REP.VP.2012.KYL,Jon Kyl to be Republican VP nominee in 2012,30,0.5,Jun/29/2012 17:23:49
757302,REP.VP.2012.KYL,Jon Kyl to be Republican VP nominee in 2012,2,0.5,Jun/29/2012 17:24:16
757302,REP.VP.2012.KYL,Jon Kyl to be Republican VP nominee in 2012,20,0.6,Jun/29/2012 17:25:45
757302,REP.VP.2012.KYL,Jon Kyl to be Republican VP nominee in 2012,18,0.6,Jun/29/2012 17:27:34
757302,REP.VP.2012.KYL,Jon Kyl to be Republican VP nominee in 2012,8,0.6,Jun/29/2012 17:36:18
757302,REP.VP.2012.KYL,Jon Kyl to be Republican VP nominee in 2012,12,0.6,Jun/29/2012 17:36:18
757302,REP.VP.2012.KYL,Jon Kyl to be Republican VP nominee in 2012,8,0.5,Jul/01/2012 13:28:44
757302,REP.VP.2012.KYL,Jon Kyl to be Republican VP nominee in 2012,70,0.5,Jul/02/2012 21:20:53
757302,REP.VP.2012.KYL,Jon Kyl to be Republican VP nominee in 2012,70,0.5,Jul/02/2012 21:51:47
757302,REP.VP.2012.KYL,Jon Kyl to be Republican VP nominee in 2012,30,0.5,Jul/02/2012 21:51:47
757302,REP.VP.2012.KYL,Jon Kyl to be Republican VP nominee in 2012,30,0.5,Jul/03/2012 02:01:45
757302,REP.VP.2012.KYL,Jon Kyl to be Republican VP nominee in 2012,1,0.6,Jul/03/2012 05:56:52
757302,REP.VP.2012.KYL,Jon Kyl to be Republican VP nominee in 2012,2,0.6,Jul/03/2012 05:56:52
757302,REP.VP.2012.KYL,Jon Kyl to be Republican VP nominee in 2012,50,0.6,Jul/03/2012 05:56:52
757302,REP.VP.2012.KYL,Jon Kyl to be Republican VP nominee in 2012,8,0.6,Jul/03/2012 05:56:52
757302,REP.VP.2012.KYL,Jon Kyl to be Republican VP nominee in 2012,40,0.7,Jul/03/2012 12:05:47
757302,REP.VP.2012.KYL,Jon Kyl to be Republican VP nominee in 2012,8,0.6,Jul/03/2012 14:31:41
757302,REP.VP.2012.KYL,Jon Kyl to be Republican VP nominee in 2012,14,0.5,Jul/03/2012 14:31:56
757302,REP.VP.2012.KYL,Jon Kyl to be Republican VP nominee in 2012,10,0.5,Jul/03/2012 14:31:56
757302,REP.VP.2012.KYL,Jon Kyl to be Republican VP nominee in 2012,10,0.7,Jul/03/2012 14:36:03
757302,REP.VP.2012.KYL,Jon Kyl to be Republican VP nominee in 2012,100,0.5,Jul/04/2012 13:05:27
757302,REP.VP.2012.KYL,Jon Kyl to be Republican VP nominee in 2012,100,0.5,Jul/04/2012 16:38:13
757302,REP.VP.2012.KYL,Jon Kyl to be Republican VP nominee in 2012,100,0.5,Jul/04/2012 23:10:52
757302,REP.VP.2012.KYL,Jon Kyl to be Republican VP nominee in 2012,1,0.5,Jul/05/2012 11:13:20
757302,REP.VP.2012.KYL,Jon Kyl to be Republican VP nominee in 2012,100,0.5,Jul/05/2012 11:13:20
757302,REP.VP.2012.KYL,Jon Kyl to be Republican VP nominee in 2012,7,0.5,Jul/05/2012 22:03:08
757302,REP.VP.2012.KYL,Jon Kyl to be Republican VP nominee in 2012,92,0.5,Jul/05/2012 22:03:08
757302,REP.VP.2012.KYL,Jon Kyl to be Republican VP nominee in 2012,1,0.5,Jul/05/2012 22:03:08
757302,REP.VP.2012.KYL,Jon Kyl to be Republican VP nominee in 2012,1,0.5,Jul/05/2012 23:28:09
757302,REP.VP.2012.KYL,Jon Kyl to be Republican VP nominee in 2012,4,0.5,Jul/05/2012 23:28:09
757302,REP.VP.2012.KYL,Jon Kyl to be Republican VP nominee in 2012,87,0.5,Jul/05/2012 23:28:09
757302,REP.VP.2012.KYL,Jon Kyl to be Republican VP nominee in 2012,8,0.5,Jul/05/2012 23:28:09
757302,REP.VP.2012.KYL,Jon Kyl to be Republican VP nominee in 2012,10,0.5,Jul/06/2012 01:43:09
757302,REP.VP.2012.KYL,Jon Kyl to be Republican VP nominee in 2012,5,0.3,Jul/06/2012 01:47:28
757302,REP.VP.2012.KYL,Jon Kyl to be Republican VP nominee in 2012,1,0.4,Jul/06/2012 07:34:57
757302,REP.VP.2012.KYL,Jon Kyl to be Republican VP nominee in 2012,4,0.4,Jul/06/2012 07:34:57
757302,REP.VP.2012.KYL,Jon Kyl to be Republican VP nominee in 2012,50,0.4,Jul/06/2012 11:15:09
757302,REP.VP.2012.KYL,Jon Kyl to be Republican VP nominee in 2012,3,0.5,Jul/06/2012 14:40:09
757302,REP.VP.2012.KYL,Jon Kyl to be Republican VP nominee in 2012,1,0.5,Jul/06/2012 14:40:09
757302,REP.VP.2012.KYL,Jon Kyl to be Republican VP nominee in 2012,96,0.5,Jul/06/2012 14:40:09
757302,REP.VP.2012.KYL,Jon Kyl to be Republican VP nominee in 2012,5,0.4,Jul/06/2012 17:42:47
757302,REP.VP.2012.KYL,Jon Kyl to be Republican VP nominee in 2012,2,0.4,Jul/06/2012 18:07:08
757302,REP.VP.2012.KYL,Jon Kyl to be Republican VP nominee in 2012,1,0.4,Jul/06/2012 18:07:08
757302,REP.VP.2012.KYL,Jon Kyl to be Republican VP nominee in 2012,2,0.5,Jul/06/2012 22:18:25
757302,REP.VP.2012.KYL,Jon Kyl to be Republican VP nominee in 2012,100,0.5,Jul/08/2012 13:44:04
757302,REP.VP.2012.KYL,Jon Kyl to be Republican VP nominee in 2012,100,0.5,Jul/08/2012 13:44:04
757302,REP.VP.2012.KYL,Jon Kyl to be Republican VP nominee in 2012,100,0.5,Jul/08/2012 13:44:04
757302,REP.VP.2012.KYL,Jon Kyl to be Republican VP nominee in 2012,1,0.5,Jul/08/2012 13:44:04
757302,REP.VP.2012.KYL,Jon Kyl to be Republican VP nominee in 2012,2,0.5,Jul/08/2012 13:44:04
757302,REP.VP.2012.KYL,Jon Kyl to be Republican VP nominee in 2012,100,0.5,Jul/08/2012 13:44:04
757302,REP.VP.2012.KYL,Jon Kyl to be Republican VP nominee in 2012,14,0.5,Jul/10/2012 18:38:26
757302,REP.VP.2012.KYL,Jon Kyl to be Republican VP nominee in 2012,50,0.5,Jul/10/2012 22:02:32
757302,REP.VP.2012.KYL,Jon Kyl to be Republican VP nominee in 2012,149,0.5,Jul/11/2012 18:49:21
757302,REP.VP.2012.KYL,Jon Kyl to be Republican VP nominee in 2012,50,0.5,Jul/11/2012 18:49:21
757302,REP.VP.2012.KYL,Jon Kyl to be Republican VP nominee in 2012,1,0.5,Jul/11/2012 18:49:21
757302,REP.VP.2012.KYL,Jon Kyl to be Republican VP nominee in 2012,2,0.3,Jul/12/2012 23:38:56
757302,REP.VP.2012.KYL,Jon Kyl to be Republican VP nominee in 2012,10,0.3,Jul/12/2012 23:40:09
757302,REP.VP.2012.KYL,Jon Kyl to be Republican VP nominee in 2012,1,0.3,Jul/13/2012 14:22:13
757302,REP.VP.2012.KYL,Jon Kyl to be Republican VP nominee in 2012,22,0.3,Jul/14/2012 02:11:38
757302,REP.VP.2012.KYL,Jon Kyl to be Republican VP nominee in 2012,100,0.3,Jul/14/2012 17:13:55
757302,REP.VP.2012.KYL,Jon Kyl to be Republican VP nominee in 2012,10,0.2,Jul/15/2012 12:51:53
757302,REP.VP.2012.KYL,Jon Kyl to be Republican VP nominee in 2012,48,0.2,Jul/15/2012 18:16:55
757302,REP.VP.2012.KYL,Jon Kyl to be Republican VP nominee in 2012,30,0.2,Jul/15/2012 18:16:55
757302,REP.VP.2012.KYL,Jon Kyl to be Republican VP nominee in 2012,20,0.3,Jul/16/2012 10:22:00
757302,REP.VP.2012.KYL,Jon Kyl to be Republican VP nominee in 2012,1,0.3,Jul/16/2012 10:22:00
757302,REP.VP.2012.KYL,Jon Kyl to be Republican VP nominee in 2012,100,0.3,Jul/16/2012 14:34:27
757302,REP.VP.2012.KYL,Jon Kyl to be Republican VP nominee in 2012,100,0.3,Jul/16/2012 14:42:16
757302,REP.VP.2012.KYL,Jon Kyl to be Republican VP nominee in 2012,100,0.3,Jul/16/2012 14:52:44
757302,REP.VP.2012.KYL,Jon Kyl to be Republican VP nominee in 2012,130,0.2,Jul/16/2012 17:35:29
757302,REP.VP.2012.KYL,Jon Kyl to be Republican VP nominee in 2012,107,0.2,Jul/16/2012 17:35:29
757302,REP.VP.2012.KYL,Jon Kyl to be Republican VP nominee in 2012,1,0.3,Jul/16/2012 22:30:09
757302,REP.VP.2012.KYL,Jon Kyl to be Republican VP nominee in 2012,100,0.3,Jul/16/2012 22:30:09
757302,REP.VP.2012.KYL,Jon Kyl to be Republican VP nominee in 2012,5,0.2,Jul/17/2012 05:05:40
757302,REP.VP.2012.KYL,Jon Kyl to be Republican VP nominee in 2012,449,0.2,Jul/17/2012 14:22:11
757302,REP.VP.2012.KYL,Jon Kyl to be Republican VP nominee in 2012,3,0.3,Jul/18/2012 15:54:52
757302,REP.VP.2012.KYL,Jon Kyl to be Republican VP nominee in 2012,47,0.3,Jul/18/2012 15:54:52
757302,REP.VP.2012.KYL,Jon Kyl to be Republican VP nominee in 2012,18,0.2,Jul/18/2012 16:28:25
757302,REP.VP.2012.KYL,Jon Kyl to be Republican VP nominee in 2012,85,0.2,Jul/18/2012 21:27:42
757302,REP.VP.2012.KYL,Jon Kyl to be Republican VP nominee in 2012,100,0.2,Jul/19/2012 16:25:29
757302,REP.VP.2012.KYL,Jon Kyl to be Republican VP nominee in 2012,100,0.3,Jul/19/2012 18:44:20
757302,REP.VP.2012.KYL,Jon Kyl to be Republican VP nominee in 2012,1,0.3,Jul/19/2012 18:44:20
757302,REP.VP.2012.KYL,Jon Kyl to be Republican VP nominee in 2012,100,0.3,Jul/19/2012 18:44:20
757302,REP.VP.2012.KYL,Jon Kyl to be Republican VP nominee in 2012,100,0.3,Jul/19/2012 18:44:20
757302,REP.VP.2012.KYL,Jon Kyl to be Republican VP nominee in 2012,100,0.3,Jul/19/2012 18:44:20
757302,REP.VP.2012.KYL,Jon Kyl to be Republican VP nominee in 2012,100,0.3,Jul/19/2012 18:44:20
757302,REP.VP.2012.KYL,Jon Kyl to be Republican VP nominee in 2012,24,0.4,Jul/19/2012 21:32:01
757302,REP.VP.2012.KYL,Jon Kyl to be Republican VP nominee in 2012,1,0.4,Jul/19/2012 21:32:01
757302,REP.VP.2012.KYL,Jon Kyl to be Republican VP nominee in 2012,100,0.3,Jul/19/2012 21:55:56
757302,REP.VP.2012.KYL,Jon Kyl to be Republican VP nominee in 2012,1,0.3,Jul/19/2012 21:55:56
757302,REP.VP.2012.KYL,Jon Kyl to be Republican VP nominee in 2012,1,0.4,Jul/20/2012 14:25:33
757302,REP.VP.2012.KYL,Jon Kyl to be Republican VP nominee in 2012,100,0.4,Jul/20/2012 14:25:33
757302,REP.VP.2012.KYL,Jon Kyl to be Republican VP nominee in 2012,106,0.4,Jul/20/2012 14:25:33
757302,REP.VP.2012.KYL,Jon Kyl to be Republican VP nominee in 2012,500,0.5,Jul/20/2012 14:25:40
757302,REP.VP.2012.KYL,Jon Kyl to be Republican VP nominee in 2012,1,0.5,Jul/20/2012 14:25:40
757302,REP.VP.2012.KYL,Jon Kyl to be Republican VP nominee in 2012,100,0.5,Jul/20/2012 14:25:40
757302,REP.VP.2012.KYL,Jon Kyl to be Republican VP nominee in 2012,200,0.5,Jul/20/2012 21:34:06
757302,REP.VP.2012.KYL,Jon Kyl to be Republican VP nominee in 2012,1,0.5,Jul/20/2012 21:34:06
757302,REP.VP.2012.KYL,Jon Kyl to be Republican VP nominee in 2012,100,0.5,Jul/20/2012 21:47:11
757302,REP.VP.2012.KYL,Jon Kyl to be Republican VP nominee in 2012,10,0.5,Jul/23/2012 00:04:12
757302,REP.VP.2012.KYL,Jon Kyl to be Republican VP nominee in 2012,1,0.5,Jul/23/2012 00:04:12
757302,REP.VP.2012.KYL,Jon Kyl to be Republican VP nominee in 2012,245,0.6,Jul/23/2012 00:04:12
757302,REP.VP.2012.KYL,Jon Kyl to be Republican VP nominee in 2012,1,0.6,Jul/23/2012 00:04:12
757302,REP.VP.2012.KYL,Jon Kyl to be Republican VP nominee in 2012,4,0.2,Jul/23/2012 13:20:57
757302,REP.VP.2012.KYL,Jon Kyl to be Republican VP nominee in 2012,232,0.2,Jul/23/2012 14:02:10
757302,REP.VP.2012.KYL,Jon Kyl to be Republican VP nominee in 2012,768,0.2,Jul/23/2012 14:02:10
757302,REP.VP.2012.KYL,Jon Kyl to be Republican VP nominee in 2012,200,0.2,Jul/24/2012 20:50:45
757302,REP.VP.2012.KYL,Jon Kyl to be Republican VP nominee in 2012,100,0.3,Jul/25/2012 01:53:02
757302,REP.VP.2012.KYL,Jon Kyl to be Republican VP nominee in 2012,5,0.4,Jul/25/2012 02:21:32
757302,REP.VP.2012.KYL,Jon Kyl to be Republican VP nominee in 2012,30,0.4,Jul/25/2012 05:43:52
757302,REP.VP.2012.KYL,Jon Kyl to be Republican VP nominee in 2012,1,0.3,Jul/25/2012 15:59:22
757302,REP.VP.2012.KYL,Jon Kyl to be Republican VP nominee in 2012,1,0.3,Jul/25/2012 16:33:56
757302,REP.VP.2012.KYL,Jon Kyl to be Republican VP nominee in 2012,99,0.3,Jul/25/2012 16:33:56
757302,REP.VP.2012.KYL,Jon Kyl to be Republican VP nominee in 2012,565,0.3,Jul/26/2012 00:22:09
757302,REP.VP.2012.KYL,Jon Kyl to be Republican VP nominee in 2012,1,0.3,Jul/26/2012 00:22:09
757302,REP.VP.2012.KYL,Jon Kyl to be Republican VP nominee in 2012,40,0.3,Jul/26/2012 22:06:59
757302,REP.VP.2012.KYL,Jon Kyl to be Republican VP nominee in 2012,1,0.3,Jul/26/2012 22:06:59
757302,REP.VP.2012.KYL,Jon Kyl to be Republican VP nominee in 2012,100,0.3,Jul/26/2012 22:28:48
757302,REP.VP.2012.KYL,Jon Kyl to be Republican VP nominee in 2012,1,0.3,Jul/28/2012 22:50:25
757302,REP.VP.2012.KYL,Jon Kyl to be Republican VP nominee in 2012,100,0.3,Jul/28/2012 22:50:25
757302,REP.VP.2012.KYL,Jon Kyl to be Republican VP nominee in 2012,468,0.2,Jul/29/2012 19:25:43
757302,REP.VP.2012.KYL,Jon Kyl to be Republican VP nominee in 2012,32,0.2,Jul/29/2012 19:25:43
757302,REP.VP.2012.KYL,Jon Kyl to be Republican VP nominee in 2012,100,0.3,Jul/30/2012 00:10:24
757302,REP.VP.2012.KYL,Jon Kyl to be Republican VP nominee in 2012,1,0.2,Jul/30/2012 02:22:09
757302,REP.VP.2012.KYL,Jon Kyl to be Republican VP nominee in 2012,1,0.2,Jul/30/2012 02:22:17
757302,REP.VP.2012.KYL,Jon Kyl to be Republican VP nominee in 2012,1,0.2,Jul/30/2012 02:22:24
757302,REP.VP.2012.KYL,Jon Kyl to be Republican VP nominee in 2012,1,0.2,Jul/30/2012 02:22:31
757302,REP.VP.2012.KYL,Jon Kyl to be Republican VP nominee in 2012,10,0.2,Jul/30/2012 02:22:41
757302,REP.VP.2012.KYL,Jon Kyl to be Republican VP nominee in 2012,10,0.2,Jul/30/2012 02:22:50
757302,REP.VP.2012.KYL,Jon Kyl to be Republican VP nominee in 2012,10,0.2,Jul/30/2012 02:23:00
757302,REP.VP.2012.KYL,Jon Kyl to be Republican VP nominee in 2012,10,0.2,Jul/30/2012 02:23:09
757302,REP.VP.2012.KYL,Jon Kyl to be Republican VP nominee in 2012,10,0.2,Jul/30/2012 02:23:19
757302,REP.VP.2012.KYL,Jon Kyl to be Republican VP nominee in 2012,10,0.2,Jul/30/2012 02:23:29
757302,REP.VP.2012.KYL,Jon Kyl to be Republican VP nominee in 2012,10,0.2,Jul/30/2012 02:23:40
757302,REP.VP.2012.KYL,Jon Kyl to be Republican VP nominee in 2012,10,0.2,Jul/30/2012 02:23:49
757302,REP.VP.2012.KYL,Jon Kyl to be Republican VP nominee in 2012,10,0.2,Jul/30/2012 02:24:01
757302,REP.VP.2012.KYL,Jon Kyl to be Republican VP nominee in 2012,1,0.2,Jul/30/2012 02:24:18
757302,REP.VP.2012.KYL,Jon Kyl to be Republican VP nominee in 2012,10,0.2,Jul/30/2012 02:24:30
757302,REP.VP.2012.KYL,Jon Kyl to be Republican VP nominee in 2012,100,0.3,Jul/30/2012 14:31:10
757302,REP.VP.2012.KYL,Jon Kyl to be Republican VP nominee in 2012,84,0.3,Jul/30/2012 20:07:16
757302,REP.VP.2012.KYL,Jon Kyl to be Republican VP nominee in 2012,1,0.2,Jul/31/2012 21:04:36
757302,REP.VP.2012.KYL,Jon Kyl to be Republican VP nominee in 2012,1,0.2,Jul/31/2012 21:04:44
757302,REP.VP.2012.KYL,Jon Kyl to be Republican VP nominee in 2012,1,0.2,Jul/31/2012 21:04:50
757302,REP.VP.2012.KYL,Jon Kyl to be Republican VP nominee in 2012,16,0.3,Aug/01/2012 00:09:25
757302,REP.VP.2012.KYL,Jon Kyl to be Republican VP nominee in 2012,1,0.3,Aug/01/2012 00:09:25
757302,REP.VP.2012.KYL,Jon Kyl to be Republican VP nominee in 2012,63,0.3,Aug/01/2012 00:09:25
757302,REP.VP.2012.KYL,Jon Kyl to be Republican VP nominee in 2012,50,0.3,Aug/01/2012 00:09:59
757302,REP.VP.2012.KYL,Jon Kyl to be Republican VP nominee in 2012,200,0.2,Aug/01/2012 06:08:36
757302,REP.VP.2012.KYL,Jon Kyl to be Republican VP nominee in 2012,9,0.2,Aug/01/2012 18:27:09
757302,REP.VP.2012.KYL,Jon Kyl to be Republican VP nominee in 2012,100,0.2,Aug/02/2012 02:35:39
757302,REP.VP.2012.KYL,Jon Kyl to be Republican VP nominee in 2012,115,0.2,Aug/02/2012 14:41:51
757302,REP.VP.2012.KYL,Jon Kyl to be Republican VP nominee in 2012,1000,0.2,Aug/02/2012 14:41:51
757302,REP.VP.2012.KYL,Jon Kyl to be Republican VP nominee in 2012,40,0.2,Aug/02/2012 14:41:51
757302,REP.VP.2012.KYL,Jon Kyl to be Republican VP nominee in 2012,1000,0.2,Aug/02/2012 14:41:51
757302,REP.VP.2012.KYL,Jon Kyl to be Republican VP nominee in 2012,1,0.2,Aug/03/2012 21:56:01
757302,REP.VP.2012.KYL,Jon Kyl to be Republican VP nominee in 2012,3,0.2,Aug/03/2012 21:56:56
757302,REP.VP.2012.KYL,Jon Kyl to be Republican VP nominee in 2012,1,0.2,Aug/03/2012 22:01:15
757302,REP.VP.2012.KYL,Jon Kyl to be Republican VP nominee in 2012,1,0.2,Aug/03/2012 22:03:19
757302,REP.VP.2012.KYL,Jon Kyl to be Republican VP nominee in 2012,2,0.2,Aug/03/2012 22:22:58
757302,REP.VP.2012.KYL,Jon Kyl to be Republican VP nominee in 2012,1,0.2,Aug/03/2012 22:23:47
757302,REP.VP.2012.KYL,Jon Kyl to be Republican VP nominee in 2012,1,0.2,Aug/03/2012 22:24:10
757302,REP.VP.2012.KYL,Jon Kyl to be Republican VP nominee in 2012,1,0.2,Aug/03/2012 22:31:40
757302,REP.VP.2012.KYL,Jon Kyl to be Republican VP nominee in 2012,20,0.2,Aug/04/2012 00:52:31
757302,REP.VP.2012.KYL,Jon Kyl to be Republican VP nominee in 2012,1,0.2,Aug/04/2012 02:01:15
757302,REP.VP.2012.KYL,Jon Kyl to be Republican VP nominee in 2012,1,0.2,Aug/04/2012 02:02:48
757302,REP.VP.2012.KYL,Jon Kyl to be Republican VP nominee in 2012,1,0.2,Aug/04/2012 02:22:59
757302,REP.VP.2012.KYL,Jon Kyl to be Republican VP nominee in 2012,94,0.2,Aug/06/2012 16:26:51
757302,REP.VP.2012.KYL,Jon Kyl to be Republican VP nominee in 2012,74,0.1,Aug/06/2012 20:30:23
757302,REP.VP.2012.KYL,Jon Kyl to be Republican VP nominee in 2012,905,0.2,Aug/07/2012 12:50:30
757302,REP.VP.2012.KYL,Jon Kyl to be Republican VP nominee in 2012,1,0.2,Aug/07/2012 12:50:30
757302,REP.VP.2012.KYL,Jon Kyl to be Republican VP nominee in 2012,74,0.2,Aug/07/2012 12:50:30
757302,REP.VP.2012.KYL,Jon Kyl to be Republican VP nominee in 2012,20,0.2,Aug/07/2012 15:36:35
757302,REP.VP.2012.KYL,Jon Kyl to be Republican VP nominee in 2012,3,0.1,Aug/07/2012 18:14:15
757302,REP.VP.2012.KYL,Jon Kyl to be Republican VP nominee in 2012,5,0.1,Aug/07/2012 18:17:48
757302,REP.VP.2012.KYL,Jon Kyl to be Republican VP nominee in 2012,2,0.1,Aug/07/2012 21:06:40
757302,REP.VP.2012.KYL,Jon Kyl to be Republican VP nominee in 2012,1,0.1,Aug/07/2012 21:16:03
757302,REP.VP.2012.KYL,Jon Kyl to be Republican VP nominee in 2012,100,0.2,Aug/07/2012 21:31:56
757302,REP.VP.2012.KYL,Jon Kyl to be Republican VP nominee in 2012,1,0.2,Aug/07/2012 21:31:56
757302,REP.VP.2012.KYL,Jon Kyl to be Republican VP nominee in 2012,150,0.2,Aug/07/2012 21:31:56
757302,REP.VP.2012.KYL,Jon Kyl to be Republican VP nominee in 2012,100,0.3,Aug/07/2012 21:33:44
757302,REP.VP.2012.KYL,Jon Kyl to be Republican VP nominee in 2012,100,0.3,Aug/07/2012 21:33:44
757302,REP.VP.2012.KYL,Jon Kyl to be Republican VP nominee in 2012,40,0.3,Aug/07/2012 21:33:44
757302,REP.VP.2012.KYL,Jon Kyl to be Republican VP nominee in 2012,30,0.3,Aug/07/2012 21:33:44
757302,REP.VP.2012.KYL,Jon Kyl to be Republican VP nominee in 2012,1,0.3,Aug/07/2012 21:33:44
757302,REP.VP.2012.KYL,Jon Kyl to be Republican VP nominee in 2012,100,0.3,Aug/07/2012 21:35:44
757302,REP.VP.2012.KYL,Jon Kyl to be Republican VP nominee in 2012,100,0.4,Aug/07/2012 21:38:00
757302,REP.VP.2012.KYL,Jon Kyl to be Republican VP nominee in 2012,1,0.4,Aug/07/2012 21:38:00
757302,REP.VP.2012.KYL,Jon Kyl to be Republican VP nominee in 2012,100,0.4,Aug/07/2012 21:38:00
757302,REP.VP.2012.KYL,Jon Kyl to be Republican VP nominee in 2012,200,0.4,Aug/07/2012 21:38:00
757302,REP.VP.2012.KYL,Jon Kyl to be Republican VP nominee in 2012,1000,0.5,Aug/07/2012 21:39:00
757302,REP.VP.2012.KYL,Jon Kyl to be Republican VP nominee in 2012,90,0.3,Aug/07/2012 22:19:19
757302,REP.VP.2012.KYL,Jon Kyl to be Republican VP nominee in 2012,300,0.2,Aug/08/2012 00:09:17
757302,REP.VP.2012.KYL,Jon Kyl to be Republican VP nominee in 2012,188,0.2,Aug/08/2012 00:09:31
757302,REP.VP.2012.KYL,Jon Kyl to be Republican VP nominee in 2012,198,0.2,Aug/08/2012 00:09:40
757302,REP.VP.2012.KYL,Jon Kyl to be Republican VP nominee in 2012,100,0.2,Aug/08/2012 00:09:51
757302,REP.VP.2012.KYL,Jon Kyl to be Republican VP nominee in 2012,199,0.2,Aug/08/2012 00:10:00
757302,REP.VP.2012.KYL,Jon Kyl to be Republican VP nominee in 2012,15,0.2,Aug/08/2012 00:10:10
757302,REP.VP.2012.KYL,Jon Kyl to be Republican VP nominee in 2012,184,0.2,Aug/08/2012 00:29:23
757302,REP.VP.2012.KYL,Jon Kyl to be Republican VP nominee in 2012,16,0.2,Aug/08/2012 00:29:23
757302,REP.VP.2012.KYL,Jon Kyl to be Republican VP nominee in 2012,5,0.2,Aug/08/2012 03:56:52
757302,REP.VP.2012.KYL,Jon Kyl to be Republican VP nominee in 2012,11,0.2,Aug/08/2012 12:52:43
757302,REP.VP.2012.KYL,Jon Kyl to be Republican VP nominee in 2012,1,0.2,Aug/08/2012 13:13:53
757302,REP.VP.2012.KYL,Jon Kyl to be Republican VP nominee in 2012,19,0.1,Aug/08/2012 14:13:16
757302,REP.VP.2012.KYL,Jon Kyl to be Republican VP nominee in 2012,55,0.1,Aug/08/2012 14:13:36
757302,REP.VP.2012.KYL,Jon Kyl to be Republican VP nominee in 2012,10,0.1,Aug/08/2012 17:17:55
757302,REP.VP.2012.KYL,Jon Kyl to be Republican VP nominee in 2012,26,0.1,Aug/08/2012 19:02:14
757302,REP.VP.2012.KYL,Jon Kyl to be Republican VP nominee in 2012,100,0.1,Aug/09/2012 22:33:35
757302,REP.VP.2012.KYL,Jon Kyl to be Republican VP nominee in 2012,5,0.1,Aug/10/2012 04:44:41
757302,REP.VP.2012.KYL,Jon Kyl to be Republican VP nominee in 2012,100,0.2,Aug/10/2012 14:48:38
757302,REP.VP.2012.KYL,Jon Kyl to be Republican VP nominee in 2012,100,0.2,Aug/10/2012 14:48:38
757302,REP.VP.2012.KYL,Jon Kyl to be Republican VP nominee in 2012,100,0.2,Aug/10/2012 14:48:38
757302,REP.VP.2012.KYL,Jon Kyl to be Republican VP nominee in 2012,1,0.2,Aug/10/2012 14:48:38
757302,REP.VP.2012.KYL,Jon Kyl to be Republican VP nominee in 2012,67,0.2,Aug/10/2012 14:48:38
757302,REP.VP.2012.KYL,Jon Kyl to be Republican VP nominee in 2012,100,0.2,Aug/10/2012 14:48:38
757302,REP.VP.2012.KYL,Jon Kyl to be Republican VP nominee in 2012,457,0.2,Aug/10/2012 14:48:38
757302,REP.VP.2012.KYL,Jon Kyl to be Republican VP nominee in 2012,75,0.2,Aug/10/2012 14:48:38
757302,REP.VP.2012.KYL,Jon Kyl to be Republican VP nominee in 2012,2,0.1,Aug/10/2012 15:31:12
757302,REP.VP.2012.KYL,Jon Kyl to be Republican VP nominee in 2012,1,0.1,Aug/10/2012 15:36:51
757302,REP.VP.2012.KYL,Jon Kyl to be Republican VP nominee in 2012,1,0.1,Aug/10/2012 15:42:32
757302,REP.VP.2012.KYL,Jon Kyl to be Republican VP nominee in 2012,801,0.2,Aug/10/2012 16:44:18
757302,REP.VP.2012.KYL,Jon Kyl to be Republican VP nominee in 2012,100,0.2,Aug/10/2012 16:44:18
757302,REP.VP.2012.KYL,Jon Kyl to be Republican VP nominee in 2012,1,0.2,Aug/10/2012 16:44:18
757302,REP.VP.2012.KYL,Jon Kyl to be Republican VP nominee in 2012,55,0.2,Aug/10/2012 16:44:18
757302,REP.VP.2012.KYL,Jon Kyl to be Republican VP nominee in 2012,43,0.2,Aug/10/2012 16:44:18
757302,REP.VP.2012.KYL,Jon Kyl to be Republican VP nominee in 2012,99,0.2,Aug/10/2012 16:47:07
757302,REP.VP.2012.KYL,Jon Kyl to be Republican VP nominee in 2012,1,0.1,Aug/10/2012 16:57:09
757302,REP.VP.2012.KYL,Jon Kyl to be Republican VP nominee in 2012,1,0.2,Aug/10/2012 22:49:32
757302,REP.VP.2012.KYL,Jon Kyl to be Republican VP nominee in 2012,145,0.2,Aug/10/2012 22:49:32
757302,REP.VP.2012.KYL,Jon Kyl to be Republican VP nominee in 2012,154,0.2,Aug/10/2012 22:49:32
757302,REP.VP.2012.KYL,Jon Kyl to be Republican VP nominee in 2012,500,0.2,Aug/10/2012 22:49:32
757302,REP.VP.2012.KYL,Jon Kyl to be Republican VP nominee in 2012,100,0.2,Aug/10/2012 22:49:32
757302,REP.VP.2012.KYL,Jon Kyl to be Republican VP nominee in 2012,46,0.2,Aug/10/2012 23:15:20
757302,REP.VP.2012.KYL,Jon Kyl to be Republican VP nominee in 2012,1,0.2,Aug/10/2012 23:15:20
757302,REP.VP.2012.KYL,Jon Kyl to be Republican VP nominee in 2012,3,0.1,Aug/11/2012 01:01:13
757302,REP.VP.2012.KYL,Jon Kyl to be Republican VP nominee in 2012,6,0.1,Aug/11/2012 03:18:01
757302,REP.VP.2012.KYL,Jon Kyl to be Republican VP nominee in 2012,65,0.1,Aug/11/2012 03:20:50
757302,REP.VP.2012.KYL,Jon Kyl to be Republican VP nominee in 2012,8,0.1,Aug/11/2012 03:21:11
757302,REP.VP.2012.KYL,Jon Kyl to be Republican VP nominee in 2012,68,0.1,Aug/11/2012 03:24:53
757302,REP.VP.2012.KYL,Jon Kyl to be Republican VP nominee in 2012,1,0.1,Aug/11/2012 03:26:25
757302,REP.VP.2012.KYL,Jon Kyl to be Republican VP nominee in 2012,31,0.1,Aug/11/2012 03:27:07
757302,REP.VP.2012.KYL,Jon Kyl to be Republican VP nominee in 2012,67,0.1,Aug/11/2012 21:01:12
757302,REP.VP.2012.KYL,Jon Kyl to be Republican VP nominee in 2012,10,0.1,Aug/12/2012 13:06:02
