market id,market symbol,market name,trade quantity,trade price,date/time [utc]
758016,REP.VP.2012.McMORRIS-RODGERS,Cathy McMorris Rodgers to be Republican VP nominee in 2012,60,0.1,Feb/29/2012 07:39:05
758016,REP.VP.2012.McMORRIS-RODGERS,Cathy McMorris Rodgers to be Republican VP nominee in 2012,100,0.2,Mar/01/2012 04:54:23
758016,REP.VP.2012.McMORRIS-RODGERS,Cathy McMorris Rodgers to be Republican VP nominee in 2012,1,0.2,Mar/01/2012 04:54:23
758016,REP.VP.2012.McMORRIS-RODGERS,Cathy McMorris Rodgers to be Republican VP nominee in 2012,50,0.4,Mar/01/2012 10:41:06
758016,REP.VP.2012.McMORRIS-RODGERS,Cathy McMorris Rodgers to be Republican VP nominee in 2012,1,0.4,Mar/01/2012 10:41:06
758016,REP.VP.2012.McMORRIS-RODGERS,Cathy McMorris Rodgers to be Republican VP nominee in 2012,200,0.5,Mar/01/2012 10:41:50
758016,REP.VP.2012.McMORRIS-RODGERS,Cathy McMorris Rodgers to be Republican VP nominee in 2012,50,0.8,Mar/01/2012 10:42:24
758016,REP.VP.2012.McMORRIS-RODGERS,Cathy McMorris Rodgers to be Republican VP nominee in 2012,2,0.8,Mar/01/2012 10:42:24
758016,REP.VP.2012.McMORRIS-RODGERS,Cathy McMorris Rodgers to be Republican VP nominee in 2012,100,1.0,Mar/01/2012 10:43:56
758016,REP.VP.2012.McMORRIS-RODGERS,Cathy McMorris Rodgers to be Republican VP nominee in 2012,100,2.0,Mar/01/2012 10:43:56
758016,REP.VP.2012.McMORRIS-RODGERS,Cathy McMorris Rodgers to be Republican VP nominee in 2012,5,2.0,Mar/01/2012 10:43:56
758016,REP.VP.2012.McMORRIS-RODGERS,Cathy McMorris Rodgers to be Republican VP nominee in 2012,100,0.9,Mar/01/2012 10:43:56
758016,REP.VP.2012.McMORRIS-RODGERS,Cathy McMorris Rodgers to be Republican VP nominee in 2012,1,1.0,Mar/01/2012 10:43:56
758016,REP.VP.2012.McMORRIS-RODGERS,Cathy McMorris Rodgers to be Republican VP nominee in 2012,100,3.0,Mar/01/2012 11:03:16
758016,REP.VP.2012.McMORRIS-RODGERS,Cathy McMorris Rodgers to be Republican VP nominee in 2012,5,3.0,Mar/01/2012 11:03:16
758016,REP.VP.2012.McMORRIS-RODGERS,Cathy McMorris Rodgers to be Republican VP nominee in 2012,1,5.0,Mar/01/2012 15:06:49
758016,REP.VP.2012.McMORRIS-RODGERS,Cathy McMorris Rodgers to be Republican VP nominee in 2012,10,0.5,Mar/02/2012 03:51:10
758016,REP.VP.2012.McMORRIS-RODGERS,Cathy McMorris Rodgers to be Republican VP nominee in 2012,10,0.6,Mar/02/2012 03:51:10
758016,REP.VP.2012.McMORRIS-RODGERS,Cathy McMorris Rodgers to be Republican VP nominee in 2012,10,0.6,Mar/02/2012 03:51:10
758016,REP.VP.2012.McMORRIS-RODGERS,Cathy McMorris Rodgers to be Republican VP nominee in 2012,50,0.4,Mar/02/2012 03:58:46
758016,REP.VP.2012.McMORRIS-RODGERS,Cathy McMorris Rodgers to be Republican VP nominee in 2012,50,0.5,Mar/02/2012 04:34:50
758016,REP.VP.2012.McMORRIS-RODGERS,Cathy McMorris Rodgers to be Republican VP nominee in 2012,20,0.5,Mar/02/2012 05:04:54
758016,REP.VP.2012.McMORRIS-RODGERS,Cathy McMorris Rodgers to be Republican VP nominee in 2012,30,0.5,Mar/02/2012 05:05:45
758016,REP.VP.2012.McMORRIS-RODGERS,Cathy McMorris Rodgers to be Republican VP nominee in 2012,1,0.5,Mar/02/2012 05:05:45
758016,REP.VP.2012.McMORRIS-RODGERS,Cathy McMorris Rodgers to be Republican VP nominee in 2012,100,1.0,Mar/02/2012 20:30:03
758016,REP.VP.2012.McMORRIS-RODGERS,Cathy McMorris Rodgers to be Republican VP nominee in 2012,100,1.5,Mar/02/2012 20:30:03
758016,REP.VP.2012.McMORRIS-RODGERS,Cathy McMorris Rodgers to be Republican VP nominee in 2012,100,1.8,Mar/02/2012 20:30:03
758016,REP.VP.2012.McMORRIS-RODGERS,Cathy McMorris Rodgers to be Republican VP nominee in 2012,20,0.9,Mar/02/2012 20:30:03
758016,REP.VP.2012.McMORRIS-RODGERS,Cathy McMorris Rodgers to be Republican VP nominee in 2012,1,0.9,Mar/02/2012 20:30:03
758016,REP.VP.2012.McMORRIS-RODGERS,Cathy McMorris Rodgers to be Republican VP nominee in 2012,100,0.6,Mar/02/2012 20:30:03
758016,REP.VP.2012.McMORRIS-RODGERS,Cathy McMorris Rodgers to be Republican VP nominee in 2012,1,0.6,Mar/02/2012 20:30:03
758016,REP.VP.2012.McMORRIS-RODGERS,Cathy McMorris Rodgers to be Republican VP nominee in 2012,1,1.0,Mar/02/2012 20:30:03
758016,REP.VP.2012.McMORRIS-RODGERS,Cathy McMorris Rodgers to be Republican VP nominee in 2012,2,1.5,Mar/02/2012 20:30:03
758016,REP.VP.2012.McMORRIS-RODGERS,Cathy McMorris Rodgers to be Republican VP nominee in 2012,2,1.8,Mar/02/2012 20:30:03
758016,REP.VP.2012.McMORRIS-RODGERS,Cathy McMorris Rodgers to be Republican VP nominee in 2012,35,2.9,Mar/02/2012 20:40:33
758016,REP.VP.2012.McMORRIS-RODGERS,Cathy McMorris Rodgers to be Republican VP nominee in 2012,30,2.8,Mar/02/2012 20:40:33
758016,REP.VP.2012.McMORRIS-RODGERS,Cathy McMorris Rodgers to be Republican VP nominee in 2012,100,2.0,Mar/02/2012 20:40:33
758016,REP.VP.2012.McMORRIS-RODGERS,Cathy McMorris Rodgers to be Republican VP nominee in 2012,30,1.9,Mar/02/2012 20:40:33
758016,REP.VP.2012.McMORRIS-RODGERS,Cathy McMorris Rodgers to be Republican VP nominee in 2012,100,2.5,Mar/02/2012 20:40:33
758016,REP.VP.2012.McMORRIS-RODGERS,Cathy McMorris Rodgers to be Republican VP nominee in 2012,1,1.9,Mar/02/2012 20:40:33
758016,REP.VP.2012.McMORRIS-RODGERS,Cathy McMorris Rodgers to be Republican VP nominee in 2012,3,2.5,Mar/02/2012 20:40:33
758016,REP.VP.2012.McMORRIS-RODGERS,Cathy McMorris Rodgers to be Republican VP nominee in 2012,1,2.8,Mar/02/2012 20:40:33
758016,REP.VP.2012.McMORRIS-RODGERS,Cathy McMorris Rodgers to be Republican VP nominee in 2012,5,2.9,Mar/02/2012 22:07:00
758016,REP.VP.2012.McMORRIS-RODGERS,Cathy McMorris Rodgers to be Republican VP nominee in 2012,1,2.9,Mar/02/2012 22:07:00
758016,REP.VP.2012.McMORRIS-RODGERS,Cathy McMorris Rodgers to be Republican VP nominee in 2012,100,3.0,Mar/02/2012 22:16:23
758016,REP.VP.2012.McMORRIS-RODGERS,Cathy McMorris Rodgers to be Republican VP nominee in 2012,100,4.0,Mar/02/2012 23:38:21
758016,REP.VP.2012.McMORRIS-RODGERS,Cathy McMorris Rodgers to be Republican VP nominee in 2012,1,4.0,Mar/02/2012 23:38:21
758016,REP.VP.2012.McMORRIS-RODGERS,Cathy McMorris Rodgers to be Republican VP nominee in 2012,15,4.9,Mar/02/2012 23:38:49
758016,REP.VP.2012.McMORRIS-RODGERS,Cathy McMorris Rodgers to be Republican VP nominee in 2012,50,4.9,Mar/02/2012 23:38:49
758016,REP.VP.2012.McMORRIS-RODGERS,Cathy McMorris Rodgers to be Republican VP nominee in 2012,4,4.9,Mar/02/2012 23:38:49
758016,REP.VP.2012.McMORRIS-RODGERS,Cathy McMorris Rodgers to be Republican VP nominee in 2012,100,2.0,Mar/03/2012 21:25:20
758016,REP.VP.2012.McMORRIS-RODGERS,Cathy McMorris Rodgers to be Republican VP nominee in 2012,61,1.4,Mar/05/2012 00:29:05
758016,REP.VP.2012.McMORRIS-RODGERS,Cathy McMorris Rodgers to be Republican VP nominee in 2012,139,1.4,Mar/06/2012 21:11:00
758016,REP.VP.2012.McMORRIS-RODGERS,Cathy McMorris Rodgers to be Republican VP nominee in 2012,3,1.5,Mar/06/2012 21:11:00
758016,REP.VP.2012.McMORRIS-RODGERS,Cathy McMorris Rodgers to be Republican VP nominee in 2012,200,1.4,Mar/07/2012 23:32:53
758016,REP.VP.2012.McMORRIS-RODGERS,Cathy McMorris Rodgers to be Republican VP nominee in 2012,2,1.5,Mar/07/2012 23:32:53
758016,REP.VP.2012.McMORRIS-RODGERS,Cathy McMorris Rodgers to be Republican VP nominee in 2012,2,1.5,Mar/08/2012 00:23:33
758016,REP.VP.2012.McMORRIS-RODGERS,Cathy McMorris Rodgers to be Republican VP nominee in 2012,6,1.4,Mar/08/2012 02:33:27
758016,REP.VP.2012.McMORRIS-RODGERS,Cathy McMorris Rodgers to be Republican VP nominee in 2012,4,1.4,Mar/08/2012 02:33:49
758016,REP.VP.2012.McMORRIS-RODGERS,Cathy McMorris Rodgers to be Republican VP nominee in 2012,90,1.4,Mar/08/2012 03:11:22
758016,REP.VP.2012.McMORRIS-RODGERS,Cathy McMorris Rodgers to be Republican VP nominee in 2012,100,1.4,Mar/08/2012 03:31:29
758016,REP.VP.2012.McMORRIS-RODGERS,Cathy McMorris Rodgers to be Republican VP nominee in 2012,200,1.4,Mar/08/2012 15:34:34
758016,REP.VP.2012.McMORRIS-RODGERS,Cathy McMorris Rodgers to be Republican VP nominee in 2012,50,1.4,Mar/09/2012 21:06:59
758016,REP.VP.2012.McMORRIS-RODGERS,Cathy McMorris Rodgers to be Republican VP nominee in 2012,100,1.4,Mar/12/2012 00:12:53
758016,REP.VP.2012.McMORRIS-RODGERS,Cathy McMorris Rodgers to be Republican VP nominee in 2012,50,1.4,Mar/12/2012 17:05:31
758016,REP.VP.2012.McMORRIS-RODGERS,Cathy McMorris Rodgers to be Republican VP nominee in 2012,5,0.7,Mar/13/2012 06:46:43
758016,REP.VP.2012.McMORRIS-RODGERS,Cathy McMorris Rodgers to be Republican VP nominee in 2012,50,1.5,Mar/15/2012 05:53:52
758016,REP.VP.2012.McMORRIS-RODGERS,Cathy McMorris Rodgers to be Republican VP nominee in 2012,1,1.5,Mar/15/2012 05:53:52
758016,REP.VP.2012.McMORRIS-RODGERS,Cathy McMorris Rodgers to be Republican VP nominee in 2012,1,1.8,Mar/15/2012 05:55:14
758016,REP.VP.2012.McMORRIS-RODGERS,Cathy McMorris Rodgers to be Republican VP nominee in 2012,1,1.8,Mar/15/2012 05:55:14
758016,REP.VP.2012.McMORRIS-RODGERS,Cathy McMorris Rodgers to be Republican VP nominee in 2012,1,1.9,Mar/15/2012 05:55:38
758016,REP.VP.2012.McMORRIS-RODGERS,Cathy McMorris Rodgers to be Republican VP nominee in 2012,1,1.9,Mar/15/2012 05:55:38
758016,REP.VP.2012.McMORRIS-RODGERS,Cathy McMorris Rodgers to be Republican VP nominee in 2012,25,1.9,Mar/15/2012 05:55:38
758016,REP.VP.2012.McMORRIS-RODGERS,Cathy McMorris Rodgers to be Republican VP nominee in 2012,100,2.0,Mar/15/2012 05:57:10
758016,REP.VP.2012.McMORRIS-RODGERS,Cathy McMorris Rodgers to be Republican VP nominee in 2012,20,2.4,Mar/15/2012 06:07:22
758016,REP.VP.2012.McMORRIS-RODGERS,Cathy McMorris Rodgers to be Republican VP nominee in 2012,2,2.4,Mar/15/2012 06:07:22
758016,REP.VP.2012.McMORRIS-RODGERS,Cathy McMorris Rodgers to be Republican VP nominee in 2012,1,2.4,Mar/15/2012 14:42:35
758016,REP.VP.2012.McMORRIS-RODGERS,Cathy McMorris Rodgers to be Republican VP nominee in 2012,50,2.4,Mar/15/2012 14:51:01
758016,REP.VP.2012.McMORRIS-RODGERS,Cathy McMorris Rodgers to be Republican VP nominee in 2012,100,2.4,Mar/15/2012 14:55:48
758016,REP.VP.2012.McMORRIS-RODGERS,Cathy McMorris Rodgers to be Republican VP nominee in 2012,50,2.4,Mar/15/2012 17:40:28
758016,REP.VP.2012.McMORRIS-RODGERS,Cathy McMorris Rodgers to be Republican VP nominee in 2012,20,2.4,Mar/16/2012 00:09:14
758016,REP.VP.2012.McMORRIS-RODGERS,Cathy McMorris Rodgers to be Republican VP nominee in 2012,2,2.5,Mar/16/2012 04:26:30
758016,REP.VP.2012.McMORRIS-RODGERS,Cathy McMorris Rodgers to be Republican VP nominee in 2012,98,2.5,Mar/16/2012 15:15:07
758016,REP.VP.2012.McMORRIS-RODGERS,Cathy McMorris Rodgers to be Republican VP nominee in 2012,1,2.5,Mar/16/2012 15:15:07
758016,REP.VP.2012.McMORRIS-RODGERS,Cathy McMorris Rodgers to be Republican VP nominee in 2012,100,3.0,Mar/16/2012 17:54:33
758016,REP.VP.2012.McMORRIS-RODGERS,Cathy McMorris Rodgers to be Republican VP nominee in 2012,10,2.9,Mar/16/2012 17:54:33
758016,REP.VP.2012.McMORRIS-RODGERS,Cathy McMorris Rodgers to be Republican VP nominee in 2012,4,2.8,Mar/16/2012 17:54:33
758016,REP.VP.2012.McMORRIS-RODGERS,Cathy McMorris Rodgers to be Republican VP nominee in 2012,1,2.8,Mar/16/2012 17:54:33
758016,REP.VP.2012.McMORRIS-RODGERS,Cathy McMorris Rodgers to be Republican VP nominee in 2012,50,3.0,Mar/16/2012 17:54:33
758016,REP.VP.2012.McMORRIS-RODGERS,Cathy McMorris Rodgers to be Republican VP nominee in 2012,1,3.0,Mar/16/2012 17:54:33
758016,REP.VP.2012.McMORRIS-RODGERS,Cathy McMorris Rodgers to be Republican VP nominee in 2012,5,3.0,Mar/16/2012 23:42:14
758016,REP.VP.2012.McMORRIS-RODGERS,Cathy McMorris Rodgers to be Republican VP nominee in 2012,10,2.6,Mar/17/2012 06:19:23
758016,REP.VP.2012.McMORRIS-RODGERS,Cathy McMorris Rodgers to be Republican VP nominee in 2012,188,2.6,Mar/18/2012 07:45:41
758016,REP.VP.2012.McMORRIS-RODGERS,Cathy McMorris Rodgers to be Republican VP nominee in 2012,1,2.8,Mar/19/2012 03:49:35
758016,REP.VP.2012.McMORRIS-RODGERS,Cathy McMorris Rodgers to be Republican VP nominee in 2012,1,2.9,Mar/19/2012 16:50:16
758016,REP.VP.2012.McMORRIS-RODGERS,Cathy McMorris Rodgers to be Republican VP nominee in 2012,1,2.8,Mar/19/2012 16:50:16
758016,REP.VP.2012.McMORRIS-RODGERS,Cathy McMorris Rodgers to be Republican VP nominee in 2012,1,2.8,Mar/19/2012 16:50:16
758016,REP.VP.2012.McMORRIS-RODGERS,Cathy McMorris Rodgers to be Republican VP nominee in 2012,2,2.8,Mar/19/2012 16:50:16
758016,REP.VP.2012.McMORRIS-RODGERS,Cathy McMorris Rodgers to be Republican VP nominee in 2012,45,3.0,Mar/20/2012 13:04:04
758016,REP.VP.2012.McMORRIS-RODGERS,Cathy McMorris Rodgers to be Republican VP nominee in 2012,39,2.9,Mar/20/2012 13:04:04
758016,REP.VP.2012.McMORRIS-RODGERS,Cathy McMorris Rodgers to be Republican VP nominee in 2012,2,2.8,Mar/20/2012 13:04:04
758016,REP.VP.2012.McMORRIS-RODGERS,Cathy McMorris Rodgers to be Republican VP nominee in 2012,1,2.8,Mar/20/2012 13:04:04
758016,REP.VP.2012.McMORRIS-RODGERS,Cathy McMorris Rodgers to be Republican VP nominee in 2012,1,3.0,Mar/20/2012 13:04:04
758016,REP.VP.2012.McMORRIS-RODGERS,Cathy McMorris Rodgers to be Republican VP nominee in 2012,50,3.3,Mar/21/2012 14:22:19
758016,REP.VP.2012.McMORRIS-RODGERS,Cathy McMorris Rodgers to be Republican VP nominee in 2012,5,3.3,Mar/21/2012 18:36:05
758016,REP.VP.2012.McMORRIS-RODGERS,Cathy McMorris Rodgers to be Republican VP nominee in 2012,50,3.3,Mar/21/2012 22:38:39
758016,REP.VP.2012.McMORRIS-RODGERS,Cathy McMorris Rodgers to be Republican VP nominee in 2012,5,3.4,Mar/21/2012 23:56:22
758016,REP.VP.2012.McMORRIS-RODGERS,Cathy McMorris Rodgers to be Republican VP nominee in 2012,1,3.4,Mar/21/2012 23:56:22
758016,REP.VP.2012.McMORRIS-RODGERS,Cathy McMorris Rodgers to be Republican VP nominee in 2012,50,3.5,Mar/21/2012 23:56:44
758016,REP.VP.2012.McMORRIS-RODGERS,Cathy McMorris Rodgers to be Republican VP nominee in 2012,25,3.5,Mar/21/2012 23:56:44
758016,REP.VP.2012.McMORRIS-RODGERS,Cathy McMorris Rodgers to be Republican VP nominee in 2012,1,3.3,Mar/22/2012 04:44:43
758016,REP.VP.2012.McMORRIS-RODGERS,Cathy McMorris Rodgers to be Republican VP nominee in 2012,2,3.9,Mar/22/2012 06:47:03
758016,REP.VP.2012.McMORRIS-RODGERS,Cathy McMorris Rodgers to be Republican VP nominee in 2012,50,3.4,Mar/22/2012 17:50:03
758016,REP.VP.2012.McMORRIS-RODGERS,Cathy McMorris Rodgers to be Republican VP nominee in 2012,50,3.3,Mar/22/2012 22:51:59
758016,REP.VP.2012.McMORRIS-RODGERS,Cathy McMorris Rodgers to be Republican VP nominee in 2012,11,3.5,Mar/23/2012 07:26:36
758016,REP.VP.2012.McMORRIS-RODGERS,Cathy McMorris Rodgers to be Republican VP nominee in 2012,2,3.4,Mar/23/2012 13:41:52
758016,REP.VP.2012.McMORRIS-RODGERS,Cathy McMorris Rodgers to be Republican VP nominee in 2012,8,3.4,Mar/23/2012 13:59:23
758016,REP.VP.2012.McMORRIS-RODGERS,Cathy McMorris Rodgers to be Republican VP nominee in 2012,3,3.3,Mar/23/2012 14:00:25
758016,REP.VP.2012.McMORRIS-RODGERS,Cathy McMorris Rodgers to be Republican VP nominee in 2012,1,3.3,Mar/23/2012 14:02:28
758016,REP.VP.2012.McMORRIS-RODGERS,Cathy McMorris Rodgers to be Republican VP nominee in 2012,1,3.3,Mar/23/2012 14:06:16
758016,REP.VP.2012.McMORRIS-RODGERS,Cathy McMorris Rodgers to be Republican VP nominee in 2012,100,3.3,Mar/23/2012 14:32:33
758016,REP.VP.2012.McMORRIS-RODGERS,Cathy McMorris Rodgers to be Republican VP nominee in 2012,10,3.5,Mar/24/2012 05:52:34
758016,REP.VP.2012.McMORRIS-RODGERS,Cathy McMorris Rodgers to be Republican VP nominee in 2012,100,3.3,Mar/24/2012 15:19:25
758016,REP.VP.2012.McMORRIS-RODGERS,Cathy McMorris Rodgers to be Republican VP nominee in 2012,1,3.5,Mar/24/2012 21:34:14
758016,REP.VP.2012.McMORRIS-RODGERS,Cathy McMorris Rodgers to be Republican VP nominee in 2012,1,3.5,Mar/25/2012 01:16:22
758016,REP.VP.2012.McMORRIS-RODGERS,Cathy McMorris Rodgers to be Republican VP nominee in 2012,5,2.6,Mar/25/2012 05:24:28
758016,REP.VP.2012.McMORRIS-RODGERS,Cathy McMorris Rodgers to be Republican VP nominee in 2012,2,2.6,Mar/25/2012 05:24:28
758016,REP.VP.2012.McMORRIS-RODGERS,Cathy McMorris Rodgers to be Republican VP nominee in 2012,12,2.0,Mar/25/2012 15:11:17
758016,REP.VP.2012.McMORRIS-RODGERS,Cathy McMorris Rodgers to be Republican VP nominee in 2012,176,2.0,Mar/25/2012 15:30:39
758016,REP.VP.2012.McMORRIS-RODGERS,Cathy McMorris Rodgers to be Republican VP nominee in 2012,50,2.5,Mar/25/2012 17:29:31
758016,REP.VP.2012.McMORRIS-RODGERS,Cathy McMorris Rodgers to be Republican VP nominee in 2012,20,1.3,Mar/26/2012 00:23:39
758016,REP.VP.2012.McMORRIS-RODGERS,Cathy McMorris Rodgers to be Republican VP nominee in 2012,10,1.3,Mar/26/2012 15:10:14
758016,REP.VP.2012.McMORRIS-RODGERS,Cathy McMorris Rodgers to be Republican VP nominee in 2012,3,1.4,Mar/26/2012 18:26:51
758016,REP.VP.2012.McMORRIS-RODGERS,Cathy McMorris Rodgers to be Republican VP nominee in 2012,1,1.4,Mar/26/2012 18:26:51
758016,REP.VP.2012.McMORRIS-RODGERS,Cathy McMorris Rodgers to be Republican VP nominee in 2012,16,1.5,Mar/26/2012 18:27:34
758016,REP.VP.2012.McMORRIS-RODGERS,Cathy McMorris Rodgers to be Republican VP nominee in 2012,10,0.9,Mar/26/2012 22:06:21
758016,REP.VP.2012.McMORRIS-RODGERS,Cathy McMorris Rodgers to be Republican VP nominee in 2012,10,0.8,Mar/26/2012 22:07:32
758016,REP.VP.2012.McMORRIS-RODGERS,Cathy McMorris Rodgers to be Republican VP nominee in 2012,10,0.8,Mar/26/2012 22:18:05
758016,REP.VP.2012.McMORRIS-RODGERS,Cathy McMorris Rodgers to be Republican VP nominee in 2012,12,0.9,Mar/27/2012 01:15:23
758016,REP.VP.2012.McMORRIS-RODGERS,Cathy McMorris Rodgers to be Republican VP nominee in 2012,1,0.9,Mar/27/2012 01:15:23
758016,REP.VP.2012.McMORRIS-RODGERS,Cathy McMorris Rodgers to be Republican VP nominee in 2012,22,1.0,Mar/27/2012 01:16:35
758016,REP.VP.2012.McMORRIS-RODGERS,Cathy McMorris Rodgers to be Republican VP nominee in 2012,1,0.8,Mar/27/2012 14:09:32
758016,REP.VP.2012.McMORRIS-RODGERS,Cathy McMorris Rodgers to be Republican VP nominee in 2012,2,0.8,Mar/27/2012 14:09:54
758016,REP.VP.2012.McMORRIS-RODGERS,Cathy McMorris Rodgers to be Republican VP nominee in 2012,1,0.8,Mar/27/2012 14:13:06
758016,REP.VP.2012.McMORRIS-RODGERS,Cathy McMorris Rodgers to be Republican VP nominee in 2012,1,0.8,Mar/27/2012 14:38:19
758016,REP.VP.2012.McMORRIS-RODGERS,Cathy McMorris Rodgers to be Republican VP nominee in 2012,5,0.8,Mar/27/2012 14:46:12
758016,REP.VP.2012.McMORRIS-RODGERS,Cathy McMorris Rodgers to be Republican VP nominee in 2012,3,0.8,Mar/27/2012 14:47:16
758016,REP.VP.2012.McMORRIS-RODGERS,Cathy McMorris Rodgers to be Republican VP nominee in 2012,2,0.7,Mar/27/2012 14:48:20
758016,REP.VP.2012.McMORRIS-RODGERS,Cathy McMorris Rodgers to be Republican VP nominee in 2012,3,0.7,Mar/27/2012 14:49:12
758016,REP.VP.2012.McMORRIS-RODGERS,Cathy McMorris Rodgers to be Republican VP nominee in 2012,7,0.6,Mar/27/2012 14:51:34
758016,REP.VP.2012.McMORRIS-RODGERS,Cathy McMorris Rodgers to be Republican VP nominee in 2012,7,0.6,Mar/27/2012 14:52:06
758016,REP.VP.2012.McMORRIS-RODGERS,Cathy McMorris Rodgers to be Republican VP nominee in 2012,8,0.6,Mar/27/2012 14:52:26
758016,REP.VP.2012.McMORRIS-RODGERS,Cathy McMorris Rodgers to be Republican VP nominee in 2012,8,0.6,Mar/27/2012 14:52:57
758016,REP.VP.2012.McMORRIS-RODGERS,Cathy McMorris Rodgers to be Republican VP nominee in 2012,2,0.6,Mar/27/2012 14:53:18
758016,REP.VP.2012.McMORRIS-RODGERS,Cathy McMorris Rodgers to be Republican VP nominee in 2012,1,0.6,Mar/27/2012 14:53:49
758016,REP.VP.2012.McMORRIS-RODGERS,Cathy McMorris Rodgers to be Republican VP nominee in 2012,9,0.6,Mar/27/2012 14:55:05
758016,REP.VP.2012.McMORRIS-RODGERS,Cathy McMorris Rodgers to be Republican VP nominee in 2012,6,0.6,Mar/27/2012 14:56:24
758016,REP.VP.2012.McMORRIS-RODGERS,Cathy McMorris Rodgers to be Republican VP nominee in 2012,4,0.6,Mar/27/2012 14:56:47
758016,REP.VP.2012.McMORRIS-RODGERS,Cathy McMorris Rodgers to be Republican VP nominee in 2012,9,0.6,Mar/27/2012 14:58:31
758016,REP.VP.2012.McMORRIS-RODGERS,Cathy McMorris Rodgers to be Republican VP nominee in 2012,5,0.6,Mar/27/2012 14:58:54
758016,REP.VP.2012.McMORRIS-RODGERS,Cathy McMorris Rodgers to be Republican VP nominee in 2012,3,0.6,Mar/27/2012 14:59:57
758016,REP.VP.2012.McMORRIS-RODGERS,Cathy McMorris Rodgers to be Republican VP nominee in 2012,1,0.6,Mar/27/2012 15:20:34
758016,REP.VP.2012.McMORRIS-RODGERS,Cathy McMorris Rodgers to be Republican VP nominee in 2012,1,0.6,Mar/27/2012 15:52:39
758016,REP.VP.2012.McMORRIS-RODGERS,Cathy McMorris Rodgers to be Republican VP nominee in 2012,1,0.6,Mar/27/2012 16:06:11
758016,REP.VP.2012.McMORRIS-RODGERS,Cathy McMorris Rodgers to be Republican VP nominee in 2012,3,0.6,Mar/27/2012 19:03:52
758016,REP.VP.2012.McMORRIS-RODGERS,Cathy McMorris Rodgers to be Republican VP nominee in 2012,20,0.6,Mar/27/2012 23:42:30
758016,REP.VP.2012.McMORRIS-RODGERS,Cathy McMorris Rodgers to be Republican VP nominee in 2012,5,0.6,Mar/28/2012 06:18:26
758016,REP.VP.2012.McMORRIS-RODGERS,Cathy McMorris Rodgers to be Republican VP nominee in 2012,1,0.6,Mar/28/2012 10:53:47
758016,REP.VP.2012.McMORRIS-RODGERS,Cathy McMorris Rodgers to be Republican VP nominee in 2012,14,0.5,Mar/28/2012 16:14:01
758016,REP.VP.2012.McMORRIS-RODGERS,Cathy McMorris Rodgers to be Republican VP nominee in 2012,50,0.7,Mar/29/2012 04:15:34
758016,REP.VP.2012.McMORRIS-RODGERS,Cathy McMorris Rodgers to be Republican VP nominee in 2012,15,0.7,Apr/01/2012 04:16:36
758016,REP.VP.2012.McMORRIS-RODGERS,Cathy McMorris Rodgers to be Republican VP nominee in 2012,19,0.6,Apr/01/2012 17:59:31
758016,REP.VP.2012.McMORRIS-RODGERS,Cathy McMorris Rodgers to be Republican VP nominee in 2012,1,0.6,Apr/01/2012 17:59:31
758016,REP.VP.2012.McMORRIS-RODGERS,Cathy McMorris Rodgers to be Republican VP nominee in 2012,5,0.5,Apr/02/2012 14:50:56
758016,REP.VP.2012.McMORRIS-RODGERS,Cathy McMorris Rodgers to be Republican VP nominee in 2012,10,0.6,Apr/03/2012 03:07:38
758016,REP.VP.2012.McMORRIS-RODGERS,Cathy McMorris Rodgers to be Republican VP nominee in 2012,40,0.6,Apr/03/2012 10:48:18
758016,REP.VP.2012.McMORRIS-RODGERS,Cathy McMorris Rodgers to be Republican VP nominee in 2012,20,0.5,Apr/03/2012 20:44:46
758016,REP.VP.2012.McMORRIS-RODGERS,Cathy McMorris Rodgers to be Republican VP nominee in 2012,5,0.6,Apr/04/2012 03:41:51
758016,REP.VP.2012.McMORRIS-RODGERS,Cathy McMorris Rodgers to be Republican VP nominee in 2012,1,0.6,Apr/04/2012 03:41:51
758016,REP.VP.2012.McMORRIS-RODGERS,Cathy McMorris Rodgers to be Republican VP nominee in 2012,14,0.6,Apr/04/2012 03:41:51
758016,REP.VP.2012.McMORRIS-RODGERS,Cathy McMorris Rodgers to be Republican VP nominee in 2012,25,0.6,Apr/04/2012 03:46:36
758016,REP.VP.2012.McMORRIS-RODGERS,Cathy McMorris Rodgers to be Republican VP nominee in 2012,4,0.4,Apr/04/2012 16:12:03
758016,REP.VP.2012.McMORRIS-RODGERS,Cathy McMorris Rodgers to be Republican VP nominee in 2012,1,0.5,Apr/04/2012 16:12:03
758016,REP.VP.2012.McMORRIS-RODGERS,Cathy McMorris Rodgers to be Republican VP nominee in 2012,20,0.4,Apr/04/2012 18:06:31
758016,REP.VP.2012.McMORRIS-RODGERS,Cathy McMorris Rodgers to be Republican VP nominee in 2012,25,0.5,Apr/04/2012 19:42:18
758016,REP.VP.2012.McMORRIS-RODGERS,Cathy McMorris Rodgers to be Republican VP nominee in 2012,25,0.5,Apr/05/2012 01:04:27
758016,REP.VP.2012.McMORRIS-RODGERS,Cathy McMorris Rodgers to be Republican VP nominee in 2012,1,0.5,Apr/05/2012 01:04:27
758016,REP.VP.2012.McMORRIS-RODGERS,Cathy McMorris Rodgers to be Republican VP nominee in 2012,30,0.5,Apr/05/2012 01:04:27
758016,REP.VP.2012.McMORRIS-RODGERS,Cathy McMorris Rodgers to be Republican VP nominee in 2012,50,0.5,Apr/05/2012 02:18:28
758016,REP.VP.2012.McMORRIS-RODGERS,Cathy McMorris Rodgers to be Republican VP nominee in 2012,94,0.5,Apr/05/2012 04:18:42
758016,REP.VP.2012.McMORRIS-RODGERS,Cathy McMorris Rodgers to be Republican VP nominee in 2012,4,0.5,Apr/05/2012 04:18:42
758016,REP.VP.2012.McMORRIS-RODGERS,Cathy McMorris Rodgers to be Republican VP nominee in 2012,14,0.5,Apr/05/2012 05:52:36
758016,REP.VP.2012.McMORRIS-RODGERS,Cathy McMorris Rodgers to be Republican VP nominee in 2012,58,0.5,Apr/06/2012 02:32:12
758016,REP.VP.2012.McMORRIS-RODGERS,Cathy McMorris Rodgers to be Republican VP nominee in 2012,1,0.5,Apr/06/2012 02:32:12
758016,REP.VP.2012.McMORRIS-RODGERS,Cathy McMorris Rodgers to be Republican VP nominee in 2012,11,0.6,Apr/06/2012 02:32:30
758016,REP.VP.2012.McMORRIS-RODGERS,Cathy McMorris Rodgers to be Republican VP nominee in 2012,50,0.6,Apr/06/2012 02:32:30
758016,REP.VP.2012.McMORRIS-RODGERS,Cathy McMorris Rodgers to be Republican VP nominee in 2012,20,0.6,Apr/06/2012 02:32:30
758016,REP.VP.2012.McMORRIS-RODGERS,Cathy McMorris Rodgers to be Republican VP nominee in 2012,50,0.7,Apr/06/2012 02:32:42
758016,REP.VP.2012.McMORRIS-RODGERS,Cathy McMorris Rodgers to be Republican VP nominee in 2012,1,0.7,Apr/06/2012 02:32:42
758016,REP.VP.2012.McMORRIS-RODGERS,Cathy McMorris Rodgers to be Republican VP nominee in 2012,9,0.8,Apr/06/2012 02:32:56
758016,REP.VP.2012.McMORRIS-RODGERS,Cathy McMorris Rodgers to be Republican VP nominee in 2012,41,0.8,Apr/06/2012 04:52:43
758016,REP.VP.2012.McMORRIS-RODGERS,Cathy McMorris Rodgers to be Republican VP nominee in 2012,1,0.8,Apr/06/2012 04:52:43
758016,REP.VP.2012.McMORRIS-RODGERS,Cathy McMorris Rodgers to be Republican VP nominee in 2012,6,0.4,Apr/07/2012 18:24:21
758016,REP.VP.2012.McMORRIS-RODGERS,Cathy McMorris Rodgers to be Republican VP nominee in 2012,42,0.4,Apr/07/2012 22:44:25
758016,REP.VP.2012.McMORRIS-RODGERS,Cathy McMorris Rodgers to be Republican VP nominee in 2012,20,0.4,Apr/08/2012 04:17:11
758016,REP.VP.2012.McMORRIS-RODGERS,Cathy McMorris Rodgers to be Republican VP nominee in 2012,1,0.4,Apr/09/2012 13:56:12
758016,REP.VP.2012.McMORRIS-RODGERS,Cathy McMorris Rodgers to be Republican VP nominee in 2012,5,0.4,Apr/09/2012 14:23:17
758016,REP.VP.2012.McMORRIS-RODGERS,Cathy McMorris Rodgers to be Republican VP nominee in 2012,5,0.4,Apr/09/2012 14:23:38
758016,REP.VP.2012.McMORRIS-RODGERS,Cathy McMorris Rodgers to be Republican VP nominee in 2012,5,0.4,Apr/09/2012 14:26:48
758016,REP.VP.2012.McMORRIS-RODGERS,Cathy McMorris Rodgers to be Republican VP nominee in 2012,4,0.4,Apr/09/2012 14:32:03
758016,REP.VP.2012.McMORRIS-RODGERS,Cathy McMorris Rodgers to be Republican VP nominee in 2012,18,0.4,Apr/09/2012 14:32:34
758016,REP.VP.2012.McMORRIS-RODGERS,Cathy McMorris Rodgers to be Republican VP nominee in 2012,3,0.5,Apr/09/2012 23:01:20
758016,REP.VP.2012.McMORRIS-RODGERS,Cathy McMorris Rodgers to be Republican VP nominee in 2012,15,0.5,Apr/10/2012 05:18:21
758016,REP.VP.2012.McMORRIS-RODGERS,Cathy McMorris Rodgers to be Republican VP nominee in 2012,1,0.5,Apr/10/2012 06:43:28
758016,REP.VP.2012.McMORRIS-RODGERS,Cathy McMorris Rodgers to be Republican VP nominee in 2012,3,0.4,Apr/10/2012 19:34:06
758016,REP.VP.2012.McMORRIS-RODGERS,Cathy McMorris Rodgers to be Republican VP nominee in 2012,31,0.5,Apr/11/2012 15:21:18
758016,REP.VP.2012.McMORRIS-RODGERS,Cathy McMorris Rodgers to be Republican VP nominee in 2012,50,0.5,Apr/11/2012 15:21:18
758016,REP.VP.2012.McMORRIS-RODGERS,Cathy McMorris Rodgers to be Republican VP nominee in 2012,25,0.5,Apr/11/2012 15:21:18
758016,REP.VP.2012.McMORRIS-RODGERS,Cathy McMorris Rodgers to be Republican VP nominee in 2012,1,0.5,Apr/11/2012 15:21:18
758016,REP.VP.2012.McMORRIS-RODGERS,Cathy McMorris Rodgers to be Republican VP nominee in 2012,93,0.5,Apr/11/2012 15:21:18
758016,REP.VP.2012.McMORRIS-RODGERS,Cathy McMorris Rodgers to be Republican VP nominee in 2012,4,0.4,Apr/11/2012 19:01:45
758016,REP.VP.2012.McMORRIS-RODGERS,Cathy McMorris Rodgers to be Republican VP nominee in 2012,1,0.4,Apr/11/2012 19:35:08
758016,REP.VP.2012.McMORRIS-RODGERS,Cathy McMorris Rodgers to be Republican VP nominee in 2012,3,0.4,Apr/11/2012 19:36:53
758016,REP.VP.2012.McMORRIS-RODGERS,Cathy McMorris Rodgers to be Republican VP nominee in 2012,20,0.4,Apr/11/2012 20:16:27
758016,REP.VP.2012.McMORRIS-RODGERS,Cathy McMorris Rodgers to be Republican VP nominee in 2012,20,0.4,Apr/11/2012 20:23:30
758016,REP.VP.2012.McMORRIS-RODGERS,Cathy McMorris Rodgers to be Republican VP nominee in 2012,15,0.4,Apr/11/2012 20:32:18
758016,REP.VP.2012.McMORRIS-RODGERS,Cathy McMorris Rodgers to be Republican VP nominee in 2012,7,0.5,Apr/11/2012 22:17:09
758016,REP.VP.2012.McMORRIS-RODGERS,Cathy McMorris Rodgers to be Republican VP nominee in 2012,4,0.5,Apr/11/2012 22:17:09
758016,REP.VP.2012.McMORRIS-RODGERS,Cathy McMorris Rodgers to be Republican VP nominee in 2012,1,0.5,Apr/11/2012 22:17:09
758016,REP.VP.2012.McMORRIS-RODGERS,Cathy McMorris Rodgers to be Republican VP nominee in 2012,8,0.6,Apr/11/2012 22:53:11
758016,REP.VP.2012.McMORRIS-RODGERS,Cathy McMorris Rodgers to be Republican VP nominee in 2012,100,0.5,Apr/12/2012 14:23:32
758016,REP.VP.2012.McMORRIS-RODGERS,Cathy McMorris Rodgers to be Republican VP nominee in 2012,42,0.6,Apr/12/2012 22:45:40
758016,REP.VP.2012.McMORRIS-RODGERS,Cathy McMorris Rodgers to be Republican VP nominee in 2012,1,0.6,Apr/12/2012 22:45:40
758016,REP.VP.2012.McMORRIS-RODGERS,Cathy McMorris Rodgers to be Republican VP nominee in 2012,50,0.7,Apr/12/2012 22:46:51
758016,REP.VP.2012.McMORRIS-RODGERS,Cathy McMorris Rodgers to be Republican VP nominee in 2012,1,0.7,Apr/12/2012 22:46:51
758016,REP.VP.2012.McMORRIS-RODGERS,Cathy McMorris Rodgers to be Republican VP nominee in 2012,116,0.5,Apr/13/2012 16:05:44
758016,REP.VP.2012.McMORRIS-RODGERS,Cathy McMorris Rodgers to be Republican VP nominee in 2012,1,0.6,Apr/13/2012 17:08:17
758016,REP.VP.2012.McMORRIS-RODGERS,Cathy McMorris Rodgers to be Republican VP nominee in 2012,1,0.6,Apr/13/2012 17:51:47
758016,REP.VP.2012.McMORRIS-RODGERS,Cathy McMorris Rodgers to be Republican VP nominee in 2012,1,0.6,Apr/13/2012 17:52:23
758016,REP.VP.2012.McMORRIS-RODGERS,Cathy McMorris Rodgers to be Republican VP nominee in 2012,1,0.6,Apr/13/2012 17:53:00
758016,REP.VP.2012.McMORRIS-RODGERS,Cathy McMorris Rodgers to be Republican VP nominee in 2012,46,0.6,Apr/13/2012 17:56:06
758016,REP.VP.2012.McMORRIS-RODGERS,Cathy McMorris Rodgers to be Republican VP nominee in 2012,1,0.6,Apr/13/2012 17:56:06
758016,REP.VP.2012.McMORRIS-RODGERS,Cathy McMorris Rodgers to be Republican VP nominee in 2012,3,0.7,Apr/13/2012 18:07:50
758016,REP.VP.2012.McMORRIS-RODGERS,Cathy McMorris Rodgers to be Republican VP nominee in 2012,47,0.7,Apr/13/2012 18:40:12
758016,REP.VP.2012.McMORRIS-RODGERS,Cathy McMorris Rodgers to be Republican VP nominee in 2012,1,0.7,Apr/13/2012 18:40:12
758016,REP.VP.2012.McMORRIS-RODGERS,Cathy McMorris Rodgers to be Republican VP nominee in 2012,50,0.8,Apr/13/2012 18:40:28
758016,REP.VP.2012.McMORRIS-RODGERS,Cathy McMorris Rodgers to be Republican VP nominee in 2012,1,0.8,Apr/13/2012 18:40:28
758016,REP.VP.2012.McMORRIS-RODGERS,Cathy McMorris Rodgers to be Republican VP nominee in 2012,50,0.9,Apr/13/2012 18:40:33
758016,REP.VP.2012.McMORRIS-RODGERS,Cathy McMorris Rodgers to be Republican VP nominee in 2012,50,0.9,Apr/13/2012 18:40:33
758016,REP.VP.2012.McMORRIS-RODGERS,Cathy McMorris Rodgers to be Republican VP nominee in 2012,1,0.9,Apr/13/2012 18:40:33
758016,REP.VP.2012.McMORRIS-RODGERS,Cathy McMorris Rodgers to be Republican VP nominee in 2012,50,1.0,Apr/13/2012 18:40:36
758016,REP.VP.2012.McMORRIS-RODGERS,Cathy McMorris Rodgers to be Republican VP nominee in 2012,100,1.0,Apr/13/2012 18:40:36
758016,REP.VP.2012.McMORRIS-RODGERS,Cathy McMorris Rodgers to be Republican VP nominee in 2012,50,1.0,Apr/13/2012 18:40:36
758016,REP.VP.2012.McMORRIS-RODGERS,Cathy McMorris Rodgers to be Republican VP nominee in 2012,50,1.0,Apr/13/2012 18:40:36
758016,REP.VP.2012.McMORRIS-RODGERS,Cathy McMorris Rodgers to be Republican VP nominee in 2012,50,1.0,Apr/13/2012 18:40:36
758016,REP.VP.2012.McMORRIS-RODGERS,Cathy McMorris Rodgers to be Republican VP nominee in 2012,1,1.0,Apr/13/2012 18:40:36
758016,REP.VP.2012.McMORRIS-RODGERS,Cathy McMorris Rodgers to be Republican VP nominee in 2012,100,1.0,Apr/14/2012 03:00:05
758016,REP.VP.2012.McMORRIS-RODGERS,Cathy McMorris Rodgers to be Republican VP nominee in 2012,1,1.0,Apr/14/2012 03:00:05
758016,REP.VP.2012.McMORRIS-RODGERS,Cathy McMorris Rodgers to be Republican VP nominee in 2012,99,1.0,Apr/14/2012 03:00:05
758016,REP.VP.2012.McMORRIS-RODGERS,Cathy McMorris Rodgers to be Republican VP nominee in 2012,1,0.9,Apr/14/2012 15:14:21
758016,REP.VP.2012.McMORRIS-RODGERS,Cathy McMorris Rodgers to be Republican VP nominee in 2012,50,0.9,Apr/14/2012 15:14:21
758016,REP.VP.2012.McMORRIS-RODGERS,Cathy McMorris Rodgers to be Republican VP nominee in 2012,40,0.9,Apr/14/2012 15:14:21
758016,REP.VP.2012.McMORRIS-RODGERS,Cathy McMorris Rodgers to be Republican VP nominee in 2012,1,0.9,Apr/14/2012 21:42:06
758016,REP.VP.2012.McMORRIS-RODGERS,Cathy McMorris Rodgers to be Republican VP nominee in 2012,7,0.9,Apr/14/2012 21:42:22
758016,REP.VP.2012.McMORRIS-RODGERS,Cathy McMorris Rodgers to be Republican VP nominee in 2012,1,0.9,Apr/14/2012 21:42:31
758016,REP.VP.2012.McMORRIS-RODGERS,Cathy McMorris Rodgers to be Republican VP nominee in 2012,4,0.9,Apr/14/2012 21:42:58
758016,REP.VP.2012.McMORRIS-RODGERS,Cathy McMorris Rodgers to be Republican VP nominee in 2012,1,0.9,Apr/14/2012 21:42:58
758016,REP.VP.2012.McMORRIS-RODGERS,Cathy McMorris Rodgers to be Republican VP nominee in 2012,3,0.9,Apr/14/2012 21:42:58
758016,REP.VP.2012.McMORRIS-RODGERS,Cathy McMorris Rodgers to be Republican VP nominee in 2012,1,0.9,Apr/16/2012 17:07:31
758016,REP.VP.2012.McMORRIS-RODGERS,Cathy McMorris Rodgers to be Republican VP nominee in 2012,1,0.9,Apr/16/2012 17:07:31
758016,REP.VP.2012.McMORRIS-RODGERS,Cathy McMorris Rodgers to be Republican VP nominee in 2012,2,1.0,Apr/16/2012 17:07:35
758016,REP.VP.2012.McMORRIS-RODGERS,Cathy McMorris Rodgers to be Republican VP nominee in 2012,1,1.0,Apr/16/2012 17:07:35
758016,REP.VP.2012.McMORRIS-RODGERS,Cathy McMorris Rodgers to be Republican VP nominee in 2012,50,1.0,Apr/16/2012 17:07:35
758016,REP.VP.2012.McMORRIS-RODGERS,Cathy McMorris Rodgers to be Republican VP nominee in 2012,50,1.0,Apr/16/2012 17:07:35
758016,REP.VP.2012.McMORRIS-RODGERS,Cathy McMorris Rodgers to be Republican VP nominee in 2012,40,1.0,Apr/16/2012 23:22:49
758016,REP.VP.2012.McMORRIS-RODGERS,Cathy McMorris Rodgers to be Republican VP nominee in 2012,9,1.0,Apr/17/2012 01:46:54
758016,REP.VP.2012.McMORRIS-RODGERS,Cathy McMorris Rodgers to be Republican VP nominee in 2012,10,0.9,Apr/17/2012 01:46:54
758016,REP.VP.2012.McMORRIS-RODGERS,Cathy McMorris Rodgers to be Republican VP nominee in 2012,1,0.9,Apr/17/2012 01:46:54
758016,REP.VP.2012.McMORRIS-RODGERS,Cathy McMorris Rodgers to be Republican VP nominee in 2012,1,1.0,Apr/18/2012 00:50:37
758016,REP.VP.2012.McMORRIS-RODGERS,Cathy McMorris Rodgers to be Republican VP nominee in 2012,1,1.0,Apr/18/2012 00:50:37
758016,REP.VP.2012.McMORRIS-RODGERS,Cathy McMorris Rodgers to be Republican VP nominee in 2012,78,1.0,Apr/18/2012 00:50:37
758016,REP.VP.2012.McMORRIS-RODGERS,Cathy McMorris Rodgers to be Republican VP nominee in 2012,22,1.0,Apr/18/2012 02:24:56
758016,REP.VP.2012.McMORRIS-RODGERS,Cathy McMorris Rodgers to be Republican VP nominee in 2012,1,1.0,Apr/18/2012 02:24:56
758016,REP.VP.2012.McMORRIS-RODGERS,Cathy McMorris Rodgers to be Republican VP nominee in 2012,100,1.0,Apr/18/2012 13:43:36
758016,REP.VP.2012.McMORRIS-RODGERS,Cathy McMorris Rodgers to be Republican VP nominee in 2012,17,1.1,Apr/18/2012 15:50:07
758016,REP.VP.2012.McMORRIS-RODGERS,Cathy McMorris Rodgers to be Republican VP nominee in 2012,150,1.1,Apr/18/2012 15:52:47
758016,REP.VP.2012.McMORRIS-RODGERS,Cathy McMorris Rodgers to be Republican VP nominee in 2012,2,1.1,Apr/18/2012 15:56:42
758016,REP.VP.2012.McMORRIS-RODGERS,Cathy McMorris Rodgers to be Republican VP nominee in 2012,3,1.1,Apr/18/2012 16:01:04
758016,REP.VP.2012.McMORRIS-RODGERS,Cathy McMorris Rodgers to be Republican VP nominee in 2012,5,0.7,Apr/18/2012 21:36:14
758016,REP.VP.2012.McMORRIS-RODGERS,Cathy McMorris Rodgers to be Republican VP nominee in 2012,100,1.0,Apr/19/2012 02:50:27
758016,REP.VP.2012.McMORRIS-RODGERS,Cathy McMorris Rodgers to be Republican VP nominee in 2012,5,1.2,Apr/20/2012 06:48:08
758016,REP.VP.2012.McMORRIS-RODGERS,Cathy McMorris Rodgers to be Republican VP nominee in 2012,28,1.1,Apr/20/2012 06:48:08
758016,REP.VP.2012.McMORRIS-RODGERS,Cathy McMorris Rodgers to be Republican VP nominee in 2012,1,1.1,Apr/20/2012 06:48:08
758016,REP.VP.2012.McMORRIS-RODGERS,Cathy McMorris Rodgers to be Republican VP nominee in 2012,1,1.2,Apr/20/2012 06:48:08
758016,REP.VP.2012.McMORRIS-RODGERS,Cathy McMorris Rodgers to be Republican VP nominee in 2012,20,1.5,Apr/20/2012 06:48:08
758016,REP.VP.2012.McMORRIS-RODGERS,Cathy McMorris Rodgers to be Republican VP nominee in 2012,10,1.4,Apr/20/2012 06:48:08
758016,REP.VP.2012.McMORRIS-RODGERS,Cathy McMorris Rodgers to be Republican VP nominee in 2012,8,1.3,Apr/20/2012 06:48:08
758016,REP.VP.2012.McMORRIS-RODGERS,Cathy McMorris Rodgers to be Republican VP nominee in 2012,1,1.3,Apr/20/2012 06:48:08
758016,REP.VP.2012.McMORRIS-RODGERS,Cathy McMorris Rodgers to be Republican VP nominee in 2012,1,1.4,Apr/20/2012 06:48:08
758016,REP.VP.2012.McMORRIS-RODGERS,Cathy McMorris Rodgers to be Republican VP nominee in 2012,1,1.5,Apr/20/2012 09:38:14
758016,REP.VP.2012.McMORRIS-RODGERS,Cathy McMorris Rodgers to be Republican VP nominee in 2012,15,1.5,Apr/20/2012 13:11:14
758016,REP.VP.2012.McMORRIS-RODGERS,Cathy McMorris Rodgers to be Republican VP nominee in 2012,1,0.8,Apr/20/2012 20:02:25
758016,REP.VP.2012.McMORRIS-RODGERS,Cathy McMorris Rodgers to be Republican VP nominee in 2012,1,0.8,Apr/20/2012 21:32:56
758016,REP.VP.2012.McMORRIS-RODGERS,Cathy McMorris Rodgers to be Republican VP nominee in 2012,1,0.7,Apr/21/2012 06:01:39
758016,REP.VP.2012.McMORRIS-RODGERS,Cathy McMorris Rodgers to be Republican VP nominee in 2012,2,0.7,Apr/21/2012 06:19:25
758016,REP.VP.2012.McMORRIS-RODGERS,Cathy McMorris Rodgers to be Republican VP nominee in 2012,1,0.7,Apr/21/2012 07:23:13
758016,REP.VP.2012.McMORRIS-RODGERS,Cathy McMorris Rodgers to be Republican VP nominee in 2012,19,1.0,Apr/22/2012 14:53:12
758016,REP.VP.2012.McMORRIS-RODGERS,Cathy McMorris Rodgers to be Republican VP nominee in 2012,1,1.0,Apr/22/2012 14:53:12
758016,REP.VP.2012.McMORRIS-RODGERS,Cathy McMorris Rodgers to be Republican VP nominee in 2012,100,1.0,Apr/22/2012 14:53:12
758016,REP.VP.2012.McMORRIS-RODGERS,Cathy McMorris Rodgers to be Republican VP nominee in 2012,100,1.0,Apr/22/2012 14:53:12
758016,REP.VP.2012.McMORRIS-RODGERS,Cathy McMorris Rodgers to be Republican VP nominee in 2012,100,1.1,Apr/22/2012 14:54:28
758016,REP.VP.2012.McMORRIS-RODGERS,Cathy McMorris Rodgers to be Republican VP nominee in 2012,1,1.1,Apr/22/2012 14:54:28
758016,REP.VP.2012.McMORRIS-RODGERS,Cathy McMorris Rodgers to be Republican VP nominee in 2012,4,1.3,Apr/22/2012 14:56:26
758016,REP.VP.2012.McMORRIS-RODGERS,Cathy McMorris Rodgers to be Republican VP nominee in 2012,2,1.3,Apr/22/2012 14:56:26
758016,REP.VP.2012.McMORRIS-RODGERS,Cathy McMorris Rodgers to be Republican VP nominee in 2012,14,1.5,Apr/22/2012 14:56:41
758016,REP.VP.2012.McMORRIS-RODGERS,Cathy McMorris Rodgers to be Republican VP nominee in 2012,50,1.5,Apr/22/2012 14:56:41
758016,REP.VP.2012.McMORRIS-RODGERS,Cathy McMorris Rodgers to be Republican VP nominee in 2012,50,1.5,Apr/22/2012 14:56:41
758016,REP.VP.2012.McMORRIS-RODGERS,Cathy McMorris Rodgers to be Republican VP nominee in 2012,2,1.5,Apr/22/2012 14:56:41
758016,REP.VP.2012.McMORRIS-RODGERS,Cathy McMorris Rodgers to be Republican VP nominee in 2012,2,1.6,Apr/22/2012 14:56:56
758016,REP.VP.2012.McMORRIS-RODGERS,Cathy McMorris Rodgers to be Republican VP nominee in 2012,1,1.6,Apr/22/2012 14:56:56
758016,REP.VP.2012.McMORRIS-RODGERS,Cathy McMorris Rodgers to be Republican VP nominee in 2012,1,1.7,Apr/22/2012 15:07:37
758016,REP.VP.2012.McMORRIS-RODGERS,Cathy McMorris Rodgers to be Republican VP nominee in 2012,2,1.7,Apr/22/2012 15:07:56
758016,REP.VP.2012.McMORRIS-RODGERS,Cathy McMorris Rodgers to be Republican VP nominee in 2012,1,1.7,Apr/22/2012 15:07:56
758016,REP.VP.2012.McMORRIS-RODGERS,Cathy McMorris Rodgers to be Republican VP nominee in 2012,5,1.8,Apr/22/2012 15:08:23
758016,REP.VP.2012.McMORRIS-RODGERS,Cathy McMorris Rodgers to be Republican VP nominee in 2012,10,1.8,Apr/22/2012 15:08:23
758016,REP.VP.2012.McMORRIS-RODGERS,Cathy McMorris Rodgers to be Republican VP nominee in 2012,1,1.8,Apr/22/2012 15:08:23
758016,REP.VP.2012.McMORRIS-RODGERS,Cathy McMorris Rodgers to be Republican VP nominee in 2012,10,1.9,Apr/22/2012 15:09:08
758016,REP.VP.2012.McMORRIS-RODGERS,Cathy McMorris Rodgers to be Republican VP nominee in 2012,50,1.9,Apr/22/2012 15:09:08
758016,REP.VP.2012.McMORRIS-RODGERS,Cathy McMorris Rodgers to be Republican VP nominee in 2012,1,1.9,Apr/22/2012 15:09:08
758016,REP.VP.2012.McMORRIS-RODGERS,Cathy McMorris Rodgers to be Republican VP nominee in 2012,50,1.9,Apr/22/2012 15:09:08
758016,REP.VP.2012.McMORRIS-RODGERS,Cathy McMorris Rodgers to be Republican VP nominee in 2012,50,2.0,Apr/22/2012 15:09:33
758016,REP.VP.2012.McMORRIS-RODGERS,Cathy McMorris Rodgers to be Republican VP nominee in 2012,40,2.0,Apr/22/2012 15:09:33
758016,REP.VP.2012.McMORRIS-RODGERS,Cathy McMorris Rodgers to be Republican VP nominee in 2012,1,2.0,Apr/22/2012 15:09:33
758016,REP.VP.2012.McMORRIS-RODGERS,Cathy McMorris Rodgers to be Republican VP nominee in 2012,10,2.0,Apr/22/2012 15:09:33
758016,REP.VP.2012.McMORRIS-RODGERS,Cathy McMorris Rodgers to be Republican VP nominee in 2012,50,2.0,Apr/22/2012 15:09:33
758016,REP.VP.2012.McMORRIS-RODGERS,Cathy McMorris Rodgers to be Republican VP nominee in 2012,3,1.6,Apr/22/2012 19:17:00
758016,REP.VP.2012.McMORRIS-RODGERS,Cathy McMorris Rodgers to be Republican VP nominee in 2012,1,2.0,Apr/23/2012 12:46:24
758016,REP.VP.2012.McMORRIS-RODGERS,Cathy McMorris Rodgers to be Republican VP nominee in 2012,25,1.5,Apr/23/2012 19:12:31
758016,REP.VP.2012.McMORRIS-RODGERS,Cathy McMorris Rodgers to be Republican VP nominee in 2012,1,1.5,Apr/23/2012 19:12:31
758016,REP.VP.2012.McMORRIS-RODGERS,Cathy McMorris Rodgers to be Republican VP nominee in 2012,4,1.8,Apr/23/2012 19:12:59
758016,REP.VP.2012.McMORRIS-RODGERS,Cathy McMorris Rodgers to be Republican VP nominee in 2012,1,1.8,Apr/23/2012 19:13:08
758016,REP.VP.2012.McMORRIS-RODGERS,Cathy McMorris Rodgers to be Republican VP nominee in 2012,1,1.8,Apr/23/2012 20:53:39
758016,REP.VP.2012.McMORRIS-RODGERS,Cathy McMorris Rodgers to be Republican VP nominee in 2012,4,1.5,Apr/23/2012 23:37:08
758016,REP.VP.2012.McMORRIS-RODGERS,Cathy McMorris Rodgers to be Republican VP nominee in 2012,50,1.1,Apr/24/2012 23:02:59
758016,REP.VP.2012.McMORRIS-RODGERS,Cathy McMorris Rodgers to be Republican VP nominee in 2012,20,1.0,Apr/25/2012 20:16:38
758016,REP.VP.2012.McMORRIS-RODGERS,Cathy McMorris Rodgers to be Republican VP nominee in 2012,1,1.0,Apr/25/2012 20:16:38
758016,REP.VP.2012.McMORRIS-RODGERS,Cathy McMorris Rodgers to be Republican VP nominee in 2012,79,1.0,Apr/25/2012 20:16:38
758016,REP.VP.2012.McMORRIS-RODGERS,Cathy McMorris Rodgers to be Republican VP nominee in 2012,5,0.9,Apr/25/2012 21:05:55
758016,REP.VP.2012.McMORRIS-RODGERS,Cathy McMorris Rodgers to be Republican VP nominee in 2012,5,0.9,Apr/25/2012 21:12:19
758016,REP.VP.2012.McMORRIS-RODGERS,Cathy McMorris Rodgers to be Republican VP nominee in 2012,5,0.9,Apr/25/2012 21:18:28
758016,REP.VP.2012.McMORRIS-RODGERS,Cathy McMorris Rodgers to be Republican VP nominee in 2012,20,1.0,Apr/25/2012 23:21:18
758016,REP.VP.2012.McMORRIS-RODGERS,Cathy McMorris Rodgers to be Republican VP nominee in 2012,1,1.0,Apr/26/2012 23:12:58
758016,REP.VP.2012.McMORRIS-RODGERS,Cathy McMorris Rodgers to be Republican VP nominee in 2012,1,1.0,Apr/26/2012 23:12:58
758016,REP.VP.2012.McMORRIS-RODGERS,Cathy McMorris Rodgers to be Republican VP nominee in 2012,100,1.1,Apr/27/2012 00:58:35
758016,REP.VP.2012.McMORRIS-RODGERS,Cathy McMorris Rodgers to be Republican VP nominee in 2012,7,1.3,Apr/27/2012 01:52:22
758016,REP.VP.2012.McMORRIS-RODGERS,Cathy McMorris Rodgers to be Republican VP nominee in 2012,55,1.0,Apr/27/2012 10:51:53
758016,REP.VP.2012.McMORRIS-RODGERS,Cathy McMorris Rodgers to be Republican VP nominee in 2012,15,1.2,Apr/28/2012 03:56:05
758016,REP.VP.2012.McMORRIS-RODGERS,Cathy McMorris Rodgers to be Republican VP nominee in 2012,1,1.2,Apr/28/2012 03:56:05
758016,REP.VP.2012.McMORRIS-RODGERS,Cathy McMorris Rodgers to be Republican VP nominee in 2012,5,1.2,Apr/28/2012 03:56:05
758016,REP.VP.2012.McMORRIS-RODGERS,Cathy McMorris Rodgers to be Republican VP nominee in 2012,1,1.3,Apr/28/2012 04:05:50
758016,REP.VP.2012.McMORRIS-RODGERS,Cathy McMorris Rodgers to be Republican VP nominee in 2012,42,1.3,Apr/28/2012 04:09:54
758016,REP.VP.2012.McMORRIS-RODGERS,Cathy McMorris Rodgers to be Republican VP nominee in 2012,1,1.3,Apr/28/2012 04:09:54
758016,REP.VP.2012.McMORRIS-RODGERS,Cathy McMorris Rodgers to be Republican VP nominee in 2012,120,1.2,Apr/28/2012 04:21:16
758016,REP.VP.2012.McMORRIS-RODGERS,Cathy McMorris Rodgers to be Republican VP nominee in 2012,69,1.2,Apr/28/2012 04:34:22
758016,REP.VP.2012.McMORRIS-RODGERS,Cathy McMorris Rodgers to be Republican VP nominee in 2012,31,1.2,Apr/28/2012 20:36:39
758016,REP.VP.2012.McMORRIS-RODGERS,Cathy McMorris Rodgers to be Republican VP nominee in 2012,1,1.2,Apr/28/2012 20:36:39
758016,REP.VP.2012.McMORRIS-RODGERS,Cathy McMorris Rodgers to be Republican VP nominee in 2012,50,1.1,Apr/28/2012 22:10:13
758016,REP.VP.2012.McMORRIS-RODGERS,Cathy McMorris Rodgers to be Republican VP nominee in 2012,50,1.2,Apr/29/2012 01:47:51
758016,REP.VP.2012.McMORRIS-RODGERS,Cathy McMorris Rodgers to be Republican VP nominee in 2012,1,1.2,Apr/29/2012 01:47:51
758016,REP.VP.2012.McMORRIS-RODGERS,Cathy McMorris Rodgers to be Republican VP nominee in 2012,1,1.2,Apr/29/2012 15:11:42
758016,REP.VP.2012.McMORRIS-RODGERS,Cathy McMorris Rodgers to be Republican VP nominee in 2012,4,1.4,Apr/29/2012 16:13:53
758016,REP.VP.2012.McMORRIS-RODGERS,Cathy McMorris Rodgers to be Republican VP nominee in 2012,2,1.4,Apr/29/2012 16:13:53
758016,REP.VP.2012.McMORRIS-RODGERS,Cathy McMorris Rodgers to be Republican VP nominee in 2012,1,1.4,Apr/29/2012 16:13:53
758016,REP.VP.2012.McMORRIS-RODGERS,Cathy McMorris Rodgers to be Republican VP nominee in 2012,92,1.5,Apr/29/2012 20:32:35
758016,REP.VP.2012.McMORRIS-RODGERS,Cathy McMorris Rodgers to be Republican VP nominee in 2012,1,1.4,May/01/2012 03:06:30
758016,REP.VP.2012.McMORRIS-RODGERS,Cathy McMorris Rodgers to be Republican VP nominee in 2012,100,1.2,May/02/2012 03:05:29
758016,REP.VP.2012.McMORRIS-RODGERS,Cathy McMorris Rodgers to be Republican VP nominee in 2012,21,1.2,May/02/2012 12:41:30
758016,REP.VP.2012.McMORRIS-RODGERS,Cathy McMorris Rodgers to be Republican VP nominee in 2012,1,1.2,May/02/2012 12:41:30
758016,REP.VP.2012.McMORRIS-RODGERS,Cathy McMorris Rodgers to be Republican VP nominee in 2012,1,1.2,May/02/2012 17:56:57
758016,REP.VP.2012.McMORRIS-RODGERS,Cathy McMorris Rodgers to be Republican VP nominee in 2012,1,1.3,May/02/2012 17:57:18
758016,REP.VP.2012.McMORRIS-RODGERS,Cathy McMorris Rodgers to be Republican VP nominee in 2012,2,1.3,May/02/2012 17:57:59
758016,REP.VP.2012.McMORRIS-RODGERS,Cathy McMorris Rodgers to be Republican VP nominee in 2012,6,1.3,May/02/2012 17:58:39
758016,REP.VP.2012.McMORRIS-RODGERS,Cathy McMorris Rodgers to be Republican VP nominee in 2012,4,1.3,May/02/2012 17:59:41
758016,REP.VP.2012.McMORRIS-RODGERS,Cathy McMorris Rodgers to be Republican VP nominee in 2012,6,1.3,May/02/2012 18:00:03
758016,REP.VP.2012.McMORRIS-RODGERS,Cathy McMorris Rodgers to be Republican VP nominee in 2012,4,1.3,May/02/2012 18:00:24
758016,REP.VP.2012.McMORRIS-RODGERS,Cathy McMorris Rodgers to be Republican VP nominee in 2012,1,1.3,May/02/2012 18:01:28
758016,REP.VP.2012.McMORRIS-RODGERS,Cathy McMorris Rodgers to be Republican VP nominee in 2012,4,1.2,May/02/2012 18:19:24
758016,REP.VP.2012.McMORRIS-RODGERS,Cathy McMorris Rodgers to be Republican VP nominee in 2012,76,1.3,May/02/2012 18:19:24
758016,REP.VP.2012.McMORRIS-RODGERS,Cathy McMorris Rodgers to be Republican VP nominee in 2012,20,1.3,May/02/2012 18:19:24
758016,REP.VP.2012.McMORRIS-RODGERS,Cathy McMorris Rodgers to be Republican VP nominee in 2012,100,1.3,May/02/2012 19:16:39
758016,REP.VP.2012.McMORRIS-RODGERS,Cathy McMorris Rodgers to be Republican VP nominee in 2012,20,1.3,May/02/2012 20:07:44
758016,REP.VP.2012.McMORRIS-RODGERS,Cathy McMorris Rodgers to be Republican VP nominee in 2012,80,1.3,May/02/2012 20:07:44
758016,REP.VP.2012.McMORRIS-RODGERS,Cathy McMorris Rodgers to be Republican VP nominee in 2012,73,1.2,May/03/2012 17:39:46
758016,REP.VP.2012.McMORRIS-RODGERS,Cathy McMorris Rodgers to be Republican VP nominee in 2012,20,1.3,May/03/2012 17:39:46
758016,REP.VP.2012.McMORRIS-RODGERS,Cathy McMorris Rodgers to be Republican VP nominee in 2012,7,1.2,May/03/2012 18:29:26
758016,REP.VP.2012.McMORRIS-RODGERS,Cathy McMorris Rodgers to be Republican VP nominee in 2012,1,1.2,May/03/2012 18:29:26
758016,REP.VP.2012.McMORRIS-RODGERS,Cathy McMorris Rodgers to be Republican VP nominee in 2012,50,1.1,May/03/2012 18:42:12
758016,REP.VP.2012.McMORRIS-RODGERS,Cathy McMorris Rodgers to be Republican VP nominee in 2012,50,1.1,May/06/2012 18:39:31
758016,REP.VP.2012.McMORRIS-RODGERS,Cathy McMorris Rodgers to be Republican VP nominee in 2012,50,1.1,May/06/2012 18:45:18
758016,REP.VP.2012.McMORRIS-RODGERS,Cathy McMorris Rodgers to be Republican VP nominee in 2012,1,1.0,May/07/2012 01:43:42
758016,REP.VP.2012.McMORRIS-RODGERS,Cathy McMorris Rodgers to be Republican VP nominee in 2012,50,1.2,May/07/2012 17:43:28
758016,REP.VP.2012.McMORRIS-RODGERS,Cathy McMorris Rodgers to be Republican VP nominee in 2012,1,1.2,May/07/2012 17:43:28
758016,REP.VP.2012.McMORRIS-RODGERS,Cathy McMorris Rodgers to be Republican VP nominee in 2012,100,1.5,May/07/2012 17:43:39
758016,REP.VP.2012.McMORRIS-RODGERS,Cathy McMorris Rodgers to be Republican VP nominee in 2012,100,1.5,May/07/2012 17:43:39
758016,REP.VP.2012.McMORRIS-RODGERS,Cathy McMorris Rodgers to be Republican VP nominee in 2012,3,1.5,May/07/2012 17:43:39
758016,REP.VP.2012.McMORRIS-RODGERS,Cathy McMorris Rodgers to be Republican VP nominee in 2012,42,1.0,May/08/2012 04:52:40
758016,REP.VP.2012.McMORRIS-RODGERS,Cathy McMorris Rodgers to be Republican VP nominee in 2012,8,1.0,May/08/2012 04:52:40
758016,REP.VP.2012.McMORRIS-RODGERS,Cathy McMorris Rodgers to be Republican VP nominee in 2012,25,1.1,May/08/2012 17:45:13
758016,REP.VP.2012.McMORRIS-RODGERS,Cathy McMorris Rodgers to be Republican VP nominee in 2012,1,1.1,May/08/2012 17:45:13
758016,REP.VP.2012.McMORRIS-RODGERS,Cathy McMorris Rodgers to be Republican VP nominee in 2012,25,1.3,May/08/2012 22:25:27
758016,REP.VP.2012.McMORRIS-RODGERS,Cathy McMorris Rodgers to be Republican VP nominee in 2012,1,1.3,May/08/2012 22:25:27
758016,REP.VP.2012.McMORRIS-RODGERS,Cathy McMorris Rodgers to be Republican VP nominee in 2012,100,1.5,May/08/2012 22:25:52
758016,REP.VP.2012.McMORRIS-RODGERS,Cathy McMorris Rodgers to be Republican VP nominee in 2012,50,1.5,May/08/2012 22:25:52
758016,REP.VP.2012.McMORRIS-RODGERS,Cathy McMorris Rodgers to be Republican VP nominee in 2012,2,1.5,May/08/2012 22:25:52
758016,REP.VP.2012.McMORRIS-RODGERS,Cathy McMorris Rodgers to be Republican VP nominee in 2012,20,1.5,May/08/2012 22:25:52
758016,REP.VP.2012.McMORRIS-RODGERS,Cathy McMorris Rodgers to be Republican VP nominee in 2012,50,1.5,May/08/2012 22:37:04
758016,REP.VP.2012.McMORRIS-RODGERS,Cathy McMorris Rodgers to be Republican VP nominee in 2012,2,1.5,May/08/2012 22:37:31
758016,REP.VP.2012.McMORRIS-RODGERS,Cathy McMorris Rodgers to be Republican VP nominee in 2012,50,1.1,May/09/2012 23:34:20
758016,REP.VP.2012.McMORRIS-RODGERS,Cathy McMorris Rodgers to be Republican VP nominee in 2012,5,1.2,May/10/2012 13:32:19
758016,REP.VP.2012.McMORRIS-RODGERS,Cathy McMorris Rodgers to be Republican VP nominee in 2012,1,1.2,May/10/2012 13:32:19
758016,REP.VP.2012.McMORRIS-RODGERS,Cathy McMorris Rodgers to be Republican VP nominee in 2012,10,1.3,May/10/2012 15:52:19
758016,REP.VP.2012.McMORRIS-RODGERS,Cathy McMorris Rodgers to be Republican VP nominee in 2012,40,1.3,May/10/2012 18:18:19
758016,REP.VP.2012.McMORRIS-RODGERS,Cathy McMorris Rodgers to be Republican VP nominee in 2012,1,1.3,May/10/2012 18:18:19
758016,REP.VP.2012.McMORRIS-RODGERS,Cathy McMorris Rodgers to be Republican VP nominee in 2012,1,1.3,May/11/2012 04:00:49
758016,REP.VP.2012.McMORRIS-RODGERS,Cathy McMorris Rodgers to be Republican VP nominee in 2012,1,1.3,May/11/2012 04:00:49
758016,REP.VP.2012.McMORRIS-RODGERS,Cathy McMorris Rodgers to be Republican VP nominee in 2012,108,1.3,May/11/2012 04:00:49
758016,REP.VP.2012.McMORRIS-RODGERS,Cathy McMorris Rodgers to be Republican VP nominee in 2012,48,1.5,May/11/2012 04:01:09
758016,REP.VP.2012.McMORRIS-RODGERS,Cathy McMorris Rodgers to be Republican VP nominee in 2012,20,1.5,May/11/2012 04:01:09
758016,REP.VP.2012.McMORRIS-RODGERS,Cathy McMorris Rodgers to be Republican VP nominee in 2012,100,1.5,May/11/2012 04:01:09
758016,REP.VP.2012.McMORRIS-RODGERS,Cathy McMorris Rodgers to be Republican VP nominee in 2012,20,1.5,May/11/2012 04:01:09
758016,REP.VP.2012.McMORRIS-RODGERS,Cathy McMorris Rodgers to be Republican VP nominee in 2012,2,1.5,May/11/2012 04:01:09
758016,REP.VP.2012.McMORRIS-RODGERS,Cathy McMorris Rodgers to be Republican VP nominee in 2012,50,1.7,May/11/2012 04:47:07
758016,REP.VP.2012.McMORRIS-RODGERS,Cathy McMorris Rodgers to be Republican VP nominee in 2012,150,1.7,May/11/2012 04:47:07
758016,REP.VP.2012.McMORRIS-RODGERS,Cathy McMorris Rodgers to be Republican VP nominee in 2012,10,1.5,May/11/2012 14:06:16
758016,REP.VP.2012.McMORRIS-RODGERS,Cathy McMorris Rodgers to be Republican VP nominee in 2012,77,1.5,May/11/2012 14:34:01
758016,REP.VP.2012.McMORRIS-RODGERS,Cathy McMorris Rodgers to be Republican VP nominee in 2012,50,1.1,May/11/2012 22:40:09
758016,REP.VP.2012.McMORRIS-RODGERS,Cathy McMorris Rodgers to be Republican VP nominee in 2012,50,1.1,May/12/2012 18:20:12
758016,REP.VP.2012.McMORRIS-RODGERS,Cathy McMorris Rodgers to be Republican VP nominee in 2012,10,1.3,May/12/2012 22:38:31
758016,REP.VP.2012.McMORRIS-RODGERS,Cathy McMorris Rodgers to be Republican VP nominee in 2012,100,1.1,May/13/2012 19:25:44
758016,REP.VP.2012.McMORRIS-RODGERS,Cathy McMorris Rodgers to be Republican VP nominee in 2012,7,1.0,May/14/2012 15:05:57
758016,REP.VP.2012.McMORRIS-RODGERS,Cathy McMorris Rodgers to be Republican VP nominee in 2012,100,1.0,May/14/2012 15:05:57
758016,REP.VP.2012.McMORRIS-RODGERS,Cathy McMorris Rodgers to be Republican VP nominee in 2012,15,0.9,May/14/2012 16:43:21
758016,REP.VP.2012.McMORRIS-RODGERS,Cathy McMorris Rodgers to be Republican VP nominee in 2012,35,0.9,May/14/2012 16:43:21
758016,REP.VP.2012.McMORRIS-RODGERS,Cathy McMorris Rodgers to be Republican VP nominee in 2012,65,0.9,May/14/2012 21:14:13
758016,REP.VP.2012.McMORRIS-RODGERS,Cathy McMorris Rodgers to be Republican VP nominee in 2012,43,1.0,May/14/2012 23:38:44
758016,REP.VP.2012.McMORRIS-RODGERS,Cathy McMorris Rodgers to be Republican VP nominee in 2012,1,1.0,May/14/2012 23:38:44
758016,REP.VP.2012.McMORRIS-RODGERS,Cathy McMorris Rodgers to be Republican VP nominee in 2012,100,1.0,May/14/2012 23:38:44
758016,REP.VP.2012.McMORRIS-RODGERS,Cathy McMorris Rodgers to be Republican VP nominee in 2012,35,0.9,May/14/2012 23:38:44
758016,REP.VP.2012.McMORRIS-RODGERS,Cathy McMorris Rodgers to be Republican VP nominee in 2012,1,0.9,May/14/2012 23:38:44
758016,REP.VP.2012.McMORRIS-RODGERS,Cathy McMorris Rodgers to be Republican VP nominee in 2012,20,1.0,May/14/2012 23:38:44
758016,REP.VP.2012.McMORRIS-RODGERS,Cathy McMorris Rodgers to be Republican VP nominee in 2012,5,0.9,May/16/2012 23:05:48
758016,REP.VP.2012.McMORRIS-RODGERS,Cathy McMorris Rodgers to be Republican VP nominee in 2012,1,0.9,May/16/2012 23:05:48
758016,REP.VP.2012.McMORRIS-RODGERS,Cathy McMorris Rodgers to be Republican VP nominee in 2012,7,0.8,May/16/2012 23:14:04
758016,REP.VP.2012.McMORRIS-RODGERS,Cathy McMorris Rodgers to be Republican VP nominee in 2012,41,0.8,May/17/2012 02:15:08
758016,REP.VP.2012.McMORRIS-RODGERS,Cathy McMorris Rodgers to be Republican VP nominee in 2012,2,0.8,May/17/2012 02:41:18
758016,REP.VP.2012.McMORRIS-RODGERS,Cathy McMorris Rodgers to be Republican VP nominee in 2012,7,0.8,May/17/2012 11:32:00
758016,REP.VP.2012.McMORRIS-RODGERS,Cathy McMorris Rodgers to be Republican VP nominee in 2012,1,0.8,May/17/2012 21:27:50
758016,REP.VP.2012.McMORRIS-RODGERS,Cathy McMorris Rodgers to be Republican VP nominee in 2012,70,0.7,May/17/2012 23:10:55
758016,REP.VP.2012.McMORRIS-RODGERS,Cathy McMorris Rodgers to be Republican VP nominee in 2012,9,0.5,May/18/2012 04:45:25
758016,REP.VP.2012.McMORRIS-RODGERS,Cathy McMorris Rodgers to be Republican VP nominee in 2012,85,0.5,May/18/2012 17:07:06
758016,REP.VP.2012.McMORRIS-RODGERS,Cathy McMorris Rodgers to be Republican VP nominee in 2012,1,0.6,May/19/2012 08:53:23
758016,REP.VP.2012.McMORRIS-RODGERS,Cathy McMorris Rodgers to be Republican VP nominee in 2012,50,0.6,May/19/2012 08:53:23
758016,REP.VP.2012.McMORRIS-RODGERS,Cathy McMorris Rodgers to be Republican VP nominee in 2012,30,0.7,May/19/2012 11:48:55
758016,REP.VP.2012.McMORRIS-RODGERS,Cathy McMorris Rodgers to be Republican VP nominee in 2012,1,0.7,May/19/2012 11:48:55
758016,REP.VP.2012.McMORRIS-RODGERS,Cathy McMorris Rodgers to be Republican VP nominee in 2012,50,0.7,May/19/2012 11:48:55
758016,REP.VP.2012.McMORRIS-RODGERS,Cathy McMorris Rodgers to be Republican VP nominee in 2012,42,0.8,May/19/2012 11:49:00
758016,REP.VP.2012.McMORRIS-RODGERS,Cathy McMorris Rodgers to be Republican VP nominee in 2012,1,0.8,May/19/2012 11:49:00
758016,REP.VP.2012.McMORRIS-RODGERS,Cathy McMorris Rodgers to be Republican VP nominee in 2012,50,0.9,May/19/2012 11:49:05
758016,REP.VP.2012.McMORRIS-RODGERS,Cathy McMorris Rodgers to be Republican VP nominee in 2012,1,0.9,May/19/2012 11:49:05
758016,REP.VP.2012.McMORRIS-RODGERS,Cathy McMorris Rodgers to be Republican VP nominee in 2012,80,1.0,May/19/2012 11:49:09
758016,REP.VP.2012.McMORRIS-RODGERS,Cathy McMorris Rodgers to be Republican VP nominee in 2012,1,1.0,May/19/2012 11:49:09
758016,REP.VP.2012.McMORRIS-RODGERS,Cathy McMorris Rodgers to be Republican VP nominee in 2012,100,1.0,May/19/2012 11:49:09
758016,REP.VP.2012.McMORRIS-RODGERS,Cathy McMorris Rodgers to be Republican VP nominee in 2012,100,1.0,May/19/2012 11:49:09
758016,REP.VP.2012.McMORRIS-RODGERS,Cathy McMorris Rodgers to be Republican VP nominee in 2012,50,1.0,May/19/2012 11:49:09
758016,REP.VP.2012.McMORRIS-RODGERS,Cathy McMorris Rodgers to be Republican VP nominee in 2012,100,1.0,May/19/2012 11:49:09
758016,REP.VP.2012.McMORRIS-RODGERS,Cathy McMorris Rodgers to be Republican VP nominee in 2012,100,1.1,May/19/2012 11:49:14
758016,REP.VP.2012.McMORRIS-RODGERS,Cathy McMorris Rodgers to be Republican VP nominee in 2012,1,1.1,May/19/2012 11:49:14
758016,REP.VP.2012.McMORRIS-RODGERS,Cathy McMorris Rodgers to be Republican VP nominee in 2012,1,1.2,May/19/2012 11:49:32
758016,REP.VP.2012.McMORRIS-RODGERS,Cathy McMorris Rodgers to be Republican VP nominee in 2012,30,1.2,May/19/2012 11:49:32
758016,REP.VP.2012.McMORRIS-RODGERS,Cathy McMorris Rodgers to be Republican VP nominee in 2012,7,1.2,May/19/2012 11:49:32
758016,REP.VP.2012.McMORRIS-RODGERS,Cathy McMorris Rodgers to be Republican VP nominee in 2012,1,1.2,May/19/2012 11:49:32
758016,REP.VP.2012.McMORRIS-RODGERS,Cathy McMorris Rodgers to be Republican VP nominee in 2012,40,1.3,May/19/2012 11:49:36
758016,REP.VP.2012.McMORRIS-RODGERS,Cathy McMorris Rodgers to be Republican VP nominee in 2012,1,1.3,May/19/2012 11:49:36
758016,REP.VP.2012.McMORRIS-RODGERS,Cathy McMorris Rodgers to be Republican VP nominee in 2012,1,1.4,May/19/2012 11:49:40
758016,REP.VP.2012.McMORRIS-RODGERS,Cathy McMorris Rodgers to be Republican VP nominee in 2012,48,1.4,May/19/2012 11:49:40
758016,REP.VP.2012.McMORRIS-RODGERS,Cathy McMorris Rodgers to be Republican VP nominee in 2012,2,1.4,May/19/2012 11:49:40
758016,REP.VP.2012.McMORRIS-RODGERS,Cathy McMorris Rodgers to be Republican VP nominee in 2012,13,1.5,May/19/2012 11:49:44
758016,REP.VP.2012.McMORRIS-RODGERS,Cathy McMorris Rodgers to be Republican VP nominee in 2012,100,1.5,May/19/2012 11:49:44
758016,REP.VP.2012.McMORRIS-RODGERS,Cathy McMorris Rodgers to be Republican VP nominee in 2012,1,1.5,May/19/2012 11:49:44
758016,REP.VP.2012.McMORRIS-RODGERS,Cathy McMorris Rodgers to be Republican VP nominee in 2012,600,1.5,May/19/2012 11:49:44
758016,REP.VP.2012.McMORRIS-RODGERS,Cathy McMorris Rodgers to be Republican VP nominee in 2012,1,1.6,May/19/2012 11:50:29
758016,REP.VP.2012.McMORRIS-RODGERS,Cathy McMorris Rodgers to be Republican VP nominee in 2012,103,1.6,May/19/2012 11:50:29
758016,REP.VP.2012.McMORRIS-RODGERS,Cathy McMorris Rodgers to be Republican VP nominee in 2012,1,1.7,May/19/2012 11:50:36
758016,REP.VP.2012.McMORRIS-RODGERS,Cathy McMorris Rodgers to be Republican VP nominee in 2012,100,1.7,May/19/2012 11:50:36
758016,REP.VP.2012.McMORRIS-RODGERS,Cathy McMorris Rodgers to be Republican VP nominee in 2012,1100,1.8,May/19/2012 11:50:44
758016,REP.VP.2012.McMORRIS-RODGERS,Cathy McMorris Rodgers to be Republican VP nominee in 2012,1,1.8,May/19/2012 11:50:44
758016,REP.VP.2012.McMORRIS-RODGERS,Cathy McMorris Rodgers to be Republican VP nominee in 2012,100,2.0,May/19/2012 12:26:12
758016,REP.VP.2012.McMORRIS-RODGERS,Cathy McMorris Rodgers to be Republican VP nominee in 2012,100,2.0,May/19/2012 12:26:12
758016,REP.VP.2012.McMORRIS-RODGERS,Cathy McMorris Rodgers to be Republican VP nominee in 2012,1,2.0,May/19/2012 12:26:12
758016,REP.VP.2012.McMORRIS-RODGERS,Cathy McMorris Rodgers to be Republican VP nominee in 2012,10,2.0,May/19/2012 14:35:07
758016,REP.VP.2012.McMORRIS-RODGERS,Cathy McMorris Rodgers to be Republican VP nominee in 2012,100,1.5,May/19/2012 20:22:46
758016,REP.VP.2012.McMORRIS-RODGERS,Cathy McMorris Rodgers to be Republican VP nominee in 2012,75,1.5,May/19/2012 20:23:36
758016,REP.VP.2012.McMORRIS-RODGERS,Cathy McMorris Rodgers to be Republican VP nominee in 2012,50,1.5,May/19/2012 20:23:54
758016,REP.VP.2012.McMORRIS-RODGERS,Cathy McMorris Rodgers to be Republican VP nominee in 2012,25,1.5,May/19/2012 20:25:36
758016,REP.VP.2012.McMORRIS-RODGERS,Cathy McMorris Rodgers to be Republican VP nominee in 2012,5,1.6,May/19/2012 21:48:19
758016,REP.VP.2012.McMORRIS-RODGERS,Cathy McMorris Rodgers to be Republican VP nominee in 2012,1,1.6,May/19/2012 21:48:19
758016,REP.VP.2012.McMORRIS-RODGERS,Cathy McMorris Rodgers to be Republican VP nominee in 2012,10,1.7,May/19/2012 21:48:23
758016,REP.VP.2012.McMORRIS-RODGERS,Cathy McMorris Rodgers to be Republican VP nominee in 2012,1,1.7,May/19/2012 21:48:23
758016,REP.VP.2012.McMORRIS-RODGERS,Cathy McMorris Rodgers to be Republican VP nominee in 2012,10,1.8,May/19/2012 21:48:27
758016,REP.VP.2012.McMORRIS-RODGERS,Cathy McMorris Rodgers to be Republican VP nominee in 2012,1,1.8,May/19/2012 21:48:27
758016,REP.VP.2012.McMORRIS-RODGERS,Cathy McMorris Rodgers to be Republican VP nominee in 2012,500,1.8,May/19/2012 21:48:27
758016,REP.VP.2012.McMORRIS-RODGERS,Cathy McMorris Rodgers to be Republican VP nominee in 2012,5,1.6,May/19/2012 22:23:41
758016,REP.VP.2012.McMORRIS-RODGERS,Cathy McMorris Rodgers to be Republican VP nominee in 2012,1,1.6,May/19/2012 22:23:41
758016,REP.VP.2012.McMORRIS-RODGERS,Cathy McMorris Rodgers to be Republican VP nominee in 2012,30,1.6,May/21/2012 13:36:34
758016,REP.VP.2012.McMORRIS-RODGERS,Cathy McMorris Rodgers to be Republican VP nominee in 2012,25,1.6,May/21/2012 14:16:58
758016,REP.VP.2012.McMORRIS-RODGERS,Cathy McMorris Rodgers to be Republican VP nominee in 2012,1,1.6,May/21/2012 14:16:58
758016,REP.VP.2012.McMORRIS-RODGERS,Cathy McMorris Rodgers to be Republican VP nominee in 2012,25,1.6,May/21/2012 15:40:39
758016,REP.VP.2012.McMORRIS-RODGERS,Cathy McMorris Rodgers to be Republican VP nominee in 2012,25,1.5,May/21/2012 15:40:41
758016,REP.VP.2012.McMORRIS-RODGERS,Cathy McMorris Rodgers to be Republican VP nominee in 2012,12,1.5,May/21/2012 17:19:19
758016,REP.VP.2012.McMORRIS-RODGERS,Cathy McMorris Rodgers to be Republican VP nominee in 2012,38,1.5,May/21/2012 17:28:49
758016,REP.VP.2012.McMORRIS-RODGERS,Cathy McMorris Rodgers to be Republican VP nominee in 2012,57,1.5,May/21/2012 17:29:35
758016,REP.VP.2012.McMORRIS-RODGERS,Cathy McMorris Rodgers to be Republican VP nominee in 2012,5,1.5,May/23/2012 12:33:03
758016,REP.VP.2012.McMORRIS-RODGERS,Cathy McMorris Rodgers to be Republican VP nominee in 2012,1,1.5,May/23/2012 12:33:03
758016,REP.VP.2012.McMORRIS-RODGERS,Cathy McMorris Rodgers to be Republican VP nominee in 2012,10,1.7,May/23/2012 12:34:02
758016,REP.VP.2012.McMORRIS-RODGERS,Cathy McMorris Rodgers to be Republican VP nominee in 2012,60,1.7,May/23/2012 12:34:02
758016,REP.VP.2012.McMORRIS-RODGERS,Cathy McMorris Rodgers to be Republican VP nominee in 2012,25,1.7,May/23/2012 12:34:02
758016,REP.VP.2012.McMORRIS-RODGERS,Cathy McMorris Rodgers to be Republican VP nominee in 2012,2,1.7,May/23/2012 12:34:02
758016,REP.VP.2012.McMORRIS-RODGERS,Cathy McMorris Rodgers to be Republican VP nominee in 2012,2,1.2,May/23/2012 16:01:32
758016,REP.VP.2012.McMORRIS-RODGERS,Cathy McMorris Rodgers to be Republican VP nominee in 2012,4,1.2,May/23/2012 16:02:29
758016,REP.VP.2012.McMORRIS-RODGERS,Cathy McMorris Rodgers to be Republican VP nominee in 2012,8,1.3,May/23/2012 16:03:14
758016,REP.VP.2012.McMORRIS-RODGERS,Cathy McMorris Rodgers to be Republican VP nominee in 2012,2,1.3,May/23/2012 16:03:31
758016,REP.VP.2012.McMORRIS-RODGERS,Cathy McMorris Rodgers to be Republican VP nominee in 2012,50,1.5,May/23/2012 17:23:28
758016,REP.VP.2012.McMORRIS-RODGERS,Cathy McMorris Rodgers to be Republican VP nominee in 2012,50,1.5,May/23/2012 17:23:28
758016,REP.VP.2012.McMORRIS-RODGERS,Cathy McMorris Rodgers to be Republican VP nominee in 2012,5,1.5,May/23/2012 23:05:37
758016,REP.VP.2012.McMORRIS-RODGERS,Cathy McMorris Rodgers to be Republican VP nominee in 2012,1,1.5,May/23/2012 23:05:37
758016,REP.VP.2012.McMORRIS-RODGERS,Cathy McMorris Rodgers to be Republican VP nominee in 2012,55,1.6,May/23/2012 23:22:29
758016,REP.VP.2012.McMORRIS-RODGERS,Cathy McMorris Rodgers to be Republican VP nominee in 2012,1,1.6,May/23/2012 23:22:29
758016,REP.VP.2012.McMORRIS-RODGERS,Cathy McMorris Rodgers to be Republican VP nominee in 2012,3,1.7,May/23/2012 23:54:23
758016,REP.VP.2012.McMORRIS-RODGERS,Cathy McMorris Rodgers to be Republican VP nominee in 2012,1,1.7,May/23/2012 23:54:23
758016,REP.VP.2012.McMORRIS-RODGERS,Cathy McMorris Rodgers to be Republican VP nominee in 2012,46,1.7,May/23/2012 23:54:23
758016,REP.VP.2012.McMORRIS-RODGERS,Cathy McMorris Rodgers to be Republican VP nominee in 2012,4,1.7,May/24/2012 04:44:33
758016,REP.VP.2012.McMORRIS-RODGERS,Cathy McMorris Rodgers to be Republican VP nominee in 2012,1,1.7,May/24/2012 04:44:33
758016,REP.VP.2012.McMORRIS-RODGERS,Cathy McMorris Rodgers to be Republican VP nominee in 2012,10,1.8,May/24/2012 05:03:40
758016,REP.VP.2012.McMORRIS-RODGERS,Cathy McMorris Rodgers to be Republican VP nominee in 2012,1,1.8,May/24/2012 05:03:40
758016,REP.VP.2012.McMORRIS-RODGERS,Cathy McMorris Rodgers to be Republican VP nominee in 2012,25,1.8,May/24/2012 05:03:40
758016,REP.VP.2012.McMORRIS-RODGERS,Cathy McMorris Rodgers to be Republican VP nominee in 2012,4,1.8,May/24/2012 05:03:40
758016,REP.VP.2012.McMORRIS-RODGERS,Cathy McMorris Rodgers to be Republican VP nominee in 2012,1,1.5,May/24/2012 06:06:47
758016,REP.VP.2012.McMORRIS-RODGERS,Cathy McMorris Rodgers to be Republican VP nominee in 2012,10,1.8,May/24/2012 06:15:49
758016,REP.VP.2012.McMORRIS-RODGERS,Cathy McMorris Rodgers to be Republican VP nominee in 2012,486,1.8,May/24/2012 23:17:19
758016,REP.VP.2012.McMORRIS-RODGERS,Cathy McMorris Rodgers to be Republican VP nominee in 2012,1,1.8,May/24/2012 23:17:19
758016,REP.VP.2012.McMORRIS-RODGERS,Cathy McMorris Rodgers to be Republican VP nominee in 2012,100,1.9,May/25/2012 04:17:37
758016,REP.VP.2012.McMORRIS-RODGERS,Cathy McMorris Rodgers to be Republican VP nominee in 2012,50,1.8,May/25/2012 14:41:32
758016,REP.VP.2012.McMORRIS-RODGERS,Cathy McMorris Rodgers to be Republican VP nominee in 2012,1,1.8,May/25/2012 14:41:32
758016,REP.VP.2012.McMORRIS-RODGERS,Cathy McMorris Rodgers to be Republican VP nominee in 2012,100,1.8,May/25/2012 21:51:56
758016,REP.VP.2012.McMORRIS-RODGERS,Cathy McMorris Rodgers to be Republican VP nominee in 2012,50,1.8,May/28/2012 02:18:10
758016,REP.VP.2012.McMORRIS-RODGERS,Cathy McMorris Rodgers to be Republican VP nominee in 2012,1,1.8,May/28/2012 02:18:10
758016,REP.VP.2012.McMORRIS-RODGERS,Cathy McMorris Rodgers to be Republican VP nominee in 2012,60,1.8,May/28/2012 14:39:10
758016,REP.VP.2012.McMORRIS-RODGERS,Cathy McMorris Rodgers to be Republican VP nominee in 2012,1,1.8,May/28/2012 14:49:07
758016,REP.VP.2012.McMORRIS-RODGERS,Cathy McMorris Rodgers to be Republican VP nominee in 2012,4,1.6,May/29/2012 05:05:09
758016,REP.VP.2012.McMORRIS-RODGERS,Cathy McMorris Rodgers to be Republican VP nominee in 2012,500,1.9,May/29/2012 14:24:45
758016,REP.VP.2012.McMORRIS-RODGERS,Cathy McMorris Rodgers to be Republican VP nominee in 2012,50,1.6,May/30/2012 05:01:29
758016,REP.VP.2012.McMORRIS-RODGERS,Cathy McMorris Rodgers to be Republican VP nominee in 2012,25,1.6,May/30/2012 11:52:19
758016,REP.VP.2012.McMORRIS-RODGERS,Cathy McMorris Rodgers to be Republican VP nominee in 2012,50,1.7,May/30/2012 12:09:28
758016,REP.VP.2012.McMORRIS-RODGERS,Cathy McMorris Rodgers to be Republican VP nominee in 2012,1,1.7,May/30/2012 12:09:28
758016,REP.VP.2012.McMORRIS-RODGERS,Cathy McMorris Rodgers to be Republican VP nominee in 2012,50,1.8,May/30/2012 12:15:43
758016,REP.VP.2012.McMORRIS-RODGERS,Cathy McMorris Rodgers to be Republican VP nominee in 2012,4,1.7,May/30/2012 19:52:35
758016,REP.VP.2012.McMORRIS-RODGERS,Cathy McMorris Rodgers to be Republican VP nominee in 2012,50,1.8,May/31/2012 00:01:54
758016,REP.VP.2012.McMORRIS-RODGERS,Cathy McMorris Rodgers to be Republican VP nominee in 2012,1,1.8,May/31/2012 00:01:54
758016,REP.VP.2012.McMORRIS-RODGERS,Cathy McMorris Rodgers to be Republican VP nominee in 2012,1,2.0,May/31/2012 01:02:53
758016,REP.VP.2012.McMORRIS-RODGERS,Cathy McMorris Rodgers to be Republican VP nominee in 2012,39,2.0,May/31/2012 03:39:20
758016,REP.VP.2012.McMORRIS-RODGERS,Cathy McMorris Rodgers to be Republican VP nominee in 2012,50,2.0,May/31/2012 03:39:20
758016,REP.VP.2012.McMORRIS-RODGERS,Cathy McMorris Rodgers to be Republican VP nominee in 2012,50,2.0,May/31/2012 03:39:20
758016,REP.VP.2012.McMORRIS-RODGERS,Cathy McMorris Rodgers to be Republican VP nominee in 2012,50,2.0,May/31/2012 03:39:20
758016,REP.VP.2012.McMORRIS-RODGERS,Cathy McMorris Rodgers to be Republican VP nominee in 2012,1,2.0,May/31/2012 03:39:20
758016,REP.VP.2012.McMORRIS-RODGERS,Cathy McMorris Rodgers to be Republican VP nominee in 2012,50,2.0,May/31/2012 03:56:08
758016,REP.VP.2012.McMORRIS-RODGERS,Cathy McMorris Rodgers to be Republican VP nominee in 2012,1,2.1,May/31/2012 04:07:04
758016,REP.VP.2012.McMORRIS-RODGERS,Cathy McMorris Rodgers to be Republican VP nominee in 2012,70,1.9,May/31/2012 05:03:00
758016,REP.VP.2012.McMORRIS-RODGERS,Cathy McMorris Rodgers to be Republican VP nominee in 2012,13,1.9,May/31/2012 05:08:34
758016,REP.VP.2012.McMORRIS-RODGERS,Cathy McMorris Rodgers to be Republican VP nominee in 2012,5,1.9,May/31/2012 05:11:58
758016,REP.VP.2012.McMORRIS-RODGERS,Cathy McMorris Rodgers to be Republican VP nominee in 2012,6,2.1,May/31/2012 11:58:07
758016,REP.VP.2012.McMORRIS-RODGERS,Cathy McMorris Rodgers to be Republican VP nominee in 2012,1,2.1,May/31/2012 11:58:07
758016,REP.VP.2012.McMORRIS-RODGERS,Cathy McMorris Rodgers to be Republican VP nominee in 2012,100,2.1,May/31/2012 11:58:07
758016,REP.VP.2012.McMORRIS-RODGERS,Cathy McMorris Rodgers to be Republican VP nominee in 2012,1,2.2,May/31/2012 12:14:32
758016,REP.VP.2012.McMORRIS-RODGERS,Cathy McMorris Rodgers to be Republican VP nominee in 2012,5,2.0,May/31/2012 14:54:35
758016,REP.VP.2012.McMORRIS-RODGERS,Cathy McMorris Rodgers to be Republican VP nominee in 2012,95,2.0,Jun/01/2012 00:02:49
758016,REP.VP.2012.McMORRIS-RODGERS,Cathy McMorris Rodgers to be Republican VP nominee in 2012,1,2.0,Jun/01/2012 00:02:49
758016,REP.VP.2012.McMORRIS-RODGERS,Cathy McMorris Rodgers to be Republican VP nominee in 2012,100,2.0,Jun/01/2012 00:02:49
758016,REP.VP.2012.McMORRIS-RODGERS,Cathy McMorris Rodgers to be Republican VP nominee in 2012,100,2.1,Jun/01/2012 00:06:45
758016,REP.VP.2012.McMORRIS-RODGERS,Cathy McMorris Rodgers to be Republican VP nominee in 2012,1,2.1,Jun/01/2012 00:06:45
758016,REP.VP.2012.McMORRIS-RODGERS,Cathy McMorris Rodgers to be Republican VP nominee in 2012,1,2.2,Jun/01/2012 00:12:09
758016,REP.VP.2012.McMORRIS-RODGERS,Cathy McMorris Rodgers to be Republican VP nominee in 2012,23,1.8,Jun/01/2012 14:28:38
758016,REP.VP.2012.McMORRIS-RODGERS,Cathy McMorris Rodgers to be Republican VP nominee in 2012,498,2.2,Jun/01/2012 16:29:06
758016,REP.VP.2012.McMORRIS-RODGERS,Cathy McMorris Rodgers to be Republican VP nominee in 2012,100,2.0,Jun/01/2012 16:29:06
758016,REP.VP.2012.McMORRIS-RODGERS,Cathy McMorris Rodgers to be Republican VP nominee in 2012,1,2.0,Jun/01/2012 16:29:06
758016,REP.VP.2012.McMORRIS-RODGERS,Cathy McMorris Rodgers to be Republican VP nominee in 2012,1,2.2,Jun/01/2012 16:29:06
758016,REP.VP.2012.McMORRIS-RODGERS,Cathy McMorris Rodgers to be Republican VP nominee in 2012,20,2.3,Jun/01/2012 17:29:45
758016,REP.VP.2012.McMORRIS-RODGERS,Cathy McMorris Rodgers to be Republican VP nominee in 2012,2,1.8,Jun/01/2012 18:48:54
758016,REP.VP.2012.McMORRIS-RODGERS,Cathy McMorris Rodgers to be Republican VP nominee in 2012,1,1.8,Jun/01/2012 18:48:54
758016,REP.VP.2012.McMORRIS-RODGERS,Cathy McMorris Rodgers to be Republican VP nominee in 2012,1,1.8,Jun/01/2012 18:49:23
758016,REP.VP.2012.McMORRIS-RODGERS,Cathy McMorris Rodgers to be Republican VP nominee in 2012,2,1.8,Jun/01/2012 18:50:42
758016,REP.VP.2012.McMORRIS-RODGERS,Cathy McMorris Rodgers to be Republican VP nominee in 2012,15,2.2,Jun/01/2012 23:20:35
758016,REP.VP.2012.McMORRIS-RODGERS,Cathy McMorris Rodgers to be Republican VP nominee in 2012,35,2.2,Jun/01/2012 23:42:42
758016,REP.VP.2012.McMORRIS-RODGERS,Cathy McMorris Rodgers to be Republican VP nominee in 2012,1,2.2,Jun/01/2012 23:42:42
758016,REP.VP.2012.McMORRIS-RODGERS,Cathy McMorris Rodgers to be Republican VP nominee in 2012,30,2.3,Jun/01/2012 23:55:33
758016,REP.VP.2012.McMORRIS-RODGERS,Cathy McMorris Rodgers to be Republican VP nominee in 2012,1,2.3,Jun/01/2012 23:55:33
758016,REP.VP.2012.McMORRIS-RODGERS,Cathy McMorris Rodgers to be Republican VP nominee in 2012,1,2.4,Jun/02/2012 00:24:30
758016,REP.VP.2012.McMORRIS-RODGERS,Cathy McMorris Rodgers to be Republican VP nominee in 2012,50,2.0,Jun/03/2012 19:20:47
758016,REP.VP.2012.McMORRIS-RODGERS,Cathy McMorris Rodgers to be Republican VP nominee in 2012,1,2.3,Jun/03/2012 21:07:59
758016,REP.VP.2012.McMORRIS-RODGERS,Cathy McMorris Rodgers to be Republican VP nominee in 2012,1,2.3,Jun/03/2012 22:16:08
758016,REP.VP.2012.McMORRIS-RODGERS,Cathy McMorris Rodgers to be Republican VP nominee in 2012,8,2.3,Jun/03/2012 22:16:08
758016,REP.VP.2012.McMORRIS-RODGERS,Cathy McMorris Rodgers to be Republican VP nominee in 2012,1,2.2,Jun/04/2012 11:53:35
758016,REP.VP.2012.McMORRIS-RODGERS,Cathy McMorris Rodgers to be Republican VP nominee in 2012,9,2.2,Jun/04/2012 11:54:37
758016,REP.VP.2012.McMORRIS-RODGERS,Cathy McMorris Rodgers to be Republican VP nominee in 2012,1,2.2,Jun/04/2012 11:54:37
758016,REP.VP.2012.McMORRIS-RODGERS,Cathy McMorris Rodgers to be Republican VP nominee in 2012,1,2.3,Jun/04/2012 11:55:05
758016,REP.VP.2012.McMORRIS-RODGERS,Cathy McMorris Rodgers to be Republican VP nominee in 2012,1,2.1,Jun/04/2012 22:38:19
758016,REP.VP.2012.McMORRIS-RODGERS,Cathy McMorris Rodgers to be Republican VP nominee in 2012,7,1.8,Jun/05/2012 00:31:26
758016,REP.VP.2012.McMORRIS-RODGERS,Cathy McMorris Rodgers to be Republican VP nominee in 2012,1,2.1,Jun/05/2012 02:59:38
758016,REP.VP.2012.McMORRIS-RODGERS,Cathy McMorris Rodgers to be Republican VP nominee in 2012,20,2.1,Jun/05/2012 19:02:04
758016,REP.VP.2012.McMORRIS-RODGERS,Cathy McMorris Rodgers to be Republican VP nominee in 2012,10,1.8,Jun/05/2012 20:02:19
758016,REP.VP.2012.McMORRIS-RODGERS,Cathy McMorris Rodgers to be Republican VP nominee in 2012,1,2.0,Jun/06/2012 00:34:55
758016,REP.VP.2012.McMORRIS-RODGERS,Cathy McMorris Rodgers to be Republican VP nominee in 2012,10,1.8,Jun/06/2012 02:15:01
758016,REP.VP.2012.McMORRIS-RODGERS,Cathy McMorris Rodgers to be Republican VP nominee in 2012,69,1.8,Jun/06/2012 02:15:24
758016,REP.VP.2012.McMORRIS-RODGERS,Cathy McMorris Rodgers to be Republican VP nominee in 2012,1,2.0,Jun/06/2012 03:28:09
758016,REP.VP.2012.McMORRIS-RODGERS,Cathy McMorris Rodgers to be Republican VP nominee in 2012,18,1.8,Jun/06/2012 19:47:15
758016,REP.VP.2012.McMORRIS-RODGERS,Cathy McMorris Rodgers to be Republican VP nominee in 2012,1,2.0,Jun/06/2012 23:53:48
758016,REP.VP.2012.McMORRIS-RODGERS,Cathy McMorris Rodgers to be Republican VP nominee in 2012,82,1.8,Jun/07/2012 21:42:15
758016,REP.VP.2012.McMORRIS-RODGERS,Cathy McMorris Rodgers to be Republican VP nominee in 2012,18,1.8,Jun/07/2012 23:46:24
758016,REP.VP.2012.McMORRIS-RODGERS,Cathy McMorris Rodgers to be Republican VP nominee in 2012,1,2.0,Jun/07/2012 23:59:58
758016,REP.VP.2012.McMORRIS-RODGERS,Cathy McMorris Rodgers to be Republican VP nominee in 2012,96,2.0,Jun/08/2012 13:53:41
758016,REP.VP.2012.McMORRIS-RODGERS,Cathy McMorris Rodgers to be Republican VP nominee in 2012,4,2.0,Jun/08/2012 13:53:41
758016,REP.VP.2012.McMORRIS-RODGERS,Cathy McMorris Rodgers to be Republican VP nominee in 2012,100,1.7,Jun/08/2012 23:34:28
758016,REP.VP.2012.McMORRIS-RODGERS,Cathy McMorris Rodgers to be Republican VP nominee in 2012,50,1.7,Jun/09/2012 00:30:07
758016,REP.VP.2012.McMORRIS-RODGERS,Cathy McMorris Rodgers to be Republican VP nominee in 2012,100,1.7,Jun/09/2012 02:24:12
758016,REP.VP.2012.McMORRIS-RODGERS,Cathy McMorris Rodgers to be Republican VP nominee in 2012,96,2.0,Jun/09/2012 02:45:01
758016,REP.VP.2012.McMORRIS-RODGERS,Cathy McMorris Rodgers to be Republican VP nominee in 2012,1,2.0,Jun/09/2012 02:45:01
758016,REP.VP.2012.McMORRIS-RODGERS,Cathy McMorris Rodgers to be Republican VP nominee in 2012,100,2.0,Jun/09/2012 02:45:01
758016,REP.VP.2012.McMORRIS-RODGERS,Cathy McMorris Rodgers to be Republican VP nominee in 2012,28,2.1,Jun/09/2012 03:10:04
758016,REP.VP.2012.McMORRIS-RODGERS,Cathy McMorris Rodgers to be Republican VP nominee in 2012,1,2.1,Jun/09/2012 03:10:04
758016,REP.VP.2012.McMORRIS-RODGERS,Cathy McMorris Rodgers to be Republican VP nominee in 2012,41,2.3,Jun/09/2012 03:23:54
758016,REP.VP.2012.McMORRIS-RODGERS,Cathy McMorris Rodgers to be Republican VP nominee in 2012,50,2.3,Jun/09/2012 03:23:54
758016,REP.VP.2012.McMORRIS-RODGERS,Cathy McMorris Rodgers to be Republican VP nominee in 2012,2,2.3,Jun/09/2012 03:23:54
758016,REP.VP.2012.McMORRIS-RODGERS,Cathy McMorris Rodgers to be Republican VP nominee in 2012,20,2.4,Jun/09/2012 03:33:41
758016,REP.VP.2012.McMORRIS-RODGERS,Cathy McMorris Rodgers to be Republican VP nominee in 2012,1,2.4,Jun/09/2012 03:33:41
758016,REP.VP.2012.McMORRIS-RODGERS,Cathy McMorris Rodgers to be Republican VP nominee in 2012,10,2.4,Jun/09/2012 03:43:42
758016,REP.VP.2012.McMORRIS-RODGERS,Cathy McMorris Rodgers to be Republican VP nominee in 2012,50,2.5,Jun/09/2012 03:54:24
758016,REP.VP.2012.McMORRIS-RODGERS,Cathy McMorris Rodgers to be Republican VP nominee in 2012,50,2.5,Jun/09/2012 03:54:24
758016,REP.VP.2012.McMORRIS-RODGERS,Cathy McMorris Rodgers to be Republican VP nominee in 2012,50,2.5,Jun/09/2012 03:54:24
758016,REP.VP.2012.McMORRIS-RODGERS,Cathy McMorris Rodgers to be Republican VP nominee in 2012,1,2.5,Jun/09/2012 03:54:24
758016,REP.VP.2012.McMORRIS-RODGERS,Cathy McMorris Rodgers to be Republican VP nominee in 2012,50,2.8,Jun/09/2012 04:20:01
758016,REP.VP.2012.McMORRIS-RODGERS,Cathy McMorris Rodgers to be Republican VP nominee in 2012,1,2.8,Jun/09/2012 04:20:01
758016,REP.VP.2012.McMORRIS-RODGERS,Cathy McMorris Rodgers to be Republican VP nominee in 2012,7,2.9,Jun/09/2012 04:40:41
758016,REP.VP.2012.McMORRIS-RODGERS,Cathy McMorris Rodgers to be Republican VP nominee in 2012,1,2.9,Jun/09/2012 04:40:41
758016,REP.VP.2012.McMORRIS-RODGERS,Cathy McMorris Rodgers to be Republican VP nominee in 2012,100,2.9,Jun/09/2012 04:58:25
758016,REP.VP.2012.McMORRIS-RODGERS,Cathy McMorris Rodgers to be Republican VP nominee in 2012,1,3.0,Jun/09/2012 04:58:46
758016,REP.VP.2012.McMORRIS-RODGERS,Cathy McMorris Rodgers to be Republican VP nominee in 2012,24,3.0,Jun/09/2012 05:39:06
758016,REP.VP.2012.McMORRIS-RODGERS,Cathy McMorris Rodgers to be Republican VP nominee in 2012,50,3.0,Jun/09/2012 05:39:06
758016,REP.VP.2012.McMORRIS-RODGERS,Cathy McMorris Rodgers to be Republican VP nominee in 2012,50,3.0,Jun/09/2012 05:39:06
758016,REP.VP.2012.McMORRIS-RODGERS,Cathy McMorris Rodgers to be Republican VP nominee in 2012,50,3.0,Jun/09/2012 05:39:06
758016,REP.VP.2012.McMORRIS-RODGERS,Cathy McMorris Rodgers to be Republican VP nominee in 2012,1,3.0,Jun/09/2012 05:39:06
758016,REP.VP.2012.McMORRIS-RODGERS,Cathy McMorris Rodgers to be Republican VP nominee in 2012,1,3.5,Jun/09/2012 05:40:13
758016,REP.VP.2012.McMORRIS-RODGERS,Cathy McMorris Rodgers to be Republican VP nominee in 2012,20,3.0,Jun/10/2012 01:54:21
758016,REP.VP.2012.McMORRIS-RODGERS,Cathy McMorris Rodgers to be Republican VP nominee in 2012,1,3.0,Jun/10/2012 01:54:21
758016,REP.VP.2012.McMORRIS-RODGERS,Cathy McMorris Rodgers to be Republican VP nominee in 2012,25,3.0,Jun/10/2012 01:54:21
758016,REP.VP.2012.McMORRIS-RODGERS,Cathy McMorris Rodgers to be Republican VP nominee in 2012,27,3.0,Jun/10/2012 01:54:21
758016,REP.VP.2012.McMORRIS-RODGERS,Cathy McMorris Rodgers to be Republican VP nominee in 2012,10,2.0,Jun/10/2012 17:57:15
758016,REP.VP.2012.McMORRIS-RODGERS,Cathy McMorris Rodgers to be Republican VP nominee in 2012,10,2.0,Jun/10/2012 17:57:15
758016,REP.VP.2012.McMORRIS-RODGERS,Cathy McMorris Rodgers to be Republican VP nominee in 2012,22,2.0,Jun/10/2012 17:58:13
758016,REP.VP.2012.McMORRIS-RODGERS,Cathy McMorris Rodgers to be Republican VP nominee in 2012,30,2.5,Jun/10/2012 19:31:26
758016,REP.VP.2012.McMORRIS-RODGERS,Cathy McMorris Rodgers to be Republican VP nominee in 2012,20,2.5,Jun/10/2012 19:54:53
758016,REP.VP.2012.McMORRIS-RODGERS,Cathy McMorris Rodgers to be Republican VP nominee in 2012,1,2.5,Jun/10/2012 19:54:53
758016,REP.VP.2012.McMORRIS-RODGERS,Cathy McMorris Rodgers to be Republican VP nominee in 2012,10,2.8,Jun/10/2012 19:56:42
758016,REP.VP.2012.McMORRIS-RODGERS,Cathy McMorris Rodgers to be Republican VP nominee in 2012,3,2.8,Jun/10/2012 19:56:42
758016,REP.VP.2012.McMORRIS-RODGERS,Cathy McMorris Rodgers to be Republican VP nominee in 2012,20,2.9,Jun/10/2012 19:58:27
758016,REP.VP.2012.McMORRIS-RODGERS,Cathy McMorris Rodgers to be Republican VP nominee in 2012,1,2.9,Jun/10/2012 19:58:27
758016,REP.VP.2012.McMORRIS-RODGERS,Cathy McMorris Rodgers to be Republican VP nominee in 2012,1,3.0,Jun/10/2012 20:00:29
758016,REP.VP.2012.McMORRIS-RODGERS,Cathy McMorris Rodgers to be Republican VP nominee in 2012,10,2.5,Jun/11/2012 06:44:08
758016,REP.VP.2012.McMORRIS-RODGERS,Cathy McMorris Rodgers to be Republican VP nominee in 2012,15,2.5,Jun/11/2012 11:50:52
758016,REP.VP.2012.McMORRIS-RODGERS,Cathy McMorris Rodgers to be Republican VP nominee in 2012,1,2.5,Jun/11/2012 11:50:52
758016,REP.VP.2012.McMORRIS-RODGERS,Cathy McMorris Rodgers to be Republican VP nominee in 2012,32,2.8,Jun/11/2012 11:52:35
758016,REP.VP.2012.McMORRIS-RODGERS,Cathy McMorris Rodgers to be Republican VP nominee in 2012,3,2.8,Jun/11/2012 11:52:35
758016,REP.VP.2012.McMORRIS-RODGERS,Cathy McMorris Rodgers to be Republican VP nominee in 2012,1,2.9,Jun/11/2012 11:54:24
758016,REP.VP.2012.McMORRIS-RODGERS,Cathy McMorris Rodgers to be Republican VP nominee in 2012,86,2.9,Jun/11/2012 12:59:33
758016,REP.VP.2012.McMORRIS-RODGERS,Cathy McMorris Rodgers to be Republican VP nominee in 2012,25,2.8,Jun/11/2012 17:26:31
758016,REP.VP.2012.McMORRIS-RODGERS,Cathy McMorris Rodgers to be Republican VP nominee in 2012,21,2.1,Jun/11/2012 22:35:34
758016,REP.VP.2012.McMORRIS-RODGERS,Cathy McMorris Rodgers to be Republican VP nominee in 2012,72,3.0,Jun/11/2012 22:46:19
758016,REP.VP.2012.McMORRIS-RODGERS,Cathy McMorris Rodgers to be Republican VP nominee in 2012,50,3.0,Jun/11/2012 22:46:19
758016,REP.VP.2012.McMORRIS-RODGERS,Cathy McMorris Rodgers to be Republican VP nominee in 2012,564,3.0,Jun/11/2012 22:46:19
758016,REP.VP.2012.McMORRIS-RODGERS,Cathy McMorris Rodgers to be Republican VP nominee in 2012,13,2.9,Jun/11/2012 22:46:19
758016,REP.VP.2012.McMORRIS-RODGERS,Cathy McMorris Rodgers to be Republican VP nominee in 2012,200,2.9,Jun/11/2012 22:46:19
758016,REP.VP.2012.McMORRIS-RODGERS,Cathy McMorris Rodgers to be Republican VP nominee in 2012,1,2.9,Jun/11/2012 22:46:19
758016,REP.VP.2012.McMORRIS-RODGERS,Cathy McMorris Rodgers to be Republican VP nominee in 2012,50,2.5,Jun/11/2012 22:46:19
758016,REP.VP.2012.McMORRIS-RODGERS,Cathy McMorris Rodgers to be Republican VP nominee in 2012,50,2.8,Jun/11/2012 22:46:19
758016,REP.VP.2012.McMORRIS-RODGERS,Cathy McMorris Rodgers to be Republican VP nominee in 2012,174,3.2,Jun/11/2012 23:05:11
758016,REP.VP.2012.McMORRIS-RODGERS,Cathy McMorris Rodgers to be Republican VP nominee in 2012,125,3.0,Jun/11/2012 23:05:11
758016,REP.VP.2012.McMORRIS-RODGERS,Cathy McMorris Rodgers to be Republican VP nominee in 2012,1,3.0,Jun/11/2012 23:05:11
758016,REP.VP.2012.McMORRIS-RODGERS,Cathy McMorris Rodgers to be Republican VP nominee in 2012,50,3.2,Jun/11/2012 23:08:53
758016,REP.VP.2012.McMORRIS-RODGERS,Cathy McMorris Rodgers to be Republican VP nominee in 2012,25,3.0,Jun/11/2012 23:51:26
758016,REP.VP.2012.McMORRIS-RODGERS,Cathy McMorris Rodgers to be Republican VP nominee in 2012,21,3.1,Jun/12/2012 00:35:31
758016,REP.VP.2012.McMORRIS-RODGERS,Cathy McMorris Rodgers to be Republican VP nominee in 2012,1,3.1,Jun/12/2012 00:35:31
758016,REP.VP.2012.McMORRIS-RODGERS,Cathy McMorris Rodgers to be Republican VP nominee in 2012,1,3.2,Jun/12/2012 00:36:23
758016,REP.VP.2012.McMORRIS-RODGERS,Cathy McMorris Rodgers to be Republican VP nominee in 2012,15,3.1,Jun/12/2012 01:20:32
758016,REP.VP.2012.McMORRIS-RODGERS,Cathy McMorris Rodgers to be Republican VP nominee in 2012,16,3.1,Jun/12/2012 01:21:33
758016,REP.VP.2012.McMORRIS-RODGERS,Cathy McMorris Rodgers to be Republican VP nominee in 2012,3,3.0,Jun/12/2012 04:14:47
758016,REP.VP.2012.McMORRIS-RODGERS,Cathy McMorris Rodgers to be Republican VP nominee in 2012,152,3.2,Jun/12/2012 05:44:47
758016,REP.VP.2012.McMORRIS-RODGERS,Cathy McMorris Rodgers to be Republican VP nominee in 2012,84,3.1,Jun/12/2012 05:44:47
758016,REP.VP.2012.McMORRIS-RODGERS,Cathy McMorris Rodgers to be Republican VP nominee in 2012,15,3.1,Jun/12/2012 05:44:47
758016,REP.VP.2012.McMORRIS-RODGERS,Cathy McMorris Rodgers to be Republican VP nominee in 2012,1,3.1,Jun/12/2012 05:44:47
758016,REP.VP.2012.McMORRIS-RODGERS,Cathy McMorris Rodgers to be Republican VP nominee in 2012,47,3.0,Jun/12/2012 05:44:47
758016,REP.VP.2012.McMORRIS-RODGERS,Cathy McMorris Rodgers to be Republican VP nominee in 2012,1,3.0,Jun/12/2012 05:44:47
758016,REP.VP.2012.McMORRIS-RODGERS,Cathy McMorris Rodgers to be Republican VP nominee in 2012,1,3.2,Jun/12/2012 05:50:19
758016,REP.VP.2012.McMORRIS-RODGERS,Cathy McMorris Rodgers to be Republican VP nominee in 2012,4,3.2,Jun/12/2012 05:53:31
758016,REP.VP.2012.McMORRIS-RODGERS,Cathy McMorris Rodgers to be Republican VP nominee in 2012,2,3.1,Jun/12/2012 12:42:50
758016,REP.VP.2012.McMORRIS-RODGERS,Cathy McMorris Rodgers to be Republican VP nominee in 2012,5,3.0,Jun/12/2012 18:15:41
758016,REP.VP.2012.McMORRIS-RODGERS,Cathy McMorris Rodgers to be Republican VP nominee in 2012,20,3.0,Jun/12/2012 21:17:28
758016,REP.VP.2012.McMORRIS-RODGERS,Cathy McMorris Rodgers to be Republican VP nominee in 2012,1,3.0,Jun/12/2012 21:17:28
758016,REP.VP.2012.McMORRIS-RODGERS,Cathy McMorris Rodgers to be Republican VP nominee in 2012,1,3.1,Jun/12/2012 22:40:24
758016,REP.VP.2012.McMORRIS-RODGERS,Cathy McMorris Rodgers to be Republican VP nominee in 2012,97,3.1,Jun/13/2012 03:57:53
758016,REP.VP.2012.McMORRIS-RODGERS,Cathy McMorris Rodgers to be Republican VP nominee in 2012,3,3.4,Jun/13/2012 05:13:43
758016,REP.VP.2012.McMORRIS-RODGERS,Cathy McMorris Rodgers to be Republican VP nominee in 2012,1,3.5,Jun/13/2012 05:16:53
758016,REP.VP.2012.McMORRIS-RODGERS,Cathy McMorris Rodgers to be Republican VP nominee in 2012,10,3.4,Jun/13/2012 05:59:19
758016,REP.VP.2012.McMORRIS-RODGERS,Cathy McMorris Rodgers to be Republican VP nominee in 2012,229,3.0,Jun/13/2012 07:45:31
758016,REP.VP.2012.McMORRIS-RODGERS,Cathy McMorris Rodgers to be Republican VP nominee in 2012,5,3.1,Jun/13/2012 07:45:31
758016,REP.VP.2012.McMORRIS-RODGERS,Cathy McMorris Rodgers to be Republican VP nominee in 2012,15,3.2,Jun/13/2012 07:45:31
758016,REP.VP.2012.McMORRIS-RODGERS,Cathy McMorris Rodgers to be Republican VP nominee in 2012,1,3.3,Jun/13/2012 09:45:47
758016,REP.VP.2012.McMORRIS-RODGERS,Cathy McMorris Rodgers to be Republican VP nominee in 2012,1,2.5,Jun/13/2012 12:47:27
758016,REP.VP.2012.McMORRIS-RODGERS,Cathy McMorris Rodgers to be Republican VP nominee in 2012,1,3.3,Jun/13/2012 13:30:35
758016,REP.VP.2012.McMORRIS-RODGERS,Cathy McMorris Rodgers to be Republican VP nominee in 2012,75,3.0,Jun/13/2012 17:32:26
758016,REP.VP.2012.McMORRIS-RODGERS,Cathy McMorris Rodgers to be Republican VP nominee in 2012,1,3.0,Jun/13/2012 17:32:26
758016,REP.VP.2012.McMORRIS-RODGERS,Cathy McMorris Rodgers to be Republican VP nominee in 2012,1,3.4,Jun/13/2012 17:39:08
758016,REP.VP.2012.McMORRIS-RODGERS,Cathy McMorris Rodgers to be Republican VP nominee in 2012,10,3.2,Jun/14/2012 12:25:06
758016,REP.VP.2012.McMORRIS-RODGERS,Cathy McMorris Rodgers to be Republican VP nominee in 2012,1,3.2,Jun/14/2012 12:25:06
758016,REP.VP.2012.McMORRIS-RODGERS,Cathy McMorris Rodgers to be Republican VP nominee in 2012,2,3.3,Jun/14/2012 13:08:30
758016,REP.VP.2012.McMORRIS-RODGERS,Cathy McMorris Rodgers to be Republican VP nominee in 2012,1,3.3,Jun/14/2012 13:08:30
758016,REP.VP.2012.McMORRIS-RODGERS,Cathy McMorris Rodgers to be Republican VP nominee in 2012,1,3.4,Jun/14/2012 13:10:51
758016,REP.VP.2012.McMORRIS-RODGERS,Cathy McMorris Rodgers to be Republican VP nominee in 2012,38,3.4,Jun/14/2012 20:57:16
758016,REP.VP.2012.McMORRIS-RODGERS,Cathy McMorris Rodgers to be Republican VP nominee in 2012,1,3.4,Jun/14/2012 20:57:16
758016,REP.VP.2012.McMORRIS-RODGERS,Cathy McMorris Rodgers to be Republican VP nominee in 2012,25,3.4,Jun/14/2012 20:57:16
758016,REP.VP.2012.McMORRIS-RODGERS,Cathy McMorris Rodgers to be Republican VP nominee in 2012,1,3.5,Jun/14/2012 21:00:19
758016,REP.VP.2012.McMORRIS-RODGERS,Cathy McMorris Rodgers to be Republican VP nominee in 2012,5,2.9,Jun/15/2012 18:43:24
758016,REP.VP.2012.McMORRIS-RODGERS,Cathy McMorris Rodgers to be Republican VP nominee in 2012,5,2.9,Jun/15/2012 19:03:14
758016,REP.VP.2012.McMORRIS-RODGERS,Cathy McMorris Rodgers to be Republican VP nominee in 2012,1,2.9,Jun/15/2012 19:03:14
758016,REP.VP.2012.McMORRIS-RODGERS,Cathy McMorris Rodgers to be Republican VP nominee in 2012,10,2.9,Jun/15/2012 19:03:14
758016,REP.VP.2012.McMORRIS-RODGERS,Cathy McMorris Rodgers to be Republican VP nominee in 2012,75,3.0,Jun/15/2012 19:06:30
758016,REP.VP.2012.McMORRIS-RODGERS,Cathy McMorris Rodgers to be Republican VP nominee in 2012,1,3.0,Jun/15/2012 19:06:30
758016,REP.VP.2012.McMORRIS-RODGERS,Cathy McMorris Rodgers to be Republican VP nominee in 2012,1,3.3,Jun/15/2012 19:08:31
758016,REP.VP.2012.McMORRIS-RODGERS,Cathy McMorris Rodgers to be Republican VP nominee in 2012,2,3.2,Jun/15/2012 19:42:56
758016,REP.VP.2012.McMORRIS-RODGERS,Cathy McMorris Rodgers to be Republican VP nominee in 2012,100,3.0,Jun/16/2012 12:38:54
758016,REP.VP.2012.McMORRIS-RODGERS,Cathy McMorris Rodgers to be Republican VP nominee in 2012,98,3.5,Jun/16/2012 12:59:00
758016,REP.VP.2012.McMORRIS-RODGERS,Cathy McMorris Rodgers to be Republican VP nominee in 2012,25,3.5,Jun/16/2012 12:59:00
758016,REP.VP.2012.McMORRIS-RODGERS,Cathy McMorris Rodgers to be Republican VP nominee in 2012,47,3.4,Jun/16/2012 12:59:00
758016,REP.VP.2012.McMORRIS-RODGERS,Cathy McMorris Rodgers to be Republican VP nominee in 2012,1,3.4,Jun/16/2012 12:59:00
758016,REP.VP.2012.McMORRIS-RODGERS,Cathy McMorris Rodgers to be Republican VP nominee in 2012,24,3.3,Jun/16/2012 12:59:00
758016,REP.VP.2012.McMORRIS-RODGERS,Cathy McMorris Rodgers to be Republican VP nominee in 2012,1,3.3,Jun/16/2012 12:59:00
758016,REP.VP.2012.McMORRIS-RODGERS,Cathy McMorris Rodgers to be Republican VP nominee in 2012,3,3.2,Jun/16/2012 12:59:00
758016,REP.VP.2012.McMORRIS-RODGERS,Cathy McMorris Rodgers to be Republican VP nominee in 2012,1,3.2,Jun/16/2012 12:59:00
758016,REP.VP.2012.McMORRIS-RODGERS,Cathy McMorris Rodgers to be Republican VP nominee in 2012,1,3.5,Jun/16/2012 13:12:05
758016,REP.VP.2012.McMORRIS-RODGERS,Cathy McMorris Rodgers to be Republican VP nominee in 2012,24,3.5,Jun/16/2012 13:12:05
758016,REP.VP.2012.McMORRIS-RODGERS,Cathy McMorris Rodgers to be Republican VP nominee in 2012,1,2.8,Jun/16/2012 14:09:35
758016,REP.VP.2012.McMORRIS-RODGERS,Cathy McMorris Rodgers to be Republican VP nominee in 2012,1,3.5,Jun/16/2012 17:44:24
758016,REP.VP.2012.McMORRIS-RODGERS,Cathy McMorris Rodgers to be Republican VP nominee in 2012,1,3.5,Jun/16/2012 18:25:28
758016,REP.VP.2012.McMORRIS-RODGERS,Cathy McMorris Rodgers to be Republican VP nominee in 2012,74,3.5,Jun/16/2012 18:25:28
758016,REP.VP.2012.McMORRIS-RODGERS,Cathy McMorris Rodgers to be Republican VP nominee in 2012,25,3.5,Jun/16/2012 18:43:27
758016,REP.VP.2012.McMORRIS-RODGERS,Cathy McMorris Rodgers to be Republican VP nominee in 2012,1,3.5,Jun/17/2012 03:34:57
758016,REP.VP.2012.McMORRIS-RODGERS,Cathy McMorris Rodgers to be Republican VP nominee in 2012,1,3.5,Jun/17/2012 03:34:57
758016,REP.VP.2012.McMORRIS-RODGERS,Cathy McMorris Rodgers to be Republican VP nominee in 2012,5,3.7,Jun/17/2012 03:37:41
758016,REP.VP.2012.McMORRIS-RODGERS,Cathy McMorris Rodgers to be Republican VP nominee in 2012,2,3.7,Jun/17/2012 03:37:41
758016,REP.VP.2012.McMORRIS-RODGERS,Cathy McMorris Rodgers to be Republican VP nominee in 2012,1,3.8,Jun/17/2012 03:40:36
758016,REP.VP.2012.McMORRIS-RODGERS,Cathy McMorris Rodgers to be Republican VP nominee in 2012,1,3.8,Jun/17/2012 10:38:47
758016,REP.VP.2012.McMORRIS-RODGERS,Cathy McMorris Rodgers to be Republican VP nominee in 2012,5,3.8,Jun/17/2012 10:38:47
758016,REP.VP.2012.McMORRIS-RODGERS,Cathy McMorris Rodgers to be Republican VP nominee in 2012,1,3.9,Jun/17/2012 10:39:35
758016,REP.VP.2012.McMORRIS-RODGERS,Cathy McMorris Rodgers to be Republican VP nominee in 2012,25,3.5,Jun/17/2012 18:28:15
758016,REP.VP.2012.McMORRIS-RODGERS,Cathy McMorris Rodgers to be Republican VP nominee in 2012,1,3.5,Jun/17/2012 18:33:55
758016,REP.VP.2012.McMORRIS-RODGERS,Cathy McMorris Rodgers to be Republican VP nominee in 2012,25,3.8,Jun/17/2012 18:35:55
758016,REP.VP.2012.McMORRIS-RODGERS,Cathy McMorris Rodgers to be Republican VP nominee in 2012,12,3.9,Jun/17/2012 18:39:37
758016,REP.VP.2012.McMORRIS-RODGERS,Cathy McMorris Rodgers to be Republican VP nominee in 2012,25,3.9,Jun/17/2012 18:39:37
758016,REP.VP.2012.McMORRIS-RODGERS,Cathy McMorris Rodgers to be Republican VP nominee in 2012,3,3.8,Jun/17/2012 18:39:37
758016,REP.VP.2012.McMORRIS-RODGERS,Cathy McMorris Rodgers to be Republican VP nominee in 2012,5,3.2,Jun/17/2012 19:07:40
758016,REP.VP.2012.McMORRIS-RODGERS,Cathy McMorris Rodgers to be Republican VP nominee in 2012,10,3.5,Jun/17/2012 22:48:10
758016,REP.VP.2012.McMORRIS-RODGERS,Cathy McMorris Rodgers to be Republican VP nominee in 2012,10,3.5,Jun/18/2012 02:02:18
758016,REP.VP.2012.McMORRIS-RODGERS,Cathy McMorris Rodgers to be Republican VP nominee in 2012,1,3.1,Jun/18/2012 04:06:51
758016,REP.VP.2012.McMORRIS-RODGERS,Cathy McMorris Rodgers to be Republican VP nominee in 2012,5,3.1,Jun/18/2012 04:06:51
758016,REP.VP.2012.McMORRIS-RODGERS,Cathy McMorris Rodgers to be Republican VP nominee in 2012,5,3.2,Jun/18/2012 04:06:51
758016,REP.VP.2012.McMORRIS-RODGERS,Cathy McMorris Rodgers to be Republican VP nominee in 2012,2,3.3,Jun/18/2012 04:06:51
758016,REP.VP.2012.McMORRIS-RODGERS,Cathy McMorris Rodgers to be Republican VP nominee in 2012,1,3.3,Jun/18/2012 04:24:45
758016,REP.VP.2012.McMORRIS-RODGERS,Cathy McMorris Rodgers to be Republican VP nominee in 2012,1,3.4,Jun/18/2012 04:26:26
758016,REP.VP.2012.McMORRIS-RODGERS,Cathy McMorris Rodgers to be Republican VP nominee in 2012,5,3.3,Jun/18/2012 19:15:36
758016,REP.VP.2012.McMORRIS-RODGERS,Cathy McMorris Rodgers to be Republican VP nominee in 2012,30,3.5,Jun/18/2012 19:20:13
758016,REP.VP.2012.McMORRIS-RODGERS,Cathy McMorris Rodgers to be Republican VP nominee in 2012,1,3.5,Jun/18/2012 19:20:13
758016,REP.VP.2012.McMORRIS-RODGERS,Cathy McMorris Rodgers to be Republican VP nominee in 2012,9,3.4,Jun/18/2012 19:20:13
758016,REP.VP.2012.McMORRIS-RODGERS,Cathy McMorris Rodgers to be Republican VP nominee in 2012,1,3.4,Jun/18/2012 19:20:13
758016,REP.VP.2012.McMORRIS-RODGERS,Cathy McMorris Rodgers to be Republican VP nominee in 2012,1,3.3,Jun/18/2012 19:20:13
758016,REP.VP.2012.McMORRIS-RODGERS,Cathy McMorris Rodgers to be Republican VP nominee in 2012,28,3.5,Jun/18/2012 19:20:13
758016,REP.VP.2012.McMORRIS-RODGERS,Cathy McMorris Rodgers to be Republican VP nominee in 2012,10,3.5,Jun/18/2012 19:20:31
758016,REP.VP.2012.McMORRIS-RODGERS,Cathy McMorris Rodgers to be Republican VP nominee in 2012,40,3.5,Jun/18/2012 19:23:47
758016,REP.VP.2012.McMORRIS-RODGERS,Cathy McMorris Rodgers to be Republican VP nominee in 2012,5,3.5,Jun/18/2012 20:20:55
758016,REP.VP.2012.McMORRIS-RODGERS,Cathy McMorris Rodgers to be Republican VP nominee in 2012,5,3.4,Jun/18/2012 22:07:42
758016,REP.VP.2012.McMORRIS-RODGERS,Cathy McMorris Rodgers to be Republican VP nominee in 2012,5,3.4,Jun/19/2012 01:46:43
758016,REP.VP.2012.McMORRIS-RODGERS,Cathy McMorris Rodgers to be Republican VP nominee in 2012,1,3.5,Jun/19/2012 02:38:55
758016,REP.VP.2012.McMORRIS-RODGERS,Cathy McMorris Rodgers to be Republican VP nominee in 2012,16,3.5,Jun/19/2012 13:03:05
758016,REP.VP.2012.McMORRIS-RODGERS,Cathy McMorris Rodgers to be Republican VP nominee in 2012,49,3.5,Jun/19/2012 13:03:05
758016,REP.VP.2012.McMORRIS-RODGERS,Cathy McMorris Rodgers to be Republican VP nominee in 2012,51,3.5,Jun/19/2012 13:32:05
758016,REP.VP.2012.McMORRIS-RODGERS,Cathy McMorris Rodgers to be Republican VP nominee in 2012,1,3.5,Jun/19/2012 13:32:05
758016,REP.VP.2012.McMORRIS-RODGERS,Cathy McMorris Rodgers to be Republican VP nominee in 2012,20,3.6,Jun/19/2012 13:34:07
758016,REP.VP.2012.McMORRIS-RODGERS,Cathy McMorris Rodgers to be Republican VP nominee in 2012,1,3.6,Jun/19/2012 13:34:07
758016,REP.VP.2012.McMORRIS-RODGERS,Cathy McMorris Rodgers to be Republican VP nominee in 2012,1,3.6,Jun/19/2012 13:34:07
758016,REP.VP.2012.McMORRIS-RODGERS,Cathy McMorris Rodgers to be Republican VP nominee in 2012,1,3.8,Jun/19/2012 13:36:17
758016,REP.VP.2012.McMORRIS-RODGERS,Cathy McMorris Rodgers to be Republican VP nominee in 2012,87,2.9,Jun/19/2012 14:36:12
758016,REP.VP.2012.McMORRIS-RODGERS,Cathy McMorris Rodgers to be Republican VP nominee in 2012,20,3.0,Jun/19/2012 14:36:12
