market id,market symbol,market name,trade quantity,trade price,date/time [utc]
749369,REP.VP.2012.RICE,Condoleezza Rice to be Republican VP nominee in 2012,5,1.0,May/16/2011 17:37:41
749369,REP.VP.2012.RICE,Condoleezza Rice to be Republican VP nominee in 2012,5,0.2,Jun/14/2011 00:28:02
749369,REP.VP.2012.RICE,Condoleezza Rice to be Republican VP nominee in 2012,10,0.2,Jun/14/2011 00:28:02
749369,REP.VP.2012.RICE,Condoleezza Rice to be Republican VP nominee in 2012,10,0.2,Jun/20/2011 04:58:46
749369,REP.VP.2012.RICE,Condoleezza Rice to be Republican VP nominee in 2012,9,0.2,Jun/27/2011 03:52:25
749369,REP.VP.2012.RICE,Condoleezza Rice to be Republican VP nominee in 2012,10,0.2,Jul/14/2011 13:59:04
749369,REP.VP.2012.RICE,Condoleezza Rice to be Republican VP nominee in 2012,10,0.2,Jul/14/2011 22:01:57
749369,REP.VP.2012.RICE,Condoleezza Rice to be Republican VP nominee in 2012,10,0.2,Jul/29/2011 03:10:49
749369,REP.VP.2012.RICE,Condoleezza Rice to be Republican VP nominee in 2012,10,0.2,Aug/29/2011 21:30:38
749369,REP.VP.2012.RICE,Condoleezza Rice to be Republican VP nominee in 2012,10,0.2,Aug/29/2011 21:30:38
749369,REP.VP.2012.RICE,Condoleezza Rice to be Republican VP nominee in 2012,9,0.4,Sep/19/2011 01:14:08
749369,REP.VP.2012.RICE,Condoleezza Rice to be Republican VP nominee in 2012,100,0.5,Sep/19/2011 01:14:50
749369,REP.VP.2012.RICE,Condoleezza Rice to be Republican VP nominee in 2012,20,0.5,Sep/19/2011 01:14:50
749369,REP.VP.2012.RICE,Condoleezza Rice to be Republican VP nominee in 2012,20,0.5,Sep/19/2011 01:14:50
749369,REP.VP.2012.RICE,Condoleezza Rice to be Republican VP nominee in 2012,20,0.5,Sep/19/2011 01:14:50
749369,REP.VP.2012.RICE,Condoleezza Rice to be Republican VP nominee in 2012,20,0.5,Sep/19/2011 01:14:50
749369,REP.VP.2012.RICE,Condoleezza Rice to be Republican VP nominee in 2012,20,0.5,Sep/19/2011 01:14:50
749369,REP.VP.2012.RICE,Condoleezza Rice to be Republican VP nominee in 2012,1,0.3,Sep/30/2011 09:08:07
749369,REP.VP.2012.RICE,Condoleezza Rice to be Republican VP nominee in 2012,1,0.3,Sep/30/2011 09:09:22
749369,REP.VP.2012.RICE,Condoleezza Rice to be Republican VP nominee in 2012,8,0.3,Sep/30/2011 22:35:47
749369,REP.VP.2012.RICE,Condoleezza Rice to be Republican VP nominee in 2012,12,0.3,Oct/01/2011 20:59:36
749369,REP.VP.2012.RICE,Condoleezza Rice to be Republican VP nominee in 2012,20,0.3,Oct/01/2011 20:59:36
749369,REP.VP.2012.RICE,Condoleezza Rice to be Republican VP nominee in 2012,20,0.3,Oct/01/2011 20:59:36
749369,REP.VP.2012.RICE,Condoleezza Rice to be Republican VP nominee in 2012,2,0.4,Oct/01/2011 20:59:55
749369,REP.VP.2012.RICE,Condoleezza Rice to be Republican VP nominee in 2012,8,0.4,Oct/01/2011 20:59:55
749369,REP.VP.2012.RICE,Condoleezza Rice to be Republican VP nominee in 2012,20,0.5,Oct/01/2011 21:00:04
749369,REP.VP.2012.RICE,Condoleezza Rice to be Republican VP nominee in 2012,2,0.3,Oct/05/2011 00:33:02
749369,REP.VP.2012.RICE,Condoleezza Rice to be Republican VP nominee in 2012,9,0.3,Oct/05/2011 14:15:50
749369,REP.VP.2012.RICE,Condoleezza Rice to be Republican VP nominee in 2012,11,0.3,Oct/06/2011 02:38:28
749369,REP.VP.2012.RICE,Condoleezza Rice to be Republican VP nominee in 2012,1,0.3,Oct/06/2011 02:38:28
749369,REP.VP.2012.RICE,Condoleezza Rice to be Republican VP nominee in 2012,1,0.2,Oct/12/2011 07:05:57
749369,REP.VP.2012.RICE,Condoleezza Rice to be Republican VP nominee in 2012,1,0.2,Oct/12/2011 11:22:37
749369,REP.VP.2012.RICE,Condoleezza Rice to be Republican VP nominee in 2012,2,0.2,Oct/12/2011 11:22:48
749369,REP.VP.2012.RICE,Condoleezza Rice to be Republican VP nominee in 2012,2,0.2,Oct/12/2011 11:24:26
749369,REP.VP.2012.RICE,Condoleezza Rice to be Republican VP nominee in 2012,4,0.2,Oct/12/2011 11:24:31
749369,REP.VP.2012.RICE,Condoleezza Rice to be Republican VP nominee in 2012,6,0.2,Oct/12/2011 11:25:38
749369,REP.VP.2012.RICE,Condoleezza Rice to be Republican VP nominee in 2012,10,0.2,Oct/12/2011 11:27:30
749369,REP.VP.2012.RICE,Condoleezza Rice to be Republican VP nominee in 2012,20,0.5,Oct/14/2011 20:36:58
749369,REP.VP.2012.RICE,Condoleezza Rice to be Republican VP nominee in 2012,2,0.4,Oct/14/2011 20:36:58
749369,REP.VP.2012.RICE,Condoleezza Rice to be Republican VP nominee in 2012,7,0.4,Oct/14/2011 20:36:58
749369,REP.VP.2012.RICE,Condoleezza Rice to be Republican VP nominee in 2012,20,0.5,Oct/14/2011 20:36:58
749369,REP.VP.2012.RICE,Condoleezza Rice to be Republican VP nominee in 2012,20,0.5,Oct/14/2011 20:36:58
749369,REP.VP.2012.RICE,Condoleezza Rice to be Republican VP nominee in 2012,20,0.3,Oct/14/2011 20:36:58
749369,REP.VP.2012.RICE,Condoleezza Rice to be Republican VP nominee in 2012,1,0.3,Oct/14/2011 20:36:58
749369,REP.VP.2012.RICE,Condoleezza Rice to be Republican VP nominee in 2012,20,0.3,Oct/14/2011 20:36:58
749369,REP.VP.2012.RICE,Condoleezza Rice to be Republican VP nominee in 2012,20,0.5,Oct/14/2011 20:36:58
749369,REP.VP.2012.RICE,Condoleezza Rice to be Republican VP nominee in 2012,50,0.3,Oct/14/2011 20:36:58
749369,REP.VP.2012.RICE,Condoleezza Rice to be Republican VP nominee in 2012,40,0.5,Oct/14/2011 20:36:58
749369,REP.VP.2012.RICE,Condoleezza Rice to be Republican VP nominee in 2012,1,0.3,Oct/22/2011 22:02:21
749369,REP.VP.2012.RICE,Condoleezza Rice to be Republican VP nominee in 2012,1,0.4,Oct/23/2011 10:44:09
749369,REP.VP.2012.RICE,Condoleezza Rice to be Republican VP nominee in 2012,1,0.4,Oct/23/2011 10:50:40
749369,REP.VP.2012.RICE,Condoleezza Rice to be Republican VP nominee in 2012,2,0.3,Oct/23/2011 11:47:14
749369,REP.VP.2012.RICE,Condoleezza Rice to be Republican VP nominee in 2012,7,0.3,Oct/23/2011 14:07:30
749369,REP.VP.2012.RICE,Condoleezza Rice to be Republican VP nominee in 2012,1,0.2,Oct/23/2011 14:10:43
749369,REP.VP.2012.RICE,Condoleezza Rice to be Republican VP nominee in 2012,1,0.2,Oct/23/2011 14:17:41
749369,REP.VP.2012.RICE,Condoleezza Rice to be Republican VP nominee in 2012,1,0.2,Oct/23/2011 14:18:34
749369,REP.VP.2012.RICE,Condoleezza Rice to be Republican VP nominee in 2012,2,0.2,Oct/23/2011 14:19:18
749369,REP.VP.2012.RICE,Condoleezza Rice to be Republican VP nominee in 2012,10,0.2,Oct/23/2011 15:15:03
749369,REP.VP.2012.RICE,Condoleezza Rice to be Republican VP nominee in 2012,10,0.2,Oct/23/2011 15:16:15
749369,REP.VP.2012.RICE,Condoleezza Rice to be Republican VP nominee in 2012,10,0.2,Oct/23/2011 15:31:46
749369,REP.VP.2012.RICE,Condoleezza Rice to be Republican VP nominee in 2012,150,0.3,Nov/01/2011 17:12:54
749369,REP.VP.2012.RICE,Condoleezza Rice to be Republican VP nominee in 2012,1,0.3,Nov/01/2011 17:12:54
749369,REP.VP.2012.RICE,Condoleezza Rice to be Republican VP nominee in 2012,100,0.4,Nov/01/2011 17:13:38
749369,REP.VP.2012.RICE,Condoleezza Rice to be Republican VP nominee in 2012,1,0.2,Nov/01/2011 17:14:11
749369,REP.VP.2012.RICE,Condoleezza Rice to be Republican VP nominee in 2012,10,0.5,Nov/02/2011 03:53:28
749369,REP.VP.2012.RICE,Condoleezza Rice to be Republican VP nominee in 2012,40,0.5,Nov/06/2011 03:23:02
749369,REP.VP.2012.RICE,Condoleezza Rice to be Republican VP nominee in 2012,50,0.5,Nov/06/2011 03:23:02
749369,REP.VP.2012.RICE,Condoleezza Rice to be Republican VP nominee in 2012,1,0.5,Nov/06/2011 03:23:02
749369,REP.VP.2012.RICE,Condoleezza Rice to be Republican VP nominee in 2012,20,0.6,Nov/06/2011 04:34:01
749369,REP.VP.2012.RICE,Condoleezza Rice to be Republican VP nominee in 2012,1,0.6,Nov/06/2011 04:34:01
749369,REP.VP.2012.RICE,Condoleezza Rice to be Republican VP nominee in 2012,11,0.7,Nov/06/2011 04:34:39
749369,REP.VP.2012.RICE,Condoleezza Rice to be Republican VP nominee in 2012,51,0.7,Nov/06/2011 04:34:39
749369,REP.VP.2012.RICE,Condoleezza Rice to be Republican VP nominee in 2012,30,0.7,Nov/06/2011 04:40:48
749369,REP.VP.2012.RICE,Condoleezza Rice to be Republican VP nominee in 2012,18,0.7,Nov/06/2011 08:59:09
749369,REP.VP.2012.RICE,Condoleezza Rice to be Republican VP nominee in 2012,51,0.7,Nov/06/2011 12:13:52
749369,REP.VP.2012.RICE,Condoleezza Rice to be Republican VP nominee in 2012,1,0.7,Nov/06/2011 12:13:52
749369,REP.VP.2012.RICE,Condoleezza Rice to be Republican VP nominee in 2012,17,0.7,Nov/06/2011 13:12:49
749369,REP.VP.2012.RICE,Condoleezza Rice to be Republican VP nominee in 2012,1,0.8,Nov/07/2011 15:25:27
749369,REP.VP.2012.RICE,Condoleezza Rice to be Republican VP nominee in 2012,110,0.8,Nov/07/2011 15:25:27
749369,REP.VP.2012.RICE,Condoleezza Rice to be Republican VP nominee in 2012,1,0.8,Nov/07/2011 15:25:27
749369,REP.VP.2012.RICE,Condoleezza Rice to be Republican VP nominee in 2012,19,0.8,Nov/07/2011 15:27:41
749369,REP.VP.2012.RICE,Condoleezza Rice to be Republican VP nominee in 2012,1,0.8,Nov/07/2011 15:27:41
749369,REP.VP.2012.RICE,Condoleezza Rice to be Republican VP nominee in 2012,10,0.7,Nov/07/2011 21:56:39
749369,REP.VP.2012.RICE,Condoleezza Rice to be Republican VP nominee in 2012,110,0.9,Nov/08/2011 02:11:48
749369,REP.VP.2012.RICE,Condoleezza Rice to be Republican VP nominee in 2012,1,0.9,Nov/08/2011 02:11:48
749369,REP.VP.2012.RICE,Condoleezza Rice to be Republican VP nominee in 2012,10,1.0,Nov/08/2011 02:11:59
749369,REP.VP.2012.RICE,Condoleezza Rice to be Republican VP nominee in 2012,91,1.0,Nov/08/2011 02:11:59
749369,REP.VP.2012.RICE,Condoleezza Rice to be Republican VP nominee in 2012,50,1.5,Nov/09/2011 00:39:41
749369,REP.VP.2012.RICE,Condoleezza Rice to be Republican VP nominee in 2012,1,1.5,Nov/09/2011 00:39:41
749369,REP.VP.2012.RICE,Condoleezza Rice to be Republican VP nominee in 2012,110,1.9,Nov/09/2011 01:15:12
749369,REP.VP.2012.RICE,Condoleezza Rice to be Republican VP nominee in 2012,50,2.0,Nov/09/2011 01:15:42
749369,REP.VP.2012.RICE,Condoleezza Rice to be Republican VP nominee in 2012,1,2.0,Nov/09/2011 01:15:42
749369,REP.VP.2012.RICE,Condoleezza Rice to be Republican VP nominee in 2012,50,2.5,Nov/09/2011 20:58:31
749369,REP.VP.2012.RICE,Condoleezza Rice to be Republican VP nominee in 2012,1,2.9,Nov/10/2011 13:10:10
749369,REP.VP.2012.RICE,Condoleezza Rice to be Republican VP nominee in 2012,4,2.9,Nov/10/2011 22:10:23
749369,REP.VP.2012.RICE,Condoleezza Rice to be Republican VP nominee in 2012,20,2.9,Nov/11/2011 23:59:56
749369,REP.VP.2012.RICE,Condoleezza Rice to be Republican VP nominee in 2012,20,2.9,Nov/12/2011 00:00:14
749369,REP.VP.2012.RICE,Condoleezza Rice to be Republican VP nominee in 2012,5,2.9,Nov/12/2011 00:00:40
749369,REP.VP.2012.RICE,Condoleezza Rice to be Republican VP nominee in 2012,10,2.4,Nov/12/2011 00:01:26
749369,REP.VP.2012.RICE,Condoleezza Rice to be Republican VP nominee in 2012,10,2.4,Nov/12/2011 00:01:26
749369,REP.VP.2012.RICE,Condoleezza Rice to be Republican VP nominee in 2012,1,0.7,Nov/12/2011 00:01:54
749369,REP.VP.2012.RICE,Condoleezza Rice to be Republican VP nominee in 2012,50,1.5,Nov/22/2011 19:35:13
749369,REP.VP.2012.RICE,Condoleezza Rice to be Republican VP nominee in 2012,1,1.5,Nov/22/2011 19:35:13
749369,REP.VP.2012.RICE,Condoleezza Rice to be Republican VP nominee in 2012,30,1.5,Nov/23/2011 04:38:46
749369,REP.VP.2012.RICE,Condoleezza Rice to be Republican VP nominee in 2012,19,1.5,Dec/01/2011 11:58:32
749369,REP.VP.2012.RICE,Condoleezza Rice to be Republican VP nominee in 2012,94,1.0,Dec/01/2011 12:00:01
749369,REP.VP.2012.RICE,Condoleezza Rice to be Republican VP nominee in 2012,50,1.1,Dec/06/2011 19:17:05
749369,REP.VP.2012.RICE,Condoleezza Rice to be Republican VP nominee in 2012,1,1.1,Dec/06/2011 19:17:05
749369,REP.VP.2012.RICE,Condoleezza Rice to be Republican VP nominee in 2012,1,1.4,Dec/06/2011 22:19:11
749369,REP.VP.2012.RICE,Condoleezza Rice to be Republican VP nominee in 2012,1,1.4,Dec/06/2011 22:19:11
749369,REP.VP.2012.RICE,Condoleezza Rice to be Republican VP nominee in 2012,6,1.0,Dec/08/2011 04:13:17
749369,REP.VP.2012.RICE,Condoleezza Rice to be Republican VP nominee in 2012,18,1.0,Dec/08/2011 04:13:17
749369,REP.VP.2012.RICE,Condoleezza Rice to be Republican VP nominee in 2012,1,1.1,Dec/08/2011 04:13:17
749369,REP.VP.2012.RICE,Condoleezza Rice to be Republican VP nominee in 2012,20,1.0,Dec/09/2011 18:21:17
749369,REP.VP.2012.RICE,Condoleezza Rice to be Republican VP nominee in 2012,25,1.0,Dec/11/2011 16:20:29
749369,REP.VP.2012.RICE,Condoleezza Rice to be Republican VP nominee in 2012,37,1.0,Dec/16/2011 15:36:14
749369,REP.VP.2012.RICE,Condoleezza Rice to be Republican VP nominee in 2012,12,0.9,Dec/16/2011 20:26:27
749369,REP.VP.2012.RICE,Condoleezza Rice to be Republican VP nominee in 2012,13,1.0,Dec/17/2011 00:58:48
749369,REP.VP.2012.RICE,Condoleezza Rice to be Republican VP nominee in 2012,1,1.0,Dec/17/2011 00:58:48
749369,REP.VP.2012.RICE,Condoleezza Rice to be Republican VP nominee in 2012,5,1.3,Dec/18/2011 03:15:00
749369,REP.VP.2012.RICE,Condoleezza Rice to be Republican VP nominee in 2012,1,1.3,Dec/18/2011 03:15:00
749369,REP.VP.2012.RICE,Condoleezza Rice to be Republican VP nominee in 2012,1,1.4,Dec/18/2011 03:15:28
749369,REP.VP.2012.RICE,Condoleezza Rice to be Republican VP nominee in 2012,3,1.4,Dec/18/2011 03:15:28
749369,REP.VP.2012.RICE,Condoleezza Rice to be Republican VP nominee in 2012,50,1.5,Dec/19/2011 02:53:47
749369,REP.VP.2012.RICE,Condoleezza Rice to be Republican VP nominee in 2012,1,1.5,Dec/19/2011 02:53:47
749369,REP.VP.2012.RICE,Condoleezza Rice to be Republican VP nominee in 2012,30,2.0,Dec/19/2011 04:16:37
749369,REP.VP.2012.RICE,Condoleezza Rice to be Republican VP nominee in 2012,20,2.0,Dec/19/2011 04:17:32
749369,REP.VP.2012.RICE,Condoleezza Rice to be Republican VP nominee in 2012,25,2.0,Dec/19/2011 04:17:32
749369,REP.VP.2012.RICE,Condoleezza Rice to be Republican VP nominee in 2012,10,2.5,Dec/19/2011 04:55:48
749369,REP.VP.2012.RICE,Condoleezza Rice to be Republican VP nominee in 2012,25,2.5,Dec/19/2011 04:55:48
749369,REP.VP.2012.RICE,Condoleezza Rice to be Republican VP nominee in 2012,1,2.0,Dec/19/2011 04:55:48
749369,REP.VP.2012.RICE,Condoleezza Rice to be Republican VP nominee in 2012,2,2.5,Dec/19/2011 04:55:48
749369,REP.VP.2012.RICE,Condoleezza Rice to be Republican VP nominee in 2012,2,3.2,Dec/19/2011 05:26:03
749369,REP.VP.2012.RICE,Condoleezza Rice to be Republican VP nominee in 2012,2,3.2,Dec/19/2011 05:26:03
749369,REP.VP.2012.RICE,Condoleezza Rice to be Republican VP nominee in 2012,10,3.5,Dec/19/2011 05:38:27
749369,REP.VP.2012.RICE,Condoleezza Rice to be Republican VP nominee in 2012,2,2.5,Dec/19/2011 05:40:40
749369,REP.VP.2012.RICE,Condoleezza Rice to be Republican VP nominee in 2012,10,3.7,Dec/19/2011 10:59:25
749369,REP.VP.2012.RICE,Condoleezza Rice to be Republican VP nominee in 2012,10,3.7,Dec/19/2011 11:00:15
749369,REP.VP.2012.RICE,Condoleezza Rice to be Republican VP nominee in 2012,1,3.7,Dec/19/2011 11:00:15
749369,REP.VP.2012.RICE,Condoleezza Rice to be Republican VP nominee in 2012,1,4.8,Dec/19/2011 12:36:20
749369,REP.VP.2012.RICE,Condoleezza Rice to be Republican VP nominee in 2012,1,4.0,Dec/19/2011 16:18:30
749369,REP.VP.2012.RICE,Condoleezza Rice to be Republican VP nominee in 2012,1,3.7,Dec/19/2011 16:18:53
749369,REP.VP.2012.RICE,Condoleezza Rice to be Republican VP nominee in 2012,10,2.6,Dec/20/2011 05:38:18
749369,REP.VP.2012.RICE,Condoleezza Rice to be Republican VP nominee in 2012,36,3.0,Dec/20/2011 05:46:02
749369,REP.VP.2012.RICE,Condoleezza Rice to be Republican VP nominee in 2012,2,3.0,Dec/20/2011 05:46:25
749369,REP.VP.2012.RICE,Condoleezza Rice to be Republican VP nominee in 2012,8,2.5,Dec/20/2011 17:01:11
749369,REP.VP.2012.RICE,Condoleezza Rice to be Republican VP nominee in 2012,5,2.5,Dec/21/2011 17:55:03
749369,REP.VP.2012.RICE,Condoleezza Rice to be Republican VP nominee in 2012,5,2.0,Dec/23/2011 15:26:57
749369,REP.VP.2012.RICE,Condoleezza Rice to be Republican VP nominee in 2012,5,2.0,Dec/26/2011 04:38:10
749369,REP.VP.2012.RICE,Condoleezza Rice to be Republican VP nominee in 2012,10,2.4,Dec/26/2011 11:24:46
749369,REP.VP.2012.RICE,Condoleezza Rice to be Republican VP nominee in 2012,1,2.4,Dec/26/2011 11:24:46
749369,REP.VP.2012.RICE,Condoleezza Rice to be Republican VP nominee in 2012,1,2.1,Dec/26/2011 19:07:48
749369,REP.VP.2012.RICE,Condoleezza Rice to be Republican VP nominee in 2012,1,2.5,Dec/27/2011 01:12:15
749369,REP.VP.2012.RICE,Condoleezza Rice to be Republican VP nominee in 2012,6,2.5,Dec/27/2011 01:12:39
749369,REP.VP.2012.RICE,Condoleezza Rice to be Republican VP nominee in 2012,1,2.5,Dec/27/2011 01:12:39
749369,REP.VP.2012.RICE,Condoleezza Rice to be Republican VP nominee in 2012,1,2.9,Dec/28/2011 16:59:51
749369,REP.VP.2012.RICE,Condoleezza Rice to be Republican VP nominee in 2012,1,2.9,Dec/28/2011 16:59:51
749369,REP.VP.2012.RICE,Condoleezza Rice to be Republican VP nominee in 2012,2,3.0,Dec/28/2011 17:00:11
749369,REP.VP.2012.RICE,Condoleezza Rice to be Republican VP nominee in 2012,1,3.0,Dec/28/2011 17:00:11
749369,REP.VP.2012.RICE,Condoleezza Rice to be Republican VP nominee in 2012,3,2.5,Dec/28/2011 17:17:08
749369,REP.VP.2012.RICE,Condoleezza Rice to be Republican VP nominee in 2012,2,2.6,Dec/30/2011 18:11:46
749369,REP.VP.2012.RICE,Condoleezza Rice to be Republican VP nominee in 2012,2,2.9,Dec/31/2011 09:14:34
749369,REP.VP.2012.RICE,Condoleezza Rice to be Republican VP nominee in 2012,1,2.9,Dec/31/2011 09:14:34
749369,REP.VP.2012.RICE,Condoleezza Rice to be Republican VP nominee in 2012,19,3.0,Dec/31/2011 09:15:28
749369,REP.VP.2012.RICE,Condoleezza Rice to be Republican VP nominee in 2012,29,3.0,Dec/31/2011 09:15:28
749369,REP.VP.2012.RICE,Condoleezza Rice to be Republican VP nominee in 2012,5,2.6,Jan/01/2012 04:38:16
749369,REP.VP.2012.RICE,Condoleezza Rice to be Republican VP nominee in 2012,21,3.0,Jan/01/2012 11:41:07
749369,REP.VP.2012.RICE,Condoleezza Rice to be Republican VP nominee in 2012,1,3.0,Jan/01/2012 11:41:07
749369,REP.VP.2012.RICE,Condoleezza Rice to be Republican VP nominee in 2012,1,3.5,Jan/01/2012 20:05:44
749369,REP.VP.2012.RICE,Condoleezza Rice to be Republican VP nominee in 2012,3,3.5,Jan/02/2012 01:17:08
749369,REP.VP.2012.RICE,Condoleezza Rice to be Republican VP nominee in 2012,1,3.5,Jan/02/2012 01:17:08
749369,REP.VP.2012.RICE,Condoleezza Rice to be Republican VP nominee in 2012,36,3.7,Jan/02/2012 01:17:08
749369,REP.VP.2012.RICE,Condoleezza Rice to be Republican VP nominee in 2012,100,3.6,Jan/02/2012 01:17:08
749369,REP.VP.2012.RICE,Condoleezza Rice to be Republican VP nominee in 2012,31,3.7,Jan/02/2012 05:34:26
749369,REP.VP.2012.RICE,Condoleezza Rice to be Republican VP nominee in 2012,38,3.5,Jan/02/2012 05:34:26
749369,REP.VP.2012.RICE,Condoleezza Rice to be Republican VP nominee in 2012,1,3.5,Jan/02/2012 05:34:26
749369,REP.VP.2012.RICE,Condoleezza Rice to be Republican VP nominee in 2012,29,3.7,Jan/02/2012 08:46:36
749369,REP.VP.2012.RICE,Condoleezza Rice to be Republican VP nominee in 2012,54,3.7,Jan/03/2012 10:27:35
749369,REP.VP.2012.RICE,Condoleezza Rice to be Republican VP nominee in 2012,1,3.7,Jan/03/2012 10:27:35
749369,REP.VP.2012.RICE,Condoleezza Rice to be Republican VP nominee in 2012,8,4.0,Jan/03/2012 23:41:53
749369,REP.VP.2012.RICE,Condoleezza Rice to be Republican VP nominee in 2012,1,3.9,Jan/03/2012 23:41:53
749369,REP.VP.2012.RICE,Condoleezza Rice to be Republican VP nominee in 2012,1,3.9,Jan/03/2012 23:41:53
749369,REP.VP.2012.RICE,Condoleezza Rice to be Republican VP nominee in 2012,100,3.0,Jan/04/2012 04:44:46
749369,REP.VP.2012.RICE,Condoleezza Rice to be Republican VP nominee in 2012,16,4.0,Jan/04/2012 07:39:54
749369,REP.VP.2012.RICE,Condoleezza Rice to be Republican VP nominee in 2012,20,4.0,Jan/04/2012 07:39:54
749369,REP.VP.2012.RICE,Condoleezza Rice to be Republican VP nominee in 2012,1,4.0,Jan/04/2012 07:39:54
749369,REP.VP.2012.RICE,Condoleezza Rice to be Republican VP nominee in 2012,10,4.5,Jan/04/2012 07:39:54
749369,REP.VP.2012.RICE,Condoleezza Rice to be Republican VP nominee in 2012,2,4.5,Jan/04/2012 07:39:54
749369,REP.VP.2012.RICE,Condoleezza Rice to be Republican VP nominee in 2012,10,4.9,Jan/04/2012 07:40:44
749369,REP.VP.2012.RICE,Condoleezza Rice to be Republican VP nominee in 2012,2,4.9,Jan/04/2012 07:40:44
749369,REP.VP.2012.RICE,Condoleezza Rice to be Republican VP nominee in 2012,1,4.0,Jan/04/2012 18:52:33
749369,REP.VP.2012.RICE,Condoleezza Rice to be Republican VP nominee in 2012,1,4.0,Jan/04/2012 18:52:33
749369,REP.VP.2012.RICE,Condoleezza Rice to be Republican VP nominee in 2012,20,4.0,Jan/04/2012 18:52:33
749369,REP.VP.2012.RICE,Condoleezza Rice to be Republican VP nominee in 2012,1,4.5,Jan/04/2012 18:53:25
749369,REP.VP.2012.RICE,Condoleezza Rice to be Republican VP nominee in 2012,10,2.9,Jan/04/2012 19:18:23
749369,REP.VP.2012.RICE,Condoleezza Rice to be Republican VP nominee in 2012,9,2.9,Jan/04/2012 19:29:41
749369,REP.VP.2012.RICE,Condoleezza Rice to be Republican VP nominee in 2012,30,4.0,Jan/05/2012 02:32:05
749369,REP.VP.2012.RICE,Condoleezza Rice to be Republican VP nominee in 2012,10,3.9,Jan/05/2012 02:32:05
749369,REP.VP.2012.RICE,Condoleezza Rice to be Republican VP nominee in 2012,1,3.9,Jan/05/2012 02:32:05
749369,REP.VP.2012.RICE,Condoleezza Rice to be Republican VP nominee in 2012,1,5.0,Jan/05/2012 02:38:22
749369,REP.VP.2012.RICE,Condoleezza Rice to be Republican VP nominee in 2012,27,5.0,Jan/05/2012 02:38:22
749369,REP.VP.2012.RICE,Condoleezza Rice to be Republican VP nominee in 2012,19,4.5,Jan/05/2012 02:38:22
749369,REP.VP.2012.RICE,Condoleezza Rice to be Republican VP nominee in 2012,50,4.4,Jan/05/2012 02:38:22
749369,REP.VP.2012.RICE,Condoleezza Rice to be Republican VP nominee in 2012,3,4.5,Jan/05/2012 02:38:22
749369,REP.VP.2012.RICE,Condoleezza Rice to be Republican VP nominee in 2012,4,5.0,Jan/05/2012 02:39:19
749369,REP.VP.2012.RICE,Condoleezza Rice to be Republican VP nominee in 2012,4,4.0,Jan/05/2012 06:44:38
749369,REP.VP.2012.RICE,Condoleezza Rice to be Republican VP nominee in 2012,1,4.0,Jan/05/2012 06:44:38
749369,REP.VP.2012.RICE,Condoleezza Rice to be Republican VP nominee in 2012,5,4.0,Jan/05/2012 06:45:12
749369,REP.VP.2012.RICE,Condoleezza Rice to be Republican VP nominee in 2012,20,4.0,Jan/05/2012 18:45:15
749369,REP.VP.2012.RICE,Condoleezza Rice to be Republican VP nominee in 2012,1,4.0,Jan/05/2012 18:45:15
749369,REP.VP.2012.RICE,Condoleezza Rice to be Republican VP nominee in 2012,10,4.7,Jan/06/2012 16:12:13
749369,REP.VP.2012.RICE,Condoleezza Rice to be Republican VP nominee in 2012,4,5.0,Jan/06/2012 16:12:13
749369,REP.VP.2012.RICE,Condoleezza Rice to be Republican VP nominee in 2012,2,4.9,Jan/06/2012 16:12:13
749369,REP.VP.2012.RICE,Condoleezza Rice to be Republican VP nominee in 2012,10,5.0,Jan/06/2012 16:12:13
749369,REP.VP.2012.RICE,Condoleezza Rice to be Republican VP nominee in 2012,10,5.0,Jan/06/2012 16:12:13
749369,REP.VP.2012.RICE,Condoleezza Rice to be Republican VP nominee in 2012,10,4.8,Jan/06/2012 16:12:13
749369,REP.VP.2012.RICE,Condoleezza Rice to be Republican VP nominee in 2012,20,4.9,Jan/06/2012 16:12:13
749369,REP.VP.2012.RICE,Condoleezza Rice to be Republican VP nominee in 2012,1,4.7,Jan/06/2012 16:12:13
749369,REP.VP.2012.RICE,Condoleezza Rice to be Republican VP nominee in 2012,1,4.9,Jan/06/2012 16:12:13
749369,REP.VP.2012.RICE,Condoleezza Rice to be Republican VP nominee in 2012,4,5.0,Jan/09/2012 13:44:34
749369,REP.VP.2012.RICE,Condoleezza Rice to be Republican VP nominee in 2012,25,3.1,Jan/13/2012 15:24:37
749369,REP.VP.2012.RICE,Condoleezza Rice to be Republican VP nominee in 2012,20,3.2,Jan/13/2012 15:24:37
749369,REP.VP.2012.RICE,Condoleezza Rice to be Republican VP nominee in 2012,20,2.9,Jan/14/2012 21:03:26
749369,REP.VP.2012.RICE,Condoleezza Rice to be Republican VP nominee in 2012,50,3.0,Jan/14/2012 21:03:26
749369,REP.VP.2012.RICE,Condoleezza Rice to be Republican VP nominee in 2012,2,2.7,Jan/15/2012 18:29:49
749369,REP.VP.2012.RICE,Condoleezza Rice to be Republican VP nominee in 2012,13,2.8,Jan/15/2012 18:29:49
749369,REP.VP.2012.RICE,Condoleezza Rice to be Republican VP nominee in 2012,10,2.1,Jan/16/2012 08:19:39
749369,REP.VP.2012.RICE,Condoleezza Rice to be Republican VP nominee in 2012,3,2.6,Jan/16/2012 08:19:39
749369,REP.VP.2012.RICE,Condoleezza Rice to be Republican VP nominee in 2012,30,2.2,Jan/16/2012 08:19:39
749369,REP.VP.2012.RICE,Condoleezza Rice to be Republican VP nominee in 2012,1,2.0,Jan/17/2012 00:32:41
749369,REP.VP.2012.RICE,Condoleezza Rice to be Republican VP nominee in 2012,1,2.0,Jan/17/2012 00:32:41
749369,REP.VP.2012.RICE,Condoleezza Rice to be Republican VP nominee in 2012,4,1.5,Jan/17/2012 03:58:19
749369,REP.VP.2012.RICE,Condoleezza Rice to be Republican VP nominee in 2012,4,1.1,Jan/18/2012 03:04:29
749369,REP.VP.2012.RICE,Condoleezza Rice to be Republican VP nominee in 2012,6,1.1,Jan/18/2012 03:04:29
749369,REP.VP.2012.RICE,Condoleezza Rice to be Republican VP nominee in 2012,10,1.2,Jan/18/2012 03:04:29
749369,REP.VP.2012.RICE,Condoleezza Rice to be Republican VP nominee in 2012,30,1.3,Jan/18/2012 03:04:29
749369,REP.VP.2012.RICE,Condoleezza Rice to be Republican VP nominee in 2012,1,1.1,Jan/18/2012 03:42:12
749369,REP.VP.2012.RICE,Condoleezza Rice to be Republican VP nominee in 2012,4,1.4,Jan/18/2012 05:44:13
749369,REP.VP.2012.RICE,Condoleezza Rice to be Republican VP nominee in 2012,10,1.3,Jan/18/2012 05:44:13
749369,REP.VP.2012.RICE,Condoleezza Rice to be Republican VP nominee in 2012,10,1.2,Jan/18/2012 05:44:13
749369,REP.VP.2012.RICE,Condoleezza Rice to be Republican VP nominee in 2012,25,1.2,Jan/18/2012 05:44:13
749369,REP.VP.2012.RICE,Condoleezza Rice to be Republican VP nominee in 2012,1,1.2,Jan/18/2012 05:44:13
749369,REP.VP.2012.RICE,Condoleezza Rice to be Republican VP nominee in 2012,25,1.5,Jan/18/2012 05:44:26
749369,REP.VP.2012.RICE,Condoleezza Rice to be Republican VP nominee in 2012,1,1.4,Jan/18/2012 05:44:26
749369,REP.VP.2012.RICE,Condoleezza Rice to be Republican VP nominee in 2012,13,2.0,Jan/18/2012 09:21:14
749369,REP.VP.2012.RICE,Condoleezza Rice to be Republican VP nominee in 2012,7,2.0,Jan/18/2012 09:21:14
749369,REP.VP.2012.RICE,Condoleezza Rice to be Republican VP nominee in 2012,20,1.6,Jan/18/2012 23:03:13
749369,REP.VP.2012.RICE,Condoleezza Rice to be Republican VP nominee in 2012,4,2.0,Jan/19/2012 17:47:29
749369,REP.VP.2012.RICE,Condoleezza Rice to be Republican VP nominee in 2012,25,2.5,Jan/19/2012 17:47:29
749369,REP.VP.2012.RICE,Condoleezza Rice to be Republican VP nominee in 2012,1,2.0,Jan/19/2012 17:47:29
749369,REP.VP.2012.RICE,Condoleezza Rice to be Republican VP nominee in 2012,50,2.4,Jan/19/2012 17:47:29
749369,REP.VP.2012.RICE,Condoleezza Rice to be Republican VP nominee in 2012,2,2.4,Jan/19/2012 17:47:29
749369,REP.VP.2012.RICE,Condoleezza Rice to be Republican VP nominee in 2012,2,2.5,Jan/20/2012 00:43:34
749369,REP.VP.2012.RICE,Condoleezza Rice to be Republican VP nominee in 2012,10,2.5,Jan/20/2012 00:43:48
749369,REP.VP.2012.RICE,Condoleezza Rice to be Republican VP nominee in 2012,4,2.5,Jan/20/2012 06:27:27
749369,REP.VP.2012.RICE,Condoleezza Rice to be Republican VP nominee in 2012,2,2.5,Jan/21/2012 05:25:26
749369,REP.VP.2012.RICE,Condoleezza Rice to be Republican VP nominee in 2012,19,2.5,Jan/21/2012 05:36:34
749369,REP.VP.2012.RICE,Condoleezza Rice to be Republican VP nominee in 2012,25,2.0,Jan/21/2012 18:56:33
749369,REP.VP.2012.RICE,Condoleezza Rice to be Republican VP nominee in 2012,40,1.7,Jan/21/2012 18:57:48
749369,REP.VP.2012.RICE,Condoleezza Rice to be Republican VP nominee in 2012,20,1.6,Jan/21/2012 19:05:46
749369,REP.VP.2012.RICE,Condoleezza Rice to be Republican VP nominee in 2012,10,1.7,Jan/21/2012 19:05:46
749369,REP.VP.2012.RICE,Condoleezza Rice to be Republican VP nominee in 2012,25,2.0,Jan/21/2012 19:42:28
749369,REP.VP.2012.RICE,Condoleezza Rice to be Republican VP nominee in 2012,50,1.5,Jan/21/2012 19:44:28
749369,REP.VP.2012.RICE,Condoleezza Rice to be Republican VP nominee in 2012,7,2.0,Jan/21/2012 20:50:44
749369,REP.VP.2012.RICE,Condoleezza Rice to be Republican VP nominee in 2012,15,2.4,Jan/23/2012 04:17:21
749369,REP.VP.2012.RICE,Condoleezza Rice to be Republican VP nominee in 2012,1,2.0,Jan/23/2012 09:22:02
749369,REP.VP.2012.RICE,Condoleezza Rice to be Republican VP nominee in 2012,22,2.0,Jan/23/2012 13:49:56
749369,REP.VP.2012.RICE,Condoleezza Rice to be Republican VP nominee in 2012,20,2.0,Jan/23/2012 18:04:43
749369,REP.VP.2012.RICE,Condoleezza Rice to be Republican VP nominee in 2012,1,2.4,Jan/25/2012 01:07:42
749369,REP.VP.2012.RICE,Condoleezza Rice to be Republican VP nominee in 2012,20,2.0,Jan/25/2012 01:07:42
749369,REP.VP.2012.RICE,Condoleezza Rice to be Republican VP nominee in 2012,1,2.0,Jan/25/2012 01:07:42
749369,REP.VP.2012.RICE,Condoleezza Rice to be Republican VP nominee in 2012,19,2.0,Jan/26/2012 00:25:42
749369,REP.VP.2012.RICE,Condoleezza Rice to be Republican VP nominee in 2012,10,1.9,Jan/26/2012 00:25:42
749369,REP.VP.2012.RICE,Condoleezza Rice to be Republican VP nominee in 2012,20,1.8,Jan/26/2012 00:25:42
749369,REP.VP.2012.RICE,Condoleezza Rice to be Republican VP nominee in 2012,1,1.8,Jan/26/2012 00:25:42
749369,REP.VP.2012.RICE,Condoleezza Rice to be Republican VP nominee in 2012,1,2.0,Jan/26/2012 00:26:01
749369,REP.VP.2012.RICE,Condoleezza Rice to be Republican VP nominee in 2012,1,2.0,Jan/26/2012 00:26:01
749369,REP.VP.2012.RICE,Condoleezza Rice to be Republican VP nominee in 2012,16,2.0,Jan/26/2012 16:47:42
749369,REP.VP.2012.RICE,Condoleezza Rice to be Republican VP nominee in 2012,1,2.5,Jan/26/2012 23:35:21
749369,REP.VP.2012.RICE,Condoleezza Rice to be Republican VP nominee in 2012,13,2.4,Jan/26/2012 23:35:21
749369,REP.VP.2012.RICE,Condoleezza Rice to be Republican VP nominee in 2012,50,2.5,Jan/26/2012 23:35:21
749369,REP.VP.2012.RICE,Condoleezza Rice to be Republican VP nominee in 2012,50,2.4,Jan/26/2012 23:35:21
749369,REP.VP.2012.RICE,Condoleezza Rice to be Republican VP nominee in 2012,10,2.3,Jan/26/2012 23:35:21
749369,REP.VP.2012.RICE,Condoleezza Rice to be Republican VP nominee in 2012,1,2.3,Jan/26/2012 23:35:21
749369,REP.VP.2012.RICE,Condoleezza Rice to be Republican VP nominee in 2012,1,2.5,Jan/27/2012 05:01:59
749369,REP.VP.2012.RICE,Condoleezza Rice to be Republican VP nominee in 2012,15,2.5,Jan/27/2012 05:01:59
749369,REP.VP.2012.RICE,Condoleezza Rice to be Republican VP nominee in 2012,27,2.5,Jan/27/2012 05:01:59
749369,REP.VP.2012.RICE,Condoleezza Rice to be Republican VP nominee in 2012,7,2.4,Jan/27/2012 05:01:59
749369,REP.VP.2012.RICE,Condoleezza Rice to be Republican VP nominee in 2012,2,2.0,Jan/28/2012 04:35:36
749369,REP.VP.2012.RICE,Condoleezza Rice to be Republican VP nominee in 2012,8,2.1,Jan/28/2012 04:35:36
749369,REP.VP.2012.RICE,Condoleezza Rice to be Republican VP nominee in 2012,10,2.1,Jan/30/2012 00:38:08
749369,REP.VP.2012.RICE,Condoleezza Rice to be Republican VP nominee in 2012,3,2.5,Jan/30/2012 03:42:22
749369,REP.VP.2012.RICE,Condoleezza Rice to be Republican VP nominee in 2012,3,2.5,Jan/30/2012 03:42:22
749369,REP.VP.2012.RICE,Condoleezza Rice to be Republican VP nominee in 2012,25,2.5,Jan/30/2012 03:42:22
749369,REP.VP.2012.RICE,Condoleezza Rice to be Republican VP nominee in 2012,3,2.4,Jan/30/2012 03:42:22
749369,REP.VP.2012.RICE,Condoleezza Rice to be Republican VP nominee in 2012,1,2.4,Jan/30/2012 03:42:22
749369,REP.VP.2012.RICE,Condoleezza Rice to be Republican VP nominee in 2012,15,2.5,Jan/30/2012 03:49:29
749369,REP.VP.2012.RICE,Condoleezza Rice to be Republican VP nominee in 2012,15,2.5,Jan/30/2012 03:59:42
749369,REP.VP.2012.RICE,Condoleezza Rice to be Republican VP nominee in 2012,15,3.0,Jan/30/2012 14:53:33
749369,REP.VP.2012.RICE,Condoleezza Rice to be Republican VP nominee in 2012,2,2.8,Jan/30/2012 14:53:33
749369,REP.VP.2012.RICE,Condoleezza Rice to be Republican VP nominee in 2012,10,2.6,Jan/30/2012 14:53:33
749369,REP.VP.2012.RICE,Condoleezza Rice to be Republican VP nominee in 2012,20,3.0,Jan/30/2012 14:53:33
749369,REP.VP.2012.RICE,Condoleezza Rice to be Republican VP nominee in 2012,1,2.8,Jan/30/2012 14:53:33
749369,REP.VP.2012.RICE,Condoleezza Rice to be Republican VP nominee in 2012,1,3.0,Jan/30/2012 14:53:33
749369,REP.VP.2012.RICE,Condoleezza Rice to be Republican VP nominee in 2012,5,3.0,Jan/30/2012 14:53:33
749369,REP.VP.2012.RICE,Condoleezza Rice to be Republican VP nominee in 2012,1,2.6,Jan/30/2012 14:53:33
749369,REP.VP.2012.RICE,Condoleezza Rice to be Republican VP nominee in 2012,20,2.9,Jan/30/2012 14:53:33
749369,REP.VP.2012.RICE,Condoleezza Rice to be Republican VP nominee in 2012,10,2.5,Feb/01/2012 03:12:30
749369,REP.VP.2012.RICE,Condoleezza Rice to be Republican VP nominee in 2012,3,2.3,Feb/01/2012 03:53:58
749369,REP.VP.2012.RICE,Condoleezza Rice to be Republican VP nominee in 2012,5,2.5,Feb/01/2012 10:21:11
749369,REP.VP.2012.RICE,Condoleezza Rice to be Republican VP nominee in 2012,50,2.5,Feb/03/2012 02:46:08
749369,REP.VP.2012.RICE,Condoleezza Rice to be Republican VP nominee in 2012,1,2.5,Feb/03/2012 02:46:08
749369,REP.VP.2012.RICE,Condoleezza Rice to be Republican VP nominee in 2012,10,2.7,Feb/04/2012 19:50:13
749369,REP.VP.2012.RICE,Condoleezza Rice to be Republican VP nominee in 2012,20,2.7,Feb/04/2012 19:50:42
749369,REP.VP.2012.RICE,Condoleezza Rice to be Republican VP nominee in 2012,20,3.0,Feb/05/2012 00:52:48
749369,REP.VP.2012.RICE,Condoleezza Rice to be Republican VP nominee in 2012,50,3.0,Feb/05/2012 00:52:48
749369,REP.VP.2012.RICE,Condoleezza Rice to be Republican VP nominee in 2012,25,3.0,Feb/05/2012 00:52:48
749369,REP.VP.2012.RICE,Condoleezza Rice to be Republican VP nominee in 2012,1,3.0,Feb/05/2012 00:52:48
749369,REP.VP.2012.RICE,Condoleezza Rice to be Republican VP nominee in 2012,19,2.7,Feb/07/2012 15:45:44
749369,REP.VP.2012.RICE,Condoleezza Rice to be Republican VP nominee in 2012,51,2.7,Feb/07/2012 21:56:42
749369,REP.VP.2012.RICE,Condoleezza Rice to be Republican VP nominee in 2012,24,2.5,Feb/08/2012 03:52:53
749369,REP.VP.2012.RICE,Condoleezza Rice to be Republican VP nominee in 2012,19,2.6,Feb/08/2012 03:52:53
749369,REP.VP.2012.RICE,Condoleezza Rice to be Republican VP nominee in 2012,100,2.4,Feb/08/2012 13:30:49
749369,REP.VP.2012.RICE,Condoleezza Rice to be Republican VP nominee in 2012,38,2.3,Feb/08/2012 13:30:56
749369,REP.VP.2012.RICE,Condoleezza Rice to be Republican VP nominee in 2012,9,2.3,Feb/08/2012 13:31:02
749369,REP.VP.2012.RICE,Condoleezza Rice to be Republican VP nominee in 2012,11,2.2,Feb/08/2012 13:31:06
749369,REP.VP.2012.RICE,Condoleezza Rice to be Republican VP nominee in 2012,50,2.2,Feb/08/2012 13:31:06
749369,REP.VP.2012.RICE,Condoleezza Rice to be Republican VP nominee in 2012,30,2.1,Feb/08/2012 13:31:24
749369,REP.VP.2012.RICE,Condoleezza Rice to be Republican VP nominee in 2012,7,2.5,Feb/09/2012 17:30:27
749369,REP.VP.2012.RICE,Condoleezza Rice to be Republican VP nominee in 2012,1,2.5,Feb/09/2012 17:30:27
749369,REP.VP.2012.RICE,Condoleezza Rice to be Republican VP nominee in 2012,22,2.5,Feb/09/2012 17:30:27
749369,REP.VP.2012.RICE,Condoleezza Rice to be Republican VP nominee in 2012,10,2.2,Feb/11/2012 05:47:51
749369,REP.VP.2012.RICE,Condoleezza Rice to be Republican VP nominee in 2012,60,2.1,Feb/11/2012 05:48:26
749369,REP.VP.2012.RICE,Condoleezza Rice to be Republican VP nominee in 2012,28,2.5,Feb/12/2012 01:06:30
749369,REP.VP.2012.RICE,Condoleezza Rice to be Republican VP nominee in 2012,34,2.4,Feb/12/2012 01:06:30
749369,REP.VP.2012.RICE,Condoleezza Rice to be Republican VP nominee in 2012,1,2.4,Feb/12/2012 01:06:30
749369,REP.VP.2012.RICE,Condoleezza Rice to be Republican VP nominee in 2012,15,2.0,Feb/12/2012 01:06:30
749369,REP.VP.2012.RICE,Condoleezza Rice to be Republican VP nominee in 2012,10,2.3,Feb/12/2012 01:06:30
749369,REP.VP.2012.RICE,Condoleezza Rice to be Republican VP nominee in 2012,1,2.0,Feb/12/2012 01:06:30
749369,REP.VP.2012.RICE,Condoleezza Rice to be Republican VP nominee in 2012,1,2.3,Feb/12/2012 01:06:30
749369,REP.VP.2012.RICE,Condoleezza Rice to be Republican VP nominee in 2012,15,2.5,Feb/13/2012 17:45:33
749369,REP.VP.2012.RICE,Condoleezza Rice to be Republican VP nominee in 2012,5,2.5,Feb/13/2012 19:43:31
749369,REP.VP.2012.RICE,Condoleezza Rice to be Republican VP nominee in 2012,1,2.5,Feb/13/2012 19:43:31
749369,REP.VP.2012.RICE,Condoleezza Rice to be Republican VP nominee in 2012,44,2.5,Feb/13/2012 23:56:03
749369,REP.VP.2012.RICE,Condoleezza Rice to be Republican VP nominee in 2012,6,2.5,Feb/14/2012 05:25:59
749369,REP.VP.2012.RICE,Condoleezza Rice to be Republican VP nominee in 2012,1,2.5,Feb/14/2012 05:25:59
749369,REP.VP.2012.RICE,Condoleezza Rice to be Republican VP nominee in 2012,25,2.5,Feb/16/2012 02:23:24
749369,REP.VP.2012.RICE,Condoleezza Rice to be Republican VP nominee in 2012,17,2.4,Feb/16/2012 02:23:24
749369,REP.VP.2012.RICE,Condoleezza Rice to be Republican VP nominee in 2012,50,2.4,Feb/16/2012 13:15:18
749369,REP.VP.2012.RICE,Condoleezza Rice to be Republican VP nominee in 2012,31,2.0,Feb/17/2012 20:21:10
749369,REP.VP.2012.RICE,Condoleezza Rice to be Republican VP nominee in 2012,51,2.1,Feb/17/2012 20:21:10
749369,REP.VP.2012.RICE,Condoleezza Rice to be Republican VP nominee in 2012,20,2.5,Feb/18/2012 13:10:45
749369,REP.VP.2012.RICE,Condoleezza Rice to be Republican VP nominee in 2012,50,2.4,Feb/18/2012 18:03:29
749369,REP.VP.2012.RICE,Condoleezza Rice to be Republican VP nominee in 2012,2,2.5,Feb/18/2012 21:55:17
749369,REP.VP.2012.RICE,Condoleezza Rice to be Republican VP nominee in 2012,23,2.5,Feb/21/2012 13:32:43
749369,REP.VP.2012.RICE,Condoleezza Rice to be Republican VP nominee in 2012,50,2.5,Feb/23/2012 15:39:30
749369,REP.VP.2012.RICE,Condoleezza Rice to be Republican VP nominee in 2012,2,2.1,Feb/24/2012 01:19:53
749369,REP.VP.2012.RICE,Condoleezza Rice to be Republican VP nominee in 2012,19,2.0,Feb/25/2012 05:18:55
749369,REP.VP.2012.RICE,Condoleezza Rice to be Republican VP nominee in 2012,106,2.0,Feb/25/2012 05:18:55
749369,REP.VP.2012.RICE,Condoleezza Rice to be Republican VP nominee in 2012,16,2.0,Feb/25/2012 21:53:09
749369,REP.VP.2012.RICE,Condoleezza Rice to be Republican VP nominee in 2012,34,2.0,Feb/26/2012 07:06:03
749369,REP.VP.2012.RICE,Condoleezza Rice to be Republican VP nominee in 2012,1,2.0,Feb/28/2012 18:03:44
749369,REP.VP.2012.RICE,Condoleezza Rice to be Republican VP nominee in 2012,24,2.0,Feb/28/2012 19:17:06
749369,REP.VP.2012.RICE,Condoleezza Rice to be Republican VP nominee in 2012,11,1.9,Feb/29/2012 00:48:04
749369,REP.VP.2012.RICE,Condoleezza Rice to be Republican VP nominee in 2012,5,1.8,Feb/29/2012 19:59:28
749369,REP.VP.2012.RICE,Condoleezza Rice to be Republican VP nominee in 2012,10,1.8,Feb/29/2012 19:59:28
749369,REP.VP.2012.RICE,Condoleezza Rice to be Republican VP nominee in 2012,10,1.8,Feb/29/2012 19:59:28
749369,REP.VP.2012.RICE,Condoleezza Rice to be Republican VP nominee in 2012,14,1.9,Mar/01/2012 05:19:36
749369,REP.VP.2012.RICE,Condoleezza Rice to be Republican VP nominee in 2012,1,1.9,Mar/01/2012 05:19:36
749369,REP.VP.2012.RICE,Condoleezza Rice to be Republican VP nominee in 2012,50,1.8,Mar/02/2012 04:07:24
749369,REP.VP.2012.RICE,Condoleezza Rice to be Republican VP nominee in 2012,6,2.0,Mar/05/2012 17:17:13
749369,REP.VP.2012.RICE,Condoleezza Rice to be Republican VP nominee in 2012,19,1.9,Mar/05/2012 17:17:13
749369,REP.VP.2012.RICE,Condoleezza Rice to be Republican VP nominee in 2012,1,1.9,Mar/05/2012 17:17:13
749369,REP.VP.2012.RICE,Condoleezza Rice to be Republican VP nominee in 2012,25,2.0,Mar/05/2012 17:17:13
749369,REP.VP.2012.RICE,Condoleezza Rice to be Republican VP nominee in 2012,50,2.0,Mar/05/2012 17:17:13
749369,REP.VP.2012.RICE,Condoleezza Rice to be Republican VP nominee in 2012,25,2.0,Mar/06/2012 22:50:22
749369,REP.VP.2012.RICE,Condoleezza Rice to be Republican VP nominee in 2012,1,2.1,Mar/07/2012 03:53:54
749369,REP.VP.2012.RICE,Condoleezza Rice to be Republican VP nominee in 2012,12,2.5,Mar/07/2012 21:55:02
749369,REP.VP.2012.RICE,Condoleezza Rice to be Republican VP nominee in 2012,10,2.3,Mar/07/2012 21:55:02
749369,REP.VP.2012.RICE,Condoleezza Rice to be Republican VP nominee in 2012,11,2.2,Mar/07/2012 21:55:02
749369,REP.VP.2012.RICE,Condoleezza Rice to be Republican VP nominee in 2012,14,2.1,Mar/07/2012 21:55:02
749369,REP.VP.2012.RICE,Condoleezza Rice to be Republican VP nominee in 2012,1,2.3,Mar/07/2012 21:55:02
749369,REP.VP.2012.RICE,Condoleezza Rice to be Republican VP nominee in 2012,1,2.1,Mar/07/2012 21:55:02
749369,REP.VP.2012.RICE,Condoleezza Rice to be Republican VP nominee in 2012,13,2.5,Mar/07/2012 21:55:19
749369,REP.VP.2012.RICE,Condoleezza Rice to be Republican VP nominee in 2012,50,2.5,Mar/07/2012 21:55:19
749369,REP.VP.2012.RICE,Condoleezza Rice to be Republican VP nominee in 2012,1,2.5,Mar/07/2012 21:55:19
749369,REP.VP.2012.RICE,Condoleezza Rice to be Republican VP nominee in 2012,11,2.5,Mar/07/2012 23:33:34
749369,REP.VP.2012.RICE,Condoleezza Rice to be Republican VP nominee in 2012,12,2.6,Mar/07/2012 23:33:34
749369,REP.VP.2012.RICE,Condoleezza Rice to be Republican VP nominee in 2012,6,2.1,Mar/08/2012 02:33:27
749369,REP.VP.2012.RICE,Condoleezza Rice to be Republican VP nominee in 2012,4,2.1,Mar/08/2012 02:33:49
749369,REP.VP.2012.RICE,Condoleezza Rice to be Republican VP nominee in 2012,15,2.1,Mar/08/2012 03:32:27
749369,REP.VP.2012.RICE,Condoleezza Rice to be Republican VP nominee in 2012,10,2.1,Mar/09/2012 20:52:57
749369,REP.VP.2012.RICE,Condoleezza Rice to be Republican VP nominee in 2012,1,2.1,Mar/09/2012 20:52:57
749369,REP.VP.2012.RICE,Condoleezza Rice to be Republican VP nominee in 2012,14,2.1,Mar/09/2012 21:06:22
749369,REP.VP.2012.RICE,Condoleezza Rice to be Republican VP nominee in 2012,25,2.0,Mar/09/2012 21:06:22
749369,REP.VP.2012.RICE,Condoleezza Rice to be Republican VP nominee in 2012,11,2.0,Mar/09/2012 21:42:36
749369,REP.VP.2012.RICE,Condoleezza Rice to be Republican VP nominee in 2012,1,2.0,Mar/09/2012 21:42:36
749369,REP.VP.2012.RICE,Condoleezza Rice to be Republican VP nominee in 2012,13,2.0,Mar/10/2012 05:51:39
749369,REP.VP.2012.RICE,Condoleezza Rice to be Republican VP nominee in 2012,5,1.6,Mar/11/2012 21:58:03
749369,REP.VP.2012.RICE,Condoleezza Rice to be Republican VP nominee in 2012,25,1.8,Mar/11/2012 21:58:03
749369,REP.VP.2012.RICE,Condoleezza Rice to be Republican VP nominee in 2012,12,2.0,Mar/12/2012 16:09:40
749369,REP.VP.2012.RICE,Condoleezza Rice to be Republican VP nominee in 2012,1,2.0,Mar/12/2012 16:09:40
749369,REP.VP.2012.RICE,Condoleezza Rice to be Republican VP nominee in 2012,19,2.0,Mar/12/2012 16:09:40
749369,REP.VP.2012.RICE,Condoleezza Rice to be Republican VP nominee in 2012,1,2.0,Mar/14/2012 03:35:14
749369,REP.VP.2012.RICE,Condoleezza Rice to be Republican VP nominee in 2012,1,2.0,Mar/14/2012 03:35:14
749369,REP.VP.2012.RICE,Condoleezza Rice to be Republican VP nominee in 2012,1,1.6,Mar/15/2012 14:42:35
749369,REP.VP.2012.RICE,Condoleezza Rice to be Republican VP nominee in 2012,1,1.5,Mar/15/2012 14:50:36
749369,REP.VP.2012.RICE,Condoleezza Rice to be Republican VP nominee in 2012,49,1.6,Mar/15/2012 14:50:36
749369,REP.VP.2012.RICE,Condoleezza Rice to be Republican VP nominee in 2012,90,1.7,Mar/17/2012 19:29:27
749369,REP.VP.2012.RICE,Condoleezza Rice to be Republican VP nominee in 2012,9,1.7,Mar/18/2012 15:42:08
749369,REP.VP.2012.RICE,Condoleezza Rice to be Republican VP nominee in 2012,2,1.6,Mar/18/2012 20:30:42
749369,REP.VP.2012.RICE,Condoleezza Rice to be Republican VP nominee in 2012,1,1.6,Mar/18/2012 20:30:42
749369,REP.VP.2012.RICE,Condoleezza Rice to be Republican VP nominee in 2012,10,1.6,Mar/20/2012 16:32:51
749369,REP.VP.2012.RICE,Condoleezza Rice to be Republican VP nominee in 2012,1,1.6,Mar/20/2012 16:32:51
749369,REP.VP.2012.RICE,Condoleezza Rice to be Republican VP nominee in 2012,34,1.6,Mar/20/2012 19:44:01
749369,REP.VP.2012.RICE,Condoleezza Rice to be Republican VP nominee in 2012,49,1.5,Mar/20/2012 20:16:22
749369,REP.VP.2012.RICE,Condoleezza Rice to be Republican VP nominee in 2012,15,1.5,Mar/20/2012 20:16:22
749369,REP.VP.2012.RICE,Condoleezza Rice to be Republican VP nominee in 2012,6,1.5,Mar/20/2012 20:16:22
749369,REP.VP.2012.RICE,Condoleezza Rice to be Republican VP nominee in 2012,5,1.6,Mar/20/2012 20:16:22
749369,REP.VP.2012.RICE,Condoleezza Rice to be Republican VP nominee in 2012,155,1.4,Mar/20/2012 20:51:10
749369,REP.VP.2012.RICE,Condoleezza Rice to be Republican VP nominee in 2012,60,1.5,Mar/20/2012 20:51:10
749369,REP.VP.2012.RICE,Condoleezza Rice to be Republican VP nominee in 2012,10,1.5,Mar/21/2012 02:02:31
749369,REP.VP.2012.RICE,Condoleezza Rice to be Republican VP nominee in 2012,40,1.5,Mar/21/2012 14:21:11
749369,REP.VP.2012.RICE,Condoleezza Rice to be Republican VP nominee in 2012,45,1.4,Mar/21/2012 17:07:51
749369,REP.VP.2012.RICE,Condoleezza Rice to be Republican VP nominee in 2012,4,1.2,Mar/21/2012 22:06:41
749369,REP.VP.2012.RICE,Condoleezza Rice to be Republican VP nominee in 2012,15,1.1,Mar/21/2012 22:06:41
749369,REP.VP.2012.RICE,Condoleezza Rice to be Republican VP nominee in 2012,2,1.0,Mar/21/2012 22:37:36
749369,REP.VP.2012.RICE,Condoleezza Rice to be Republican VP nominee in 2012,48,1.0,Mar/21/2012 22:40:10
749369,REP.VP.2012.RICE,Condoleezza Rice to be Republican VP nominee in 2012,2,1.0,Mar/22/2012 07:41:32
749369,REP.VP.2012.RICE,Condoleezza Rice to be Republican VP nominee in 2012,1,1.0,Mar/22/2012 07:41:32
749369,REP.VP.2012.RICE,Condoleezza Rice to be Republican VP nominee in 2012,11,1.1,Mar/22/2012 07:42:03
749369,REP.VP.2012.RICE,Condoleezza Rice to be Republican VP nominee in 2012,2,1.4,Mar/22/2012 10:26:25
749369,REP.VP.2012.RICE,Condoleezza Rice to be Republican VP nominee in 2012,89,1.1,Mar/22/2012 22:53:57
749369,REP.VP.2012.RICE,Condoleezza Rice to be Republican VP nominee in 2012,2,1.0,Mar/23/2012 13:41:52
749369,REP.VP.2012.RICE,Condoleezza Rice to be Republican VP nominee in 2012,8,1.0,Mar/23/2012 13:59:23
749369,REP.VP.2012.RICE,Condoleezza Rice to be Republican VP nominee in 2012,3,1.0,Mar/23/2012 14:00:25
749369,REP.VP.2012.RICE,Condoleezza Rice to be Republican VP nominee in 2012,1,1.0,Mar/23/2012 14:02:28
749369,REP.VP.2012.RICE,Condoleezza Rice to be Republican VP nominee in 2012,1,1.0,Mar/23/2012 14:06:16
749369,REP.VP.2012.RICE,Condoleezza Rice to be Republican VP nominee in 2012,10,1.1,Mar/23/2012 17:17:32
749369,REP.VP.2012.RICE,Condoleezza Rice to be Republican VP nominee in 2012,12,1.0,Mar/25/2012 15:11:17
749369,REP.VP.2012.RICE,Condoleezza Rice to be Republican VP nominee in 2012,70,1.0,Mar/25/2012 15:28:07
749369,REP.VP.2012.RICE,Condoleezza Rice to be Republican VP nominee in 2012,30,1.0,Mar/25/2012 15:28:07
749369,REP.VP.2012.RICE,Condoleezza Rice to be Republican VP nominee in 2012,4,1.0,Mar/25/2012 18:25:56
749369,REP.VP.2012.RICE,Condoleezza Rice to be Republican VP nominee in 2012,66,1.0,Mar/25/2012 20:06:39
749369,REP.VP.2012.RICE,Condoleezza Rice to be Republican VP nominee in 2012,2,0.9,Mar/25/2012 21:57:23
749369,REP.VP.2012.RICE,Condoleezza Rice to be Republican VP nominee in 2012,18,0.9,Mar/26/2012 00:08:11
749369,REP.VP.2012.RICE,Condoleezza Rice to be Republican VP nominee in 2012,1,0.9,Mar/26/2012 00:08:11
749369,REP.VP.2012.RICE,Condoleezza Rice to be Republican VP nominee in 2012,34,1.0,Mar/26/2012 00:08:16
749369,REP.VP.2012.RICE,Condoleezza Rice to be Republican VP nominee in 2012,50,1.0,Mar/26/2012 00:08:16
749369,REP.VP.2012.RICE,Condoleezza Rice to be Republican VP nominee in 2012,1,1.1,Mar/26/2012 00:08:48
749369,REP.VP.2012.RICE,Condoleezza Rice to be Republican VP nominee in 2012,50,1.1,Mar/26/2012 00:08:48
749369,REP.VP.2012.RICE,Condoleezza Rice to be Republican VP nominee in 2012,1,1.1,Mar/26/2012 00:08:48
749369,REP.VP.2012.RICE,Condoleezza Rice to be Republican VP nominee in 2012,65,0.7,Mar/26/2012 19:33:11
749369,REP.VP.2012.RICE,Condoleezza Rice to be Republican VP nominee in 2012,100,0.8,Mar/26/2012 19:33:11
749369,REP.VP.2012.RICE,Condoleezza Rice to be Republican VP nominee in 2012,100,0.8,Mar/26/2012 19:33:11
749369,REP.VP.2012.RICE,Condoleezza Rice to be Republican VP nominee in 2012,100,1.0,Mar/26/2012 20:28:40
749369,REP.VP.2012.RICE,Condoleezza Rice to be Republican VP nominee in 2012,3,0.9,Mar/26/2012 20:28:40
749369,REP.VP.2012.RICE,Condoleezza Rice to be Republican VP nominee in 2012,1,0.9,Mar/26/2012 20:28:40
749369,REP.VP.2012.RICE,Condoleezza Rice to be Republican VP nominee in 2012,5,0.9,Mar/26/2012 20:28:40
749369,REP.VP.2012.RICE,Condoleezza Rice to be Republican VP nominee in 2012,10,0.9,Mar/26/2012 20:28:40
749369,REP.VP.2012.RICE,Condoleezza Rice to be Republican VP nominee in 2012,5,1.0,Mar/26/2012 21:48:09
749369,REP.VP.2012.RICE,Condoleezza Rice to be Republican VP nominee in 2012,1,1.0,Mar/27/2012 14:09:32
749369,REP.VP.2012.RICE,Condoleezza Rice to be Republican VP nominee in 2012,2,1.0,Mar/27/2012 14:09:54
749369,REP.VP.2012.RICE,Condoleezza Rice to be Republican VP nominee in 2012,1,1.0,Mar/27/2012 14:13:06
749369,REP.VP.2012.RICE,Condoleezza Rice to be Republican VP nominee in 2012,1,1.0,Mar/27/2012 14:38:19
749369,REP.VP.2012.RICE,Condoleezza Rice to be Republican VP nominee in 2012,5,1.0,Mar/27/2012 14:46:12
749369,REP.VP.2012.RICE,Condoleezza Rice to be Republican VP nominee in 2012,3,1.0,Mar/27/2012 14:47:16
749369,REP.VP.2012.RICE,Condoleezza Rice to be Republican VP nominee in 2012,2,1.1,Mar/27/2012 14:48:20
749369,REP.VP.2012.RICE,Condoleezza Rice to be Republican VP nominee in 2012,3,1.1,Mar/27/2012 14:49:12
749369,REP.VP.2012.RICE,Condoleezza Rice to be Republican VP nominee in 2012,7,1.1,Mar/27/2012 14:51:34
749369,REP.VP.2012.RICE,Condoleezza Rice to be Republican VP nominee in 2012,7,1.1,Mar/27/2012 14:52:06
749369,REP.VP.2012.RICE,Condoleezza Rice to be Republican VP nominee in 2012,8,1.1,Mar/27/2012 14:52:26
749369,REP.VP.2012.RICE,Condoleezza Rice to be Republican VP nominee in 2012,8,1.1,Mar/27/2012 14:52:57
749369,REP.VP.2012.RICE,Condoleezza Rice to be Republican VP nominee in 2012,2,1.1,Mar/27/2012 14:53:18
749369,REP.VP.2012.RICE,Condoleezza Rice to be Republican VP nominee in 2012,1,1.1,Mar/27/2012 14:53:49
749369,REP.VP.2012.RICE,Condoleezza Rice to be Republican VP nominee in 2012,9,1.1,Mar/27/2012 14:55:05
749369,REP.VP.2012.RICE,Condoleezza Rice to be Republican VP nominee in 2012,3,1.1,Mar/27/2012 14:56:24
749369,REP.VP.2012.RICE,Condoleezza Rice to be Republican VP nominee in 2012,3,1.1,Mar/27/2012 14:56:24
749369,REP.VP.2012.RICE,Condoleezza Rice to be Republican VP nominee in 2012,4,1.1,Mar/27/2012 14:56:47
749369,REP.VP.2012.RICE,Condoleezza Rice to be Republican VP nominee in 2012,9,1.1,Mar/27/2012 14:58:31
749369,REP.VP.2012.RICE,Condoleezza Rice to be Republican VP nominee in 2012,5,1.1,Mar/27/2012 14:58:54
749369,REP.VP.2012.RICE,Condoleezza Rice to be Republican VP nominee in 2012,3,1.1,Mar/27/2012 14:59:57
749369,REP.VP.2012.RICE,Condoleezza Rice to be Republican VP nominee in 2012,1,1.1,Mar/27/2012 15:20:34
749369,REP.VP.2012.RICE,Condoleezza Rice to be Republican VP nominee in 2012,1,1.1,Mar/27/2012 15:52:39
749369,REP.VP.2012.RICE,Condoleezza Rice to be Republican VP nominee in 2012,1,1.1,Mar/27/2012 16:06:11
749369,REP.VP.2012.RICE,Condoleezza Rice to be Republican VP nominee in 2012,3,1.1,Mar/27/2012 19:03:52
749369,REP.VP.2012.RICE,Condoleezza Rice to be Republican VP nominee in 2012,20,1.1,Mar/27/2012 23:43:10
749369,REP.VP.2012.RICE,Condoleezza Rice to be Republican VP nominee in 2012,20,1.1,Mar/28/2012 01:11:59
749369,REP.VP.2012.RICE,Condoleezza Rice to be Republican VP nominee in 2012,1,1.1,Mar/28/2012 01:11:59
749369,REP.VP.2012.RICE,Condoleezza Rice to be Republican VP nominee in 2012,63,1.0,Mar/28/2012 04:21:50
749369,REP.VP.2012.RICE,Condoleezza Rice to be Republican VP nominee in 2012,37,1.0,Mar/28/2012 04:30:53
749369,REP.VP.2012.RICE,Condoleezza Rice to be Republican VP nominee in 2012,1,1.0,Mar/28/2012 04:30:53
749369,REP.VP.2012.RICE,Condoleezza Rice to be Republican VP nominee in 2012,12,1.0,Mar/29/2012 16:27:33
749369,REP.VP.2012.RICE,Condoleezza Rice to be Republican VP nominee in 2012,74,1.0,Mar/29/2012 17:01:43
749369,REP.VP.2012.RICE,Condoleezza Rice to be Republican VP nominee in 2012,14,1.0,Mar/29/2012 18:06:23
749369,REP.VP.2012.RICE,Condoleezza Rice to be Republican VP nominee in 2012,1,1.0,Mar/29/2012 18:06:23
749369,REP.VP.2012.RICE,Condoleezza Rice to be Republican VP nominee in 2012,2,1.3,Mar/30/2012 01:30:32
749369,REP.VP.2012.RICE,Condoleezza Rice to be Republican VP nominee in 2012,3,1.3,Mar/30/2012 01:30:32
749369,REP.VP.2012.RICE,Condoleezza Rice to be Republican VP nominee in 2012,1,1.3,Mar/30/2012 01:30:32
749369,REP.VP.2012.RICE,Condoleezza Rice to be Republican VP nominee in 2012,2,1.1,Mar/31/2012 03:15:15
749369,REP.VP.2012.RICE,Condoleezza Rice to be Republican VP nominee in 2012,48,1.1,Mar/31/2012 11:53:22
749369,REP.VP.2012.RICE,Condoleezza Rice to be Republican VP nominee in 2012,1,1.1,Mar/31/2012 11:53:22
749369,REP.VP.2012.RICE,Condoleezza Rice to be Republican VP nominee in 2012,20,1.1,Mar/31/2012 22:55:18
749369,REP.VP.2012.RICE,Condoleezza Rice to be Republican VP nominee in 2012,30,1.1,Apr/01/2012 02:39:26
749369,REP.VP.2012.RICE,Condoleezza Rice to be Republican VP nominee in 2012,1,1.1,Apr/01/2012 02:39:26
749369,REP.VP.2012.RICE,Condoleezza Rice to be Republican VP nominee in 2012,2,1.2,Apr/01/2012 15:01:48
749369,REP.VP.2012.RICE,Condoleezza Rice to be Republican VP nominee in 2012,25,1.2,Apr/01/2012 15:01:48
749369,REP.VP.2012.RICE,Condoleezza Rice to be Republican VP nominee in 2012,1,1.2,Apr/01/2012 15:01:48
749369,REP.VP.2012.RICE,Condoleezza Rice to be Republican VP nominee in 2012,50,1.3,Apr/02/2012 17:19:31
749369,REP.VP.2012.RICE,Condoleezza Rice to be Republican VP nominee in 2012,1,1.3,Apr/02/2012 17:19:31
749369,REP.VP.2012.RICE,Condoleezza Rice to be Republican VP nominee in 2012,25,1.3,Apr/03/2012 00:04:54
749369,REP.VP.2012.RICE,Condoleezza Rice to be Republican VP nominee in 2012,17,1.4,Apr/03/2012 00:06:22
749369,REP.VP.2012.RICE,Condoleezza Rice to be Republican VP nominee in 2012,3,1.4,Apr/03/2012 00:06:22
749369,REP.VP.2012.RICE,Condoleezza Rice to be Republican VP nominee in 2012,1,1.4,Apr/03/2012 00:06:22
749369,REP.VP.2012.RICE,Condoleezza Rice to be Republican VP nominee in 2012,9,1.4,Apr/03/2012 20:45:49
749369,REP.VP.2012.RICE,Condoleezza Rice to be Republican VP nominee in 2012,11,1.3,Apr/03/2012 22:55:51
749369,REP.VP.2012.RICE,Condoleezza Rice to be Republican VP nominee in 2012,10,1.5,Apr/04/2012 03:20:58
749369,REP.VP.2012.RICE,Condoleezza Rice to be Republican VP nominee in 2012,39,1.5,Apr/04/2012 03:20:58
749369,REP.VP.2012.RICE,Condoleezza Rice to be Republican VP nominee in 2012,3,1.5,Apr/04/2012 04:18:34
749369,REP.VP.2012.RICE,Condoleezza Rice to be Republican VP nominee in 2012,8,1.5,Apr/04/2012 14:26:22
749369,REP.VP.2012.RICE,Condoleezza Rice to be Republican VP nominee in 2012,100,1.5,Apr/04/2012 14:26:22
749369,REP.VP.2012.RICE,Condoleezza Rice to be Republican VP nominee in 2012,1,1.5,Apr/04/2012 14:26:22
749369,REP.VP.2012.RICE,Condoleezza Rice to be Republican VP nominee in 2012,50,1.8,Apr/04/2012 15:02:05
749369,REP.VP.2012.RICE,Condoleezza Rice to be Republican VP nominee in 2012,11,1.7,Apr/04/2012 15:02:05
749369,REP.VP.2012.RICE,Condoleezza Rice to be Republican VP nominee in 2012,1,1.7,Apr/04/2012 15:02:05
749369,REP.VP.2012.RICE,Condoleezza Rice to be Republican VP nominee in 2012,5,1.7,Apr/04/2012 15:02:05
749369,REP.VP.2012.RICE,Condoleezza Rice to be Republican VP nominee in 2012,30,1.5,Apr/04/2012 15:23:16
749369,REP.VP.2012.RICE,Condoleezza Rice to be Republican VP nominee in 2012,10,1.5,Apr/04/2012 15:52:12
749369,REP.VP.2012.RICE,Condoleezza Rice to be Republican VP nominee in 2012,50,2.0,Apr/04/2012 15:53:24
749369,REP.VP.2012.RICE,Condoleezza Rice to be Republican VP nominee in 2012,25,2.0,Apr/04/2012 15:53:24
749369,REP.VP.2012.RICE,Condoleezza Rice to be Republican VP nominee in 2012,1,2.0,Apr/04/2012 15:53:24
749369,REP.VP.2012.RICE,Condoleezza Rice to be Republican VP nominee in 2012,4,2.0,Apr/04/2012 15:53:24
749369,REP.VP.2012.RICE,Condoleezza Rice to be Republican VP nominee in 2012,10,2.0,Apr/04/2012 15:55:44
749369,REP.VP.2012.RICE,Condoleezza Rice to be Republican VP nominee in 2012,5,1.3,Apr/04/2012 16:12:03
749369,REP.VP.2012.RICE,Condoleezza Rice to be Republican VP nominee in 2012,36,2.0,Apr/04/2012 17:40:15
749369,REP.VP.2012.RICE,Condoleezza Rice to be Republican VP nominee in 2012,100,2.0,Apr/04/2012 17:40:15
749369,REP.VP.2012.RICE,Condoleezza Rice to be Republican VP nominee in 2012,50,2.0,Apr/04/2012 17:40:15
749369,REP.VP.2012.RICE,Condoleezza Rice to be Republican VP nominee in 2012,50,2.0,Apr/04/2012 17:40:15
749369,REP.VP.2012.RICE,Condoleezza Rice to be Republican VP nominee in 2012,50,2.0,Apr/04/2012 17:40:15
749369,REP.VP.2012.RICE,Condoleezza Rice to be Republican VP nominee in 2012,50,1.9,Apr/04/2012 17:40:15
749369,REP.VP.2012.RICE,Condoleezza Rice to be Republican VP nominee in 2012,20,1.8,Apr/04/2012 17:40:15
749369,REP.VP.2012.RICE,Condoleezza Rice to be Republican VP nominee in 2012,25,1.5,Apr/04/2012 17:40:15
749369,REP.VP.2012.RICE,Condoleezza Rice to be Republican VP nominee in 2012,25,1.7,Apr/04/2012 17:40:15
749369,REP.VP.2012.RICE,Condoleezza Rice to be Republican VP nominee in 2012,1,1.5,Apr/04/2012 17:40:15
749369,REP.VP.2012.RICE,Condoleezza Rice to be Republican VP nominee in 2012,1,1.7,Apr/04/2012 17:40:15
749369,REP.VP.2012.RICE,Condoleezza Rice to be Republican VP nominee in 2012,1,1.9,Apr/04/2012 17:40:15
749369,REP.VP.2012.RICE,Condoleezza Rice to be Republican VP nominee in 2012,295,2.0,Apr/04/2012 17:41:36
749369,REP.VP.2012.RICE,Condoleezza Rice to be Republican VP nominee in 2012,129,2.0,Apr/04/2012 18:19:06
749369,REP.VP.2012.RICE,Condoleezza Rice to be Republican VP nominee in 2012,15,1.5,Apr/05/2012 02:19:43
749369,REP.VP.2012.RICE,Condoleezza Rice to be Republican VP nominee in 2012,2,1.5,Apr/05/2012 04:09:50
749369,REP.VP.2012.RICE,Condoleezza Rice to be Republican VP nominee in 2012,8,1.5,Apr/05/2012 06:49:59
749369,REP.VP.2012.RICE,Condoleezza Rice to be Republican VP nominee in 2012,1,1.5,Apr/05/2012 06:49:59
749369,REP.VP.2012.RICE,Condoleezza Rice to be Republican VP nominee in 2012,20,1.7,Apr/05/2012 17:02:46
749369,REP.VP.2012.RICE,Condoleezza Rice to be Republican VP nominee in 2012,1,1.8,Apr/05/2012 17:10:26
749369,REP.VP.2012.RICE,Condoleezza Rice to be Republican VP nominee in 2012,1,1.7,Apr/06/2012 02:19:00
749369,REP.VP.2012.RICE,Condoleezza Rice to be Republican VP nominee in 2012,9,1.7,Apr/06/2012 02:34:51
749369,REP.VP.2012.RICE,Condoleezza Rice to be Republican VP nominee in 2012,1,1.7,Apr/06/2012 02:34:51
749369,REP.VP.2012.RICE,Condoleezza Rice to be Republican VP nominee in 2012,24,1.8,Apr/06/2012 02:35:06
749369,REP.VP.2012.RICE,Condoleezza Rice to be Republican VP nominee in 2012,66,2.0,Apr/06/2012 02:35:24
749369,REP.VP.2012.RICE,Condoleezza Rice to be Republican VP nominee in 2012,2,2.0,Apr/06/2012 22:20:19
749369,REP.VP.2012.RICE,Condoleezza Rice to be Republican VP nominee in 2012,1,2.0,Apr/06/2012 22:20:19
749369,REP.VP.2012.RICE,Condoleezza Rice to be Republican VP nominee in 2012,100,2.0,Apr/06/2012 22:20:19
749369,REP.VP.2012.RICE,Condoleezza Rice to be Republican VP nominee in 2012,5,2.3,Apr/06/2012 22:21:20
749369,REP.VP.2012.RICE,Condoleezza Rice to be Republican VP nominee in 2012,50,2.3,Apr/06/2012 22:21:20
749369,REP.VP.2012.RICE,Condoleezza Rice to be Republican VP nominee in 2012,1,2.3,Apr/06/2012 22:21:20
749369,REP.VP.2012.RICE,Condoleezza Rice to be Republican VP nominee in 2012,1,1.2,Apr/07/2012 18:24:21
749369,REP.VP.2012.RICE,Condoleezza Rice to be Republican VP nominee in 2012,5,1.3,Apr/07/2012 18:24:21
749369,REP.VP.2012.RICE,Condoleezza Rice to be Republican VP nominee in 2012,20,1.4,Apr/08/2012 04:17:54
749369,REP.VP.2012.RICE,Condoleezza Rice to be Republican VP nominee in 2012,10,1.5,Apr/09/2012 01:02:59
749369,REP.VP.2012.RICE,Condoleezza Rice to be Republican VP nominee in 2012,1,1.4,Apr/09/2012 13:56:12
749369,REP.VP.2012.RICE,Condoleezza Rice to be Republican VP nominee in 2012,5,1.4,Apr/09/2012 14:23:17
749369,REP.VP.2012.RICE,Condoleezza Rice to be Republican VP nominee in 2012,5,1.4,Apr/09/2012 14:23:38
749369,REP.VP.2012.RICE,Condoleezza Rice to be Republican VP nominee in 2012,5,1.4,Apr/09/2012 14:26:48
749369,REP.VP.2012.RICE,Condoleezza Rice to be Republican VP nominee in 2012,64,1.4,Apr/09/2012 14:27:21
749369,REP.VP.2012.RICE,Condoleezza Rice to be Republican VP nominee in 2012,4,1.3,Apr/09/2012 14:32:03
749369,REP.VP.2012.RICE,Condoleezza Rice to be Republican VP nominee in 2012,18,1.3,Apr/09/2012 14:32:34
749369,REP.VP.2012.RICE,Condoleezza Rice to be Republican VP nominee in 2012,28,1.3,Apr/09/2012 16:24:25
749369,REP.VP.2012.RICE,Condoleezza Rice to be Republican VP nominee in 2012,20,1.2,Apr/09/2012 16:24:37
749369,REP.VP.2012.RICE,Condoleezza Rice to be Republican VP nominee in 2012,51,1.2,Apr/09/2012 16:24:52
749369,REP.VP.2012.RICE,Condoleezza Rice to be Republican VP nominee in 2012,15,1.5,Apr/09/2012 16:32:26
749369,REP.VP.2012.RICE,Condoleezza Rice to be Republican VP nominee in 2012,1,1.5,Apr/09/2012 16:32:26
749369,REP.VP.2012.RICE,Condoleezza Rice to be Republican VP nominee in 2012,4,1.5,Apr/09/2012 16:32:26
749369,REP.VP.2012.RICE,Condoleezza Rice to be Republican VP nominee in 2012,10,1.5,Apr/09/2012 16:32:26
749369,REP.VP.2012.RICE,Condoleezza Rice to be Republican VP nominee in 2012,90,1.5,Apr/09/2012 17:44:00
749369,REP.VP.2012.RICE,Condoleezza Rice to be Republican VP nominee in 2012,100,1.5,Apr/09/2012 17:44:00
749369,REP.VP.2012.RICE,Condoleezza Rice to be Republican VP nominee in 2012,1,1.5,Apr/09/2012 17:44:00
749369,REP.VP.2012.RICE,Condoleezza Rice to be Republican VP nominee in 2012,9,1.5,Apr/09/2012 19:47:57
749369,REP.VP.2012.RICE,Condoleezza Rice to be Republican VP nominee in 2012,5,1.4,Apr/10/2012 02:49:21
749369,REP.VP.2012.RICE,Condoleezza Rice to be Republican VP nominee in 2012,1,1.4,Apr/10/2012 02:49:21
749369,REP.VP.2012.RICE,Condoleezza Rice to be Republican VP nominee in 2012,128,1.5,Apr/10/2012 02:50:45
749369,REP.VP.2012.RICE,Condoleezza Rice to be Republican VP nominee in 2012,1,1.5,Apr/10/2012 02:50:45
749369,REP.VP.2012.RICE,Condoleezza Rice to be Republican VP nominee in 2012,20,1.8,Apr/10/2012 12:22:35
749369,REP.VP.2012.RICE,Condoleezza Rice to be Republican VP nominee in 2012,10,1.4,Apr/11/2012 14:36:54
749369,REP.VP.2012.RICE,Condoleezza Rice to be Republican VP nominee in 2012,15,1.4,Apr/11/2012 14:36:54
749369,REP.VP.2012.RICE,Condoleezza Rice to be Republican VP nominee in 2012,1,1.4,Apr/11/2012 19:35:08
749369,REP.VP.2012.RICE,Condoleezza Rice to be Republican VP nominee in 2012,3,1.4,Apr/11/2012 19:36:53
749369,REP.VP.2012.RICE,Condoleezza Rice to be Republican VP nominee in 2012,4,1.6,Apr/11/2012 20:14:36
749369,REP.VP.2012.RICE,Condoleezza Rice to be Republican VP nominee in 2012,1,1.6,Apr/11/2012 20:14:36
749369,REP.VP.2012.RICE,Condoleezza Rice to be Republican VP nominee in 2012,11,1.4,Apr/11/2012 20:32:47
749369,REP.VP.2012.RICE,Condoleezza Rice to be Republican VP nominee in 2012,20,1.3,Apr/11/2012 21:21:18
749369,REP.VP.2012.RICE,Condoleezza Rice to be Republican VP nominee in 2012,15,1.3,Apr/11/2012 21:22:57
749369,REP.VP.2012.RICE,Condoleezza Rice to be Republican VP nominee in 2012,9,1.2,Apr/12/2012 04:11:54
749369,REP.VP.2012.RICE,Condoleezza Rice to be Republican VP nominee in 2012,1,1.2,Apr/12/2012 04:11:54
749369,REP.VP.2012.RICE,Condoleezza Rice to be Republican VP nominee in 2012,100,1.5,Apr/12/2012 22:53:35
749369,REP.VP.2012.RICE,Condoleezza Rice to be Republican VP nominee in 2012,1,1.5,Apr/12/2012 22:53:35
749369,REP.VP.2012.RICE,Condoleezza Rice to be Republican VP nominee in 2012,300,1.7,Apr/12/2012 23:03:12
749369,REP.VP.2012.RICE,Condoleezza Rice to be Republican VP nominee in 2012,50,1.6,Apr/12/2012 23:03:12
749369,REP.VP.2012.RICE,Condoleezza Rice to be Republican VP nominee in 2012,24,1.5,Apr/13/2012 03:54:38
749369,REP.VP.2012.RICE,Condoleezza Rice to be Republican VP nominee in 2012,1,1.5,Apr/13/2012 04:17:23
749369,REP.VP.2012.RICE,Condoleezza Rice to be Republican VP nominee in 2012,1,1.5,Apr/13/2012 14:31:37
749369,REP.VP.2012.RICE,Condoleezza Rice to be Republican VP nominee in 2012,1,1.4,Apr/14/2012 05:47:28
749369,REP.VP.2012.RICE,Condoleezza Rice to be Republican VP nominee in 2012,50,1.3,Apr/14/2012 05:57:44
749369,REP.VP.2012.RICE,Condoleezza Rice to be Republican VP nominee in 2012,50,1.3,Apr/14/2012 21:50:16
749369,REP.VP.2012.RICE,Condoleezza Rice to be Republican VP nominee in 2012,1,1.3,Apr/14/2012 21:50:16
749369,REP.VP.2012.RICE,Condoleezza Rice to be Republican VP nominee in 2012,4,1.4,Apr/15/2012 04:42:28
749369,REP.VP.2012.RICE,Condoleezza Rice to be Republican VP nominee in 2012,1,1.4,Apr/15/2012 04:42:28
749369,REP.VP.2012.RICE,Condoleezza Rice to be Republican VP nominee in 2012,41,1.2,Apr/17/2012 14:10:26
749369,REP.VP.2012.RICE,Condoleezza Rice to be Republican VP nominee in 2012,1,1.1,Apr/18/2012 03:43:32
749369,REP.VP.2012.RICE,Condoleezza Rice to be Republican VP nominee in 2012,17,1.1,Apr/18/2012 03:43:32
749369,REP.VP.2012.RICE,Condoleezza Rice to be Republican VP nominee in 2012,9,1.2,Apr/18/2012 03:43:32
749369,REP.VP.2012.RICE,Condoleezza Rice to be Republican VP nominee in 2012,50,1.0,Apr/18/2012 03:43:32
749369,REP.VP.2012.RICE,Condoleezza Rice to be Republican VP nominee in 2012,5,1.1,Apr/18/2012 03:43:32
749369,REP.VP.2012.RICE,Condoleezza Rice to be Republican VP nominee in 2012,1,1.0,Apr/18/2012 14:01:33
749369,REP.VP.2012.RICE,Condoleezza Rice to be Republican VP nominee in 2012,17,1.0,Apr/18/2012 22:10:22
749369,REP.VP.2012.RICE,Condoleezza Rice to be Republican VP nominee in 2012,1,1.0,Apr/18/2012 22:10:22
749369,REP.VP.2012.RICE,Condoleezza Rice to be Republican VP nominee in 2012,23,1.4,Apr/18/2012 23:27:36
749369,REP.VP.2012.RICE,Condoleezza Rice to be Republican VP nominee in 2012,1,1.4,Apr/18/2012 23:27:36
749369,REP.VP.2012.RICE,Condoleezza Rice to be Republican VP nominee in 2012,74,1.5,Apr/18/2012 23:27:54
749369,REP.VP.2012.RICE,Condoleezza Rice to be Republican VP nominee in 2012,5,1.5,Apr/18/2012 23:27:54
749369,REP.VP.2012.RICE,Condoleezza Rice to be Republican VP nominee in 2012,1,1.5,Apr/18/2012 23:27:54
749369,REP.VP.2012.RICE,Condoleezza Rice to be Republican VP nominee in 2012,5,1.8,Apr/18/2012 23:28:59
749369,REP.VP.2012.RICE,Condoleezza Rice to be Republican VP nominee in 2012,3,1.8,Apr/18/2012 23:28:59
749369,REP.VP.2012.RICE,Condoleezza Rice to be Republican VP nominee in 2012,50,1.9,Apr/18/2012 23:29:41
749369,REP.VP.2012.RICE,Condoleezza Rice to be Republican VP nominee in 2012,50,2.0,Apr/18/2012 23:29:59
749369,REP.VP.2012.RICE,Condoleezza Rice to be Republican VP nominee in 2012,100,2.0,Apr/18/2012 23:29:59
749369,REP.VP.2012.RICE,Condoleezza Rice to be Republican VP nominee in 2012,2,2.0,Apr/18/2012 23:29:59
749369,REP.VP.2012.RICE,Condoleezza Rice to be Republican VP nominee in 2012,45,2.4,Apr/18/2012 23:30:13
749369,REP.VP.2012.RICE,Condoleezza Rice to be Republican VP nominee in 2012,4,2.4,Apr/18/2012 23:30:13
749369,REP.VP.2012.RICE,Condoleezza Rice to be Republican VP nominee in 2012,25,2.5,Apr/18/2012 23:31:38
749369,REP.VP.2012.RICE,Condoleezza Rice to be Republican VP nominee in 2012,1,2.5,Apr/18/2012 23:31:38
749369,REP.VP.2012.RICE,Condoleezza Rice to be Republican VP nominee in 2012,50,2.8,Apr/18/2012 23:32:40
749369,REP.VP.2012.RICE,Condoleezza Rice to be Republican VP nominee in 2012,3,2.8,Apr/18/2012 23:32:40
749369,REP.VP.2012.RICE,Condoleezza Rice to be Republican VP nominee in 2012,10,2.9,Apr/18/2012 23:32:53
749369,REP.VP.2012.RICE,Condoleezza Rice to be Republican VP nominee in 2012,50,2.9,Apr/18/2012 23:32:53
749369,REP.VP.2012.RICE,Condoleezza Rice to be Republican VP nominee in 2012,1,2.9,Apr/18/2012 23:32:53
749369,REP.VP.2012.RICE,Condoleezza Rice to be Republican VP nominee in 2012,50,3.0,Apr/18/2012 23:33:37
749369,REP.VP.2012.RICE,Condoleezza Rice to be Republican VP nominee in 2012,25,3.0,Apr/18/2012 23:33:37
749369,REP.VP.2012.RICE,Condoleezza Rice to be Republican VP nominee in 2012,1,3.0,Apr/18/2012 23:33:37
749369,REP.VP.2012.RICE,Condoleezza Rice to be Republican VP nominee in 2012,5,3.2,Apr/18/2012 23:33:49
749369,REP.VP.2012.RICE,Condoleezza Rice to be Republican VP nominee in 2012,2,3.2,Apr/18/2012 23:33:49
749369,REP.VP.2012.RICE,Condoleezza Rice to be Republican VP nominee in 2012,50,3.5,Apr/18/2012 23:34:31
749369,REP.VP.2012.RICE,Condoleezza Rice to be Republican VP nominee in 2012,3,3.5,Apr/18/2012 23:34:31
749369,REP.VP.2012.RICE,Condoleezza Rice to be Republican VP nominee in 2012,5,3.9,Apr/18/2012 23:35:11
749369,REP.VP.2012.RICE,Condoleezza Rice to be Republican VP nominee in 2012,50,3.9,Apr/18/2012 23:35:11
749369,REP.VP.2012.RICE,Condoleezza Rice to be Republican VP nominee in 2012,4,3.9,Apr/18/2012 23:35:11
749369,REP.VP.2012.RICE,Condoleezza Rice to be Republican VP nominee in 2012,25,4.0,Apr/18/2012 23:35:56
749369,REP.VP.2012.RICE,Condoleezza Rice to be Republican VP nominee in 2012,1,4.0,Apr/18/2012 23:35:56
749369,REP.VP.2012.RICE,Condoleezza Rice to be Republican VP nominee in 2012,5,4.4,Apr/18/2012 23:36:08
749369,REP.VP.2012.RICE,Condoleezza Rice to be Republican VP nominee in 2012,4,4.4,Apr/18/2012 23:36:08
749369,REP.VP.2012.RICE,Condoleezza Rice to be Republican VP nominee in 2012,25,4.5,Apr/18/2012 23:36:50
749369,REP.VP.2012.RICE,Condoleezza Rice to be Republican VP nominee in 2012,6,4.9,Apr/18/2012 23:37:18
749369,REP.VP.2012.RICE,Condoleezza Rice to be Republican VP nominee in 2012,2,4.8,Apr/18/2012 23:37:18
749369,REP.VP.2012.RICE,Condoleezza Rice to be Republican VP nominee in 2012,50,5.0,Apr/18/2012 23:38:35
749369,REP.VP.2012.RICE,Condoleezza Rice to be Republican VP nominee in 2012,100,5.0,Apr/18/2012 23:38:35
749369,REP.VP.2012.RICE,Condoleezza Rice to be Republican VP nominee in 2012,30,5.0,Apr/18/2012 23:38:35
749369,REP.VP.2012.RICE,Condoleezza Rice to be Republican VP nominee in 2012,4,4.5,Apr/18/2012 23:39:13
749369,REP.VP.2012.RICE,Condoleezza Rice to be Republican VP nominee in 2012,6,4.5,Apr/19/2012 01:19:54
749369,REP.VP.2012.RICE,Condoleezza Rice to be Republican VP nominee in 2012,1,4.5,Apr/19/2012 01:19:54
749369,REP.VP.2012.RICE,Condoleezza Rice to be Republican VP nominee in 2012,33,4.5,Apr/19/2012 01:19:54
749369,REP.VP.2012.RICE,Condoleezza Rice to be Republican VP nominee in 2012,100,2.4,Apr/19/2012 16:21:09
749369,REP.VP.2012.RICE,Condoleezza Rice to be Republican VP nominee in 2012,10,2.4,Apr/19/2012 16:54:30
749369,REP.VP.2012.RICE,Condoleezza Rice to be Republican VP nominee in 2012,10,2.4,Apr/19/2012 16:54:53
749369,REP.VP.2012.RICE,Condoleezza Rice to be Republican VP nominee in 2012,500,2.5,Apr/19/2012 16:55:20
749369,REP.VP.2012.RICE,Condoleezza Rice to be Republican VP nominee in 2012,1,2.5,Apr/19/2012 16:55:20
749369,REP.VP.2012.RICE,Condoleezza Rice to be Republican VP nominee in 2012,80,2.4,Apr/19/2012 16:55:20
749369,REP.VP.2012.RICE,Condoleezza Rice to be Republican VP nominee in 2012,1,2.4,Apr/19/2012 16:55:20
749369,REP.VP.2012.RICE,Condoleezza Rice to be Republican VP nominee in 2012,6,2.5,Apr/19/2012 16:57:17
749369,REP.VP.2012.RICE,Condoleezza Rice to be Republican VP nominee in 2012,10,2.9,Apr/19/2012 18:02:17
749369,REP.VP.2012.RICE,Condoleezza Rice to be Republican VP nominee in 2012,1,2.9,Apr/19/2012 18:02:17
749369,REP.VP.2012.RICE,Condoleezza Rice to be Republican VP nominee in 2012,25,3.0,Apr/19/2012 18:05:02
749369,REP.VP.2012.RICE,Condoleezza Rice to be Republican VP nominee in 2012,1,3.0,Apr/19/2012 18:05:02
749369,REP.VP.2012.RICE,Condoleezza Rice to be Republican VP nominee in 2012,10,3.5,Apr/19/2012 18:17:21
749369,REP.VP.2012.RICE,Condoleezza Rice to be Republican VP nominee in 2012,4,3.5,Apr/19/2012 19:17:02
749369,REP.VP.2012.RICE,Condoleezza Rice to be Republican VP nominee in 2012,3,3.0,Apr/19/2012 20:56:28
749369,REP.VP.2012.RICE,Condoleezza Rice to be Republican VP nominee in 2012,1,2.6,Apr/19/2012 22:01:03
749369,REP.VP.2012.RICE,Condoleezza Rice to be Republican VP nominee in 2012,2,2.6,Apr/19/2012 22:01:03
749369,REP.VP.2012.RICE,Condoleezza Rice to be Republican VP nominee in 2012,9,2.5,Apr/19/2012 22:02:08
749369,REP.VP.2012.RICE,Condoleezza Rice to be Republican VP nominee in 2012,11,3.5,Apr/20/2012 06:42:35
749369,REP.VP.2012.RICE,Condoleezza Rice to be Republican VP nominee in 2012,1,3.5,Apr/20/2012 06:42:35
749369,REP.VP.2012.RICE,Condoleezza Rice to be Republican VP nominee in 2012,67,3.5,Apr/20/2012 06:42:35
749369,REP.VP.2012.RICE,Condoleezza Rice to be Republican VP nominee in 2012,100,3.9,Apr/20/2012 16:49:38
749369,REP.VP.2012.RICE,Condoleezza Rice to be Republican VP nominee in 2012,94,3.0,Apr/20/2012 21:05:34
749369,REP.VP.2012.RICE,Condoleezza Rice to be Republican VP nominee in 2012,1,3.0,Apr/20/2012 21:32:56
749369,REP.VP.2012.RICE,Condoleezza Rice to be Republican VP nominee in 2012,1,2.5,Apr/21/2012 06:01:39
749369,REP.VP.2012.RICE,Condoleezza Rice to be Republican VP nominee in 2012,2,2.5,Apr/21/2012 06:19:25
749369,REP.VP.2012.RICE,Condoleezza Rice to be Republican VP nominee in 2012,1,2.5,Apr/21/2012 07:23:13
749369,REP.VP.2012.RICE,Condoleezza Rice to be Republican VP nominee in 2012,25,3.0,Apr/21/2012 12:04:19
749369,REP.VP.2012.RICE,Condoleezza Rice to be Republican VP nominee in 2012,1,3.0,Apr/21/2012 12:04:19
749369,REP.VP.2012.RICE,Condoleezza Rice to be Republican VP nominee in 2012,4,3.0,Apr/21/2012 12:04:19
749369,REP.VP.2012.RICE,Condoleezza Rice to be Republican VP nominee in 2012,5,3.0,Apr/21/2012 14:37:43
749369,REP.VP.2012.RICE,Condoleezza Rice to be Republican VP nominee in 2012,18,4.0,Apr/21/2012 16:37:15
749369,REP.VP.2012.RICE,Condoleezza Rice to be Republican VP nominee in 2012,22,3.9,Apr/21/2012 16:37:15
749369,REP.VP.2012.RICE,Condoleezza Rice to be Republican VP nominee in 2012,1,3.9,Apr/21/2012 16:37:15
749369,REP.VP.2012.RICE,Condoleezza Rice to be Republican VP nominee in 2012,1,3.8,Apr/21/2012 16:37:15
749369,REP.VP.2012.RICE,Condoleezza Rice to be Republican VP nominee in 2012,4,3.8,Apr/21/2012 16:37:15
749369,REP.VP.2012.RICE,Condoleezza Rice to be Republican VP nominee in 2012,25,3.5,Apr/21/2012 16:37:15
749369,REP.VP.2012.RICE,Condoleezza Rice to be Republican VP nominee in 2012,3,3.8,Apr/21/2012 16:37:15
749369,REP.VP.2012.RICE,Condoleezza Rice to be Republican VP nominee in 2012,1,3.5,Apr/21/2012 16:37:15
749369,REP.VP.2012.RICE,Condoleezza Rice to be Republican VP nominee in 2012,25,3.5,Apr/21/2012 16:37:15
749369,REP.VP.2012.RICE,Condoleezza Rice to be Republican VP nominee in 2012,100,3.9,Apr/22/2012 00:29:24
749369,REP.VP.2012.RICE,Condoleezza Rice to be Republican VP nominee in 2012,10,3.0,Apr/22/2012 06:18:13
749369,REP.VP.2012.RICE,Condoleezza Rice to be Republican VP nominee in 2012,1,3.0,Apr/22/2012 06:18:13
749369,REP.VP.2012.RICE,Condoleezza Rice to be Republican VP nominee in 2012,100,3.9,Apr/22/2012 15:35:29
749369,REP.VP.2012.RICE,Condoleezza Rice to be Republican VP nominee in 2012,25,3.0,Apr/23/2012 01:40:18
749369,REP.VP.2012.RICE,Condoleezza Rice to be Republican VP nominee in 2012,96,2.5,Apr/23/2012 12:16:15
749369,REP.VP.2012.RICE,Condoleezza Rice to be Republican VP nominee in 2012,30,2.6,Apr/23/2012 12:16:15
749369,REP.VP.2012.RICE,Condoleezza Rice to be Republican VP nominee in 2012,1,1.5,Apr/23/2012 12:16:15
749369,REP.VP.2012.RICE,Condoleezza Rice to be Republican VP nominee in 2012,10,3.1,Apr/23/2012 13:23:17
749369,REP.VP.2012.RICE,Condoleezza Rice to be Republican VP nominee in 2012,4,2.5,Apr/24/2012 04:35:02
749369,REP.VP.2012.RICE,Condoleezza Rice to be Republican VP nominee in 2012,46,2.5,Apr/24/2012 12:08:55
749369,REP.VP.2012.RICE,Condoleezza Rice to be Republican VP nominee in 2012,1,2.5,Apr/24/2012 12:08:55
749369,REP.VP.2012.RICE,Condoleezza Rice to be Republican VP nominee in 2012,100,2.9,Apr/24/2012 12:09:46
749369,REP.VP.2012.RICE,Condoleezza Rice to be Republican VP nominee in 2012,100,3.0,Apr/24/2012 12:10:25
749369,REP.VP.2012.RICE,Condoleezza Rice to be Republican VP nominee in 2012,50,3.0,Apr/24/2012 12:10:25
749369,REP.VP.2012.RICE,Condoleezza Rice to be Republican VP nominee in 2012,5,3.0,Apr/24/2012 12:10:25
749369,REP.VP.2012.RICE,Condoleezza Rice to be Republican VP nominee in 2012,25,3.0,Apr/24/2012 12:10:25
749369,REP.VP.2012.RICE,Condoleezza Rice to be Republican VP nominee in 2012,4,2.9,Apr/24/2012 17:18:03
749369,REP.VP.2012.RICE,Condoleezza Rice to be Republican VP nominee in 2012,20,3.1,Apr/24/2012 18:17:57
749369,REP.VP.2012.RICE,Condoleezza Rice to be Republican VP nominee in 2012,1,3.1,Apr/24/2012 18:17:57
749369,REP.VP.2012.RICE,Condoleezza Rice to be Republican VP nominee in 2012,10,3.4,Apr/24/2012 18:17:57
749369,REP.VP.2012.RICE,Condoleezza Rice to be Republican VP nominee in 2012,25,3.5,Apr/24/2012 18:17:57
749369,REP.VP.2012.RICE,Condoleezza Rice to be Republican VP nominee in 2012,1,3.5,Apr/24/2012 18:17:57
749369,REP.VP.2012.RICE,Condoleezza Rice to be Republican VP nominee in 2012,33,3.5,Apr/24/2012 18:17:57
749369,REP.VP.2012.RICE,Condoleezza Rice to be Republican VP nominee in 2012,3,3.4,Apr/24/2012 18:17:57
749369,REP.VP.2012.RICE,Condoleezza Rice to be Republican VP nominee in 2012,1,3.0,Apr/24/2012 18:17:57
749369,REP.VP.2012.RICE,Condoleezza Rice to be Republican VP nominee in 2012,1,3.0,Apr/24/2012 18:17:57
749369,REP.VP.2012.RICE,Condoleezza Rice to be Republican VP nominee in 2012,5,3.0,Apr/24/2012 18:17:57
749369,REP.VP.2012.RICE,Condoleezza Rice to be Republican VP nominee in 2012,14,3.5,Apr/24/2012 19:44:53
749369,REP.VP.2012.RICE,Condoleezza Rice to be Republican VP nominee in 2012,5,3.4,Apr/24/2012 23:21:01
749369,REP.VP.2012.RICE,Condoleezza Rice to be Republican VP nominee in 2012,1,3.4,Apr/24/2012 23:21:01
749369,REP.VP.2012.RICE,Condoleezza Rice to be Republican VP nominee in 2012,3,3.5,Apr/24/2012 23:21:53
749369,REP.VP.2012.RICE,Condoleezza Rice to be Republican VP nominee in 2012,1,3.5,Apr/24/2012 23:21:53
749369,REP.VP.2012.RICE,Condoleezza Rice to be Republican VP nominee in 2012,1,3.0,Apr/25/2012 03:05:43
749369,REP.VP.2012.RICE,Condoleezza Rice to be Republican VP nominee in 2012,26,2.6,Apr/25/2012 13:30:04
749369,REP.VP.2012.RICE,Condoleezza Rice to be Republican VP nominee in 2012,16,3.0,Apr/25/2012 14:05:27
749369,REP.VP.2012.RICE,Condoleezza Rice to be Republican VP nominee in 2012,3,3.0,Apr/25/2012 14:56:04
749369,REP.VP.2012.RICE,Condoleezza Rice to be Republican VP nominee in 2012,1,3.0,Apr/25/2012 14:56:04
749369,REP.VP.2012.RICE,Condoleezza Rice to be Republican VP nominee in 2012,7,3.0,Apr/25/2012 14:56:04
749369,REP.VP.2012.RICE,Condoleezza Rice to be Republican VP nominee in 2012,5,2.7,Apr/25/2012 20:11:18
749369,REP.VP.2012.RICE,Condoleezza Rice to be Republican VP nominee in 2012,45,2.7,Apr/25/2012 20:34:51
749369,REP.VP.2012.RICE,Condoleezza Rice to be Republican VP nominee in 2012,25,2.8,Apr/25/2012 20:35:06
749369,REP.VP.2012.RICE,Condoleezza Rice to be Republican VP nominee in 2012,20,2.9,Apr/25/2012 20:35:18
749369,REP.VP.2012.RICE,Condoleezza Rice to be Republican VP nominee in 2012,1,2.9,Apr/25/2012 20:35:18
749369,REP.VP.2012.RICE,Condoleezza Rice to be Republican VP nominee in 2012,9,3.0,Apr/25/2012 20:35:27
749369,REP.VP.2012.RICE,Condoleezza Rice to be Republican VP nominee in 2012,19,2.6,Apr/25/2012 22:01:30
749369,REP.VP.2012.RICE,Condoleezza Rice to be Republican VP nominee in 2012,15,2.5,Apr/26/2012 02:47:58
749369,REP.VP.2012.RICE,Condoleezza Rice to be Republican VP nominee in 2012,5,2.5,Apr/26/2012 03:11:35
749369,REP.VP.2012.RICE,Condoleezza Rice to be Republican VP nominee in 2012,3,2.5,Apr/26/2012 13:49:02
749369,REP.VP.2012.RICE,Condoleezza Rice to be Republican VP nominee in 2012,1,2.5,Apr/26/2012 13:49:02
749369,REP.VP.2012.RICE,Condoleezza Rice to be Republican VP nominee in 2012,6,2.6,Apr/27/2012 17:19:45
749369,REP.VP.2012.RICE,Condoleezza Rice to be Republican VP nominee in 2012,1,2.6,Apr/27/2012 17:19:45
749369,REP.VP.2012.RICE,Condoleezza Rice to be Republican VP nominee in 2012,35,2.6,Apr/27/2012 17:19:45
749369,REP.VP.2012.RICE,Condoleezza Rice to be Republican VP nominee in 2012,1,2.6,Apr/27/2012 19:19:06
749369,REP.VP.2012.RICE,Condoleezza Rice to be Republican VP nominee in 2012,3,2.6,Apr/28/2012 02:37:06
749369,REP.VP.2012.RICE,Condoleezza Rice to be Republican VP nominee in 2012,1,2.6,Apr/28/2012 02:37:06
749369,REP.VP.2012.RICE,Condoleezza Rice to be Republican VP nominee in 2012,10,2.7,Apr/28/2012 02:37:06
749369,REP.VP.2012.RICE,Condoleezza Rice to be Republican VP nominee in 2012,25,2.5,Apr/28/2012 04:27:45
749369,REP.VP.2012.RICE,Condoleezza Rice to be Republican VP nominee in 2012,10,2.4,Apr/28/2012 04:33:20
749369,REP.VP.2012.RICE,Condoleezza Rice to be Republican VP nominee in 2012,30,2.2,Apr/28/2012 04:33:20
749369,REP.VP.2012.RICE,Condoleezza Rice to be Republican VP nominee in 2012,60,2.2,Apr/28/2012 15:33:21
749369,REP.VP.2012.RICE,Condoleezza Rice to be Republican VP nominee in 2012,1,2.2,Apr/28/2012 15:33:21
749369,REP.VP.2012.RICE,Condoleezza Rice to be Republican VP nominee in 2012,25,2.5,Apr/28/2012 15:33:52
749369,REP.VP.2012.RICE,Condoleezza Rice to be Republican VP nominee in 2012,3,2.5,Apr/28/2012 15:33:52
749369,REP.VP.2012.RICE,Condoleezza Rice to be Republican VP nominee in 2012,36,2.6,Apr/28/2012 15:34:18
749369,REP.VP.2012.RICE,Condoleezza Rice to be Republican VP nominee in 2012,1,2.6,Apr/28/2012 15:34:18
749369,REP.VP.2012.RICE,Condoleezza Rice to be Republican VP nominee in 2012,20,2.9,Apr/30/2012 04:16:28
749369,REP.VP.2012.RICE,Condoleezza Rice to be Republican VP nominee in 2012,25,2.1,Apr/30/2012 14:22:33
749369,REP.VP.2012.RICE,Condoleezza Rice to be Republican VP nominee in 2012,2,2.8,Apr/30/2012 14:32:46
749369,REP.VP.2012.RICE,Condoleezza Rice to be Republican VP nominee in 2012,1,2.8,Apr/30/2012 14:32:46
749369,REP.VP.2012.RICE,Condoleezza Rice to be Republican VP nominee in 2012,4,3.0,Apr/30/2012 14:34:13
749369,REP.VP.2012.RICE,Condoleezza Rice to be Republican VP nominee in 2012,25,3.0,Apr/30/2012 14:34:13
749369,REP.VP.2012.RICE,Condoleezza Rice to be Republican VP nominee in 2012,50,3.0,Apr/30/2012 14:34:13
749369,REP.VP.2012.RICE,Condoleezza Rice to be Republican VP nominee in 2012,25,3.0,Apr/30/2012 14:34:13
749369,REP.VP.2012.RICE,Condoleezza Rice to be Republican VP nominee in 2012,1,3.0,Apr/30/2012 14:34:13
749369,REP.VP.2012.RICE,Condoleezza Rice to be Republican VP nominee in 2012,80,2.9,Apr/30/2012 14:34:13
749369,REP.VP.2012.RICE,Condoleezza Rice to be Republican VP nominee in 2012,1,2.9,Apr/30/2012 14:34:13
749369,REP.VP.2012.RICE,Condoleezza Rice to be Republican VP nominee in 2012,3,2.9,May/01/2012 01:11:05
749369,REP.VP.2012.RICE,Condoleezza Rice to be Republican VP nominee in 2012,1,2.9,May/01/2012 01:11:05
749369,REP.VP.2012.RICE,Condoleezza Rice to be Republican VP nominee in 2012,25,3.0,May/01/2012 13:30:12
749369,REP.VP.2012.RICE,Condoleezza Rice to be Republican VP nominee in 2012,1,3.0,May/01/2012 13:30:12
749369,REP.VP.2012.RICE,Condoleezza Rice to be Republican VP nominee in 2012,5,3.0,May/01/2012 13:30:12
749369,REP.VP.2012.RICE,Condoleezza Rice to be Republican VP nominee in 2012,160,2.6,May/01/2012 21:15:58
749369,REP.VP.2012.RICE,Condoleezza Rice to be Republican VP nominee in 2012,60,2.9,May/02/2012 00:19:23
749369,REP.VP.2012.RICE,Condoleezza Rice to be Republican VP nominee in 2012,1,2.9,May/02/2012 00:19:23
749369,REP.VP.2012.RICE,Condoleezza Rice to be Republican VP nominee in 2012,32,3.0,May/02/2012 00:19:49
749369,REP.VP.2012.RICE,Condoleezza Rice to be Republican VP nominee in 2012,1,3.0,May/02/2012 00:19:49
749369,REP.VP.2012.RICE,Condoleezza Rice to be Republican VP nominee in 2012,200,3.3,May/02/2012 00:20:23
749369,REP.VP.2012.RICE,Condoleezza Rice to be Republican VP nominee in 2012,3,3.3,May/02/2012 00:20:23
749369,REP.VP.2012.RICE,Condoleezza Rice to be Republican VP nominee in 2012,3,2.5,May/02/2012 02:56:58
749369,REP.VP.2012.RICE,Condoleezza Rice to be Republican VP nominee in 2012,11,2.5,May/02/2012 02:56:58
749369,REP.VP.2012.RICE,Condoleezza Rice to be Republican VP nominee in 2012,9,2.6,May/02/2012 02:56:58
749369,REP.VP.2012.RICE,Condoleezza Rice to be Republican VP nominee in 2012,46,2.5,May/02/2012 11:14:35
749369,REP.VP.2012.RICE,Condoleezza Rice to be Republican VP nominee in 2012,1,2.5,May/02/2012 11:14:35
749369,REP.VP.2012.RICE,Condoleezza Rice to be Republican VP nominee in 2012,75,3.0,May/02/2012 11:15:03
749369,REP.VP.2012.RICE,Condoleezza Rice to be Republican VP nominee in 2012,50,3.0,May/02/2012 11:15:03
749369,REP.VP.2012.RICE,Condoleezza Rice to be Republican VP nominee in 2012,5,3.0,May/02/2012 11:15:03
749369,REP.VP.2012.RICE,Condoleezza Rice to be Republican VP nominee in 2012,10,3.2,May/02/2012 15:46:03
749369,REP.VP.2012.RICE,Condoleezza Rice to be Republican VP nominee in 2012,1,3.2,May/02/2012 15:46:03
749369,REP.VP.2012.RICE,Condoleezza Rice to be Republican VP nominee in 2012,100,3.3,May/02/2012 15:46:28
749369,REP.VP.2012.RICE,Condoleezza Rice to be Republican VP nominee in 2012,1,3.3,May/02/2012 15:46:28
749369,REP.VP.2012.RICE,Condoleezza Rice to be Republican VP nominee in 2012,1,2.3,May/02/2012 17:56:57
749369,REP.VP.2012.RICE,Condoleezza Rice to be Republican VP nominee in 2012,1,2.3,May/02/2012 17:57:18
749369,REP.VP.2012.RICE,Condoleezza Rice to be Republican VP nominee in 2012,2,2.3,May/02/2012 17:57:59
749369,REP.VP.2012.RICE,Condoleezza Rice to be Republican VP nominee in 2012,6,2.3,May/02/2012 17:58:39
749369,REP.VP.2012.RICE,Condoleezza Rice to be Republican VP nominee in 2012,4,2.2,May/02/2012 17:59:41
749369,REP.VP.2012.RICE,Condoleezza Rice to be Republican VP nominee in 2012,6,2.2,May/02/2012 18:00:03
749369,REP.VP.2012.RICE,Condoleezza Rice to be Republican VP nominee in 2012,4,2.2,May/02/2012 18:00:24
749369,REP.VP.2012.RICE,Condoleezza Rice to be Republican VP nominee in 2012,1,2.2,May/02/2012 18:01:28
749369,REP.VP.2012.RICE,Condoleezza Rice to be Republican VP nominee in 2012,50,3.0,May/02/2012 20:56:48
749369,REP.VP.2012.RICE,Condoleezza Rice to be Republican VP nominee in 2012,1,3.3,May/03/2012 01:46:56
749369,REP.VP.2012.RICE,Condoleezza Rice to be Republican VP nominee in 2012,10,3.3,May/03/2012 01:46:56
749369,REP.VP.2012.RICE,Condoleezza Rice to be Republican VP nominee in 2012,23,3.4,May/03/2012 01:47:04
749369,REP.VP.2012.RICE,Condoleezza Rice to be Republican VP nominee in 2012,1,3.4,May/03/2012 01:47:04
749369,REP.VP.2012.RICE,Condoleezza Rice to be Republican VP nominee in 2012,1,3.5,May/03/2012 01:47:17
749369,REP.VP.2012.RICE,Condoleezza Rice to be Republican VP nominee in 2012,50,3.5,May/03/2012 01:47:17
749369,REP.VP.2012.RICE,Condoleezza Rice to be Republican VP nominee in 2012,25,3.5,May/03/2012 01:47:17
749369,REP.VP.2012.RICE,Condoleezza Rice to be Republican VP nominee in 2012,1,3.9,May/03/2012 03:02:07
749369,REP.VP.2012.RICE,Condoleezza Rice to be Republican VP nominee in 2012,1,3.9,May/03/2012 03:02:07
749369,REP.VP.2012.RICE,Condoleezza Rice to be Republican VP nominee in 2012,10,3.9,May/03/2012 03:02:07
749369,REP.VP.2012.RICE,Condoleezza Rice to be Republican VP nominee in 2012,25,4.0,May/03/2012 03:02:16
749369,REP.VP.2012.RICE,Condoleezza Rice to be Republican VP nominee in 2012,25,4.0,May/03/2012 03:02:16
749369,REP.VP.2012.RICE,Condoleezza Rice to be Republican VP nominee in 2012,50,4.0,May/03/2012 03:02:16
749369,REP.VP.2012.RICE,Condoleezza Rice to be Republican VP nominee in 2012,1,4.0,May/03/2012 03:02:16
749369,REP.VP.2012.RICE,Condoleezza Rice to be Republican VP nominee in 2012,25,3.2,May/03/2012 19:20:23
749369,REP.VP.2012.RICE,Condoleezza Rice to be Republican VP nominee in 2012,10,3.3,May/03/2012 19:20:23
749369,REP.VP.2012.RICE,Condoleezza Rice to be Republican VP nominee in 2012,20,3.2,May/04/2012 01:36:38
749369,REP.VP.2012.RICE,Condoleezza Rice to be Republican VP nominee in 2012,100,3.0,May/04/2012 02:10:44
749369,REP.VP.2012.RICE,Condoleezza Rice to be Republican VP nominee in 2012,16,2.9,May/04/2012 06:02:39
749369,REP.VP.2012.RICE,Condoleezza Rice to be Republican VP nominee in 2012,14,2.9,May/04/2012 18:57:15
749369,REP.VP.2012.RICE,Condoleezza Rice to be Republican VP nominee in 2012,1,2.9,May/04/2012 18:57:15
749369,REP.VP.2012.RICE,Condoleezza Rice to be Republican VP nominee in 2012,10,3.0,May/04/2012 21:41:41
749369,REP.VP.2012.RICE,Condoleezza Rice to be Republican VP nominee in 2012,5,3.0,May/04/2012 21:42:03
749369,REP.VP.2012.RICE,Condoleezza Rice to be Republican VP nominee in 2012,1,3.0,May/04/2012 21:42:03
749369,REP.VP.2012.RICE,Condoleezza Rice to be Republican VP nominee in 2012,14,3.0,May/04/2012 21:42:03
749369,REP.VP.2012.RICE,Condoleezza Rice to be Republican VP nominee in 2012,1,3.0,May/04/2012 21:42:51
749369,REP.VP.2012.RICE,Condoleezza Rice to be Republican VP nominee in 2012,352,2.9,May/05/2012 11:50:30
749369,REP.VP.2012.RICE,Condoleezza Rice to be Republican VP nominee in 2012,1,2.9,May/05/2012 11:50:30
749369,REP.VP.2012.RICE,Condoleezza Rice to be Republican VP nominee in 2012,2,2.5,May/06/2012 05:02:24
749369,REP.VP.2012.RICE,Condoleezza Rice to be Republican VP nominee in 2012,48,2.5,May/06/2012 05:02:24
749369,REP.VP.2012.RICE,Condoleezza Rice to be Republican VP nominee in 2012,3,2.8,May/06/2012 20:37:43
749369,REP.VP.2012.RICE,Condoleezza Rice to be Republican VP nominee in 2012,1,2.8,May/06/2012 20:37:43
749369,REP.VP.2012.RICE,Condoleezza Rice to be Republican VP nominee in 2012,2,2.9,May/06/2012 20:38:09
749369,REP.VP.2012.RICE,Condoleezza Rice to be Republican VP nominee in 2012,1,2.9,May/06/2012 20:38:09
749369,REP.VP.2012.RICE,Condoleezza Rice to be Republican VP nominee in 2012,10,3.0,May/06/2012 20:38:30
749369,REP.VP.2012.RICE,Condoleezza Rice to be Republican VP nominee in 2012,1,3.0,May/06/2012 20:38:30
749369,REP.VP.2012.RICE,Condoleezza Rice to be Republican VP nominee in 2012,50,3.0,May/06/2012 20:38:30
749369,REP.VP.2012.RICE,Condoleezza Rice to be Republican VP nominee in 2012,50,3.0,May/06/2012 20:38:30
749369,REP.VP.2012.RICE,Condoleezza Rice to be Republican VP nominee in 2012,3,3.4,May/07/2012 01:29:43
749369,REP.VP.2012.RICE,Condoleezza Rice to be Republican VP nominee in 2012,1,3.4,May/07/2012 01:29:43
749369,REP.VP.2012.RICE,Condoleezza Rice to be Republican VP nominee in 2012,1,2.7,May/07/2012 01:43:42
749369,REP.VP.2012.RICE,Condoleezza Rice to be Republican VP nominee in 2012,3,2.7,May/07/2012 13:25:45
749369,REP.VP.2012.RICE,Condoleezza Rice to be Republican VP nominee in 2012,3,2.7,May/07/2012 13:25:45
749369,REP.VP.2012.RICE,Condoleezza Rice to be Republican VP nominee in 2012,13,2.3,May/07/2012 16:38:10
749369,REP.VP.2012.RICE,Condoleezza Rice to be Republican VP nominee in 2012,52,2.5,May/07/2012 16:38:10
749369,REP.VP.2012.RICE,Condoleezza Rice to be Republican VP nominee in 2012,2,2.6,May/07/2012 16:38:10
749369,REP.VP.2012.RICE,Condoleezza Rice to be Republican VP nominee in 2012,50,2.5,May/08/2012 01:39:43
749369,REP.VP.2012.RICE,Condoleezza Rice to be Republican VP nominee in 2012,1,2.5,May/08/2012 01:39:43
749369,REP.VP.2012.RICE,Condoleezza Rice to be Republican VP nominee in 2012,14,2.6,May/08/2012 01:40:12
749369,REP.VP.2012.RICE,Condoleezza Rice to be Republican VP nominee in 2012,1,2.6,May/08/2012 01:40:12
749369,REP.VP.2012.RICE,Condoleezza Rice to be Republican VP nominee in 2012,50,2.7,May/08/2012 01:40:31
749369,REP.VP.2012.RICE,Condoleezza Rice to be Republican VP nominee in 2012,1,2.7,May/08/2012 01:40:31
749369,REP.VP.2012.RICE,Condoleezza Rice to be Republican VP nominee in 2012,50,2.8,May/08/2012 01:40:51
749369,REP.VP.2012.RICE,Condoleezza Rice to be Republican VP nominee in 2012,1,2.8,May/08/2012 01:40:51
749369,REP.VP.2012.RICE,Condoleezza Rice to be Republican VP nominee in 2012,1,2.9,May/08/2012 01:41:07
749369,REP.VP.2012.RICE,Condoleezza Rice to be Republican VP nominee in 2012,1,2.9,May/08/2012 01:41:07
749369,REP.VP.2012.RICE,Condoleezza Rice to be Republican VP nominee in 2012,50,3.0,May/08/2012 01:41:26
749369,REP.VP.2012.RICE,Condoleezza Rice to be Republican VP nominee in 2012,1,3.0,May/08/2012 01:41:26
749369,REP.VP.2012.RICE,Condoleezza Rice to be Republican VP nominee in 2012,20,4.5,May/09/2012 05:23:11
749369,REP.VP.2012.RICE,Condoleezza Rice to be Republican VP nominee in 2012,50,4.0,May/09/2012 05:23:11
749369,REP.VP.2012.RICE,Condoleezza Rice to be Republican VP nominee in 2012,5,4.5,May/09/2012 05:23:11
749369,REP.VP.2012.RICE,Condoleezza Rice to be Republican VP nominee in 2012,25,3.5,May/09/2012 05:23:11
749369,REP.VP.2012.RICE,Condoleezza Rice to be Republican VP nominee in 2012,25,4.0,May/09/2012 05:23:11
749369,REP.VP.2012.RICE,Condoleezza Rice to be Republican VP nominee in 2012,25,4.5,May/09/2012 05:23:11
749369,REP.VP.2012.RICE,Condoleezza Rice to be Republican VP nominee in 2012,5,4.0,May/09/2012 05:23:11
749369,REP.VP.2012.RICE,Condoleezza Rice to be Republican VP nominee in 2012,50,3.5,May/09/2012 05:23:11
749369,REP.VP.2012.RICE,Condoleezza Rice to be Republican VP nominee in 2012,50,3.5,May/09/2012 05:23:11
749369,REP.VP.2012.RICE,Condoleezza Rice to be Republican VP nominee in 2012,50,4.0,May/09/2012 05:23:11
749369,REP.VP.2012.RICE,Condoleezza Rice to be Republican VP nominee in 2012,50,4.5,May/09/2012 05:23:11
749369,REP.VP.2012.RICE,Condoleezza Rice to be Republican VP nominee in 2012,1,3.5,May/09/2012 05:23:11
749369,REP.VP.2012.RICE,Condoleezza Rice to be Republican VP nominee in 2012,4,3.4,May/09/2012 05:23:11
749369,REP.VP.2012.RICE,Condoleezza Rice to be Republican VP nominee in 2012,1,3.4,May/09/2012 05:23:11
749369,REP.VP.2012.RICE,Condoleezza Rice to be Republican VP nominee in 2012,5,3.3,May/09/2012 05:23:11
749369,REP.VP.2012.RICE,Condoleezza Rice to be Republican VP nominee in 2012,50,4.0,May/09/2012 05:23:11
749369,REP.VP.2012.RICE,Condoleezza Rice to be Republican VP nominee in 2012,1,3.3,May/09/2012 05:23:11
749369,REP.VP.2012.RICE,Condoleezza Rice to be Republican VP nominee in 2012,23,4.5,May/09/2012 05:23:31
749369,REP.VP.2012.RICE,Condoleezza Rice to be Republican VP nominee in 2012,170,5.0,May/09/2012 05:24:01
749369,REP.VP.2012.RICE,Condoleezza Rice to be Republican VP nominee in 2012,1,5.0,May/09/2012 05:24:01
749369,REP.VP.2012.RICE,Condoleezza Rice to be Republican VP nominee in 2012,100,5.0,May/09/2012 05:24:01
749369,REP.VP.2012.RICE,Condoleezza Rice to be Republican VP nominee in 2012,100,5.0,May/09/2012 05:24:01
749369,REP.VP.2012.RICE,Condoleezza Rice to be Republican VP nominee in 2012,1,4.9,May/09/2012 05:24:01
749369,REP.VP.2012.RICE,Condoleezza Rice to be Republican VP nominee in 2012,25,5.0,May/09/2012 05:24:01
749369,REP.VP.2012.RICE,Condoleezza Rice to be Republican VP nominee in 2012,20,5.0,May/09/2012 05:24:01
749369,REP.VP.2012.RICE,Condoleezza Rice to be Republican VP nominee in 2012,79,5.0,May/09/2012 05:24:01
749369,REP.VP.2012.RICE,Condoleezza Rice to be Republican VP nominee in 2012,150,4.9,May/09/2012 05:24:01
749369,REP.VP.2012.RICE,Condoleezza Rice to be Republican VP nominee in 2012,150,4.8,May/09/2012 05:24:01
749369,REP.VP.2012.RICE,Condoleezza Rice to be Republican VP nominee in 2012,4,4.9,May/09/2012 05:24:01
749369,REP.VP.2012.RICE,Condoleezza Rice to be Republican VP nominee in 2012,200,4.4,May/10/2012 10:19:10
749369,REP.VP.2012.RICE,Condoleezza Rice to be Republican VP nominee in 2012,5,4.4,May/10/2012 10:19:10
749369,REP.VP.2012.RICE,Condoleezza Rice to be Republican VP nominee in 2012,1,4.4,May/10/2012 10:19:10
749369,REP.VP.2012.RICE,Condoleezza Rice to be Republican VP nominee in 2012,25,4.5,May/10/2012 10:19:46
749369,REP.VP.2012.RICE,Condoleezza Rice to be Republican VP nominee in 2012,1,4.5,May/10/2012 10:19:46
749369,REP.VP.2012.RICE,Condoleezza Rice to be Republican VP nominee in 2012,2,4.5,May/10/2012 10:19:46
749369,REP.VP.2012.RICE,Condoleezza Rice to be Republican VP nominee in 2012,350,4.5,May/10/2012 11:38:16
749369,REP.VP.2012.RICE,Condoleezza Rice to be Republican VP nominee in 2012,100,4.6,May/10/2012 11:38:53
749369,REP.VP.2012.RICE,Condoleezza Rice to be Republican VP nominee in 2012,1,4.6,May/10/2012 11:38:53
749369,REP.VP.2012.RICE,Condoleezza Rice to be Republican VP nominee in 2012,25,4.5,May/10/2012 15:48:52
749369,REP.VP.2012.RICE,Condoleezza Rice to be Republican VP nominee in 2012,10,4.4,May/10/2012 15:48:52
749369,REP.VP.2012.RICE,Condoleezza Rice to be Republican VP nominee in 2012,1,4.4,May/10/2012 15:48:52
749369,REP.VP.2012.RICE,Condoleezza Rice to be Republican VP nominee in 2012,1,4.5,May/10/2012 15:48:52
749369,REP.VP.2012.RICE,Condoleezza Rice to be Republican VP nominee in 2012,2,4.5,May/10/2012 15:48:52
749369,REP.VP.2012.RICE,Condoleezza Rice to be Republican VP nominee in 2012,50,4.5,May/10/2012 20:22:50
749369,REP.VP.2012.RICE,Condoleezza Rice to be Republican VP nominee in 2012,10,4.4,May/10/2012 20:22:50
749369,REP.VP.2012.RICE,Condoleezza Rice to be Republican VP nominee in 2012,1,4.4,May/10/2012 20:22:50
749369,REP.VP.2012.RICE,Condoleezza Rice to be Republican VP nominee in 2012,5,4.4,May/11/2012 02:19:41
749369,REP.VP.2012.RICE,Condoleezza Rice to be Republican VP nominee in 2012,5,4.8,May/11/2012 04:01:36
749369,REP.VP.2012.RICE,Condoleezza Rice to be Republican VP nominee in 2012,10,4.7,May/11/2012 04:01:36
749369,REP.VP.2012.RICE,Condoleezza Rice to be Republican VP nominee in 2012,50,4.5,May/11/2012 04:01:36
749369,REP.VP.2012.RICE,Condoleezza Rice to be Republican VP nominee in 2012,1,4.5,May/11/2012 04:01:36
749369,REP.VP.2012.RICE,Condoleezza Rice to be Republican VP nominee in 2012,2,4.7,May/11/2012 04:01:36
749369,REP.VP.2012.RICE,Condoleezza Rice to be Republican VP nominee in 2012,1,4.8,May/11/2012 04:01:36
749369,REP.VP.2012.RICE,Condoleezza Rice to be Republican VP nominee in 2012,5,4.4,May/11/2012 04:01:36
749369,REP.VP.2012.RICE,Condoleezza Rice to be Republican VP nominee in 2012,1,4.4,May/11/2012 04:01:36
749369,REP.VP.2012.RICE,Condoleezza Rice to be Republican VP nominee in 2012,5,4.3,May/11/2012 04:01:36
749369,REP.VP.2012.RICE,Condoleezza Rice to be Republican VP nominee in 2012,1,4.3,May/11/2012 04:01:36
749369,REP.VP.2012.RICE,Condoleezza Rice to be Republican VP nominee in 2012,21,5.0,May/11/2012 04:02:10
749369,REP.VP.2012.RICE,Condoleezza Rice to be Republican VP nominee in 2012,9,5.0,May/11/2012 04:02:10
749369,REP.VP.2012.RICE,Condoleezza Rice to be Republican VP nominee in 2012,5,4.9,May/11/2012 04:02:10
749369,REP.VP.2012.RICE,Condoleezza Rice to be Republican VP nominee in 2012,50,5.0,May/11/2012 04:02:10
749369,REP.VP.2012.RICE,Condoleezza Rice to be Republican VP nominee in 2012,100,5.0,May/11/2012 04:02:10
749369,REP.VP.2012.RICE,Condoleezza Rice to be Republican VP nominee in 2012,10,5.0,May/11/2012 04:02:10
749369,REP.VP.2012.RICE,Condoleezza Rice to be Republican VP nominee in 2012,1,4.9,May/11/2012 04:02:10
749369,REP.VP.2012.RICE,Condoleezza Rice to be Republican VP nominee in 2012,1,5.0,May/11/2012 04:02:10
749369,REP.VP.2012.RICE,Condoleezza Rice to be Republican VP nominee in 2012,50,5.0,May/11/2012 04:02:10
749369,REP.VP.2012.RICE,Condoleezza Rice to be Republican VP nominee in 2012,5,5.9,May/11/2012 04:02:40
749369,REP.VP.2012.RICE,Condoleezza Rice to be Republican VP nominee in 2012,25,5.5,May/11/2012 04:02:40
749369,REP.VP.2012.RICE,Condoleezza Rice to be Republican VP nominee in 2012,5,6.0,May/11/2012 04:02:40
