market id,market symbol,market name,trade quantity,trade price,date/time [utc]
749687,REP.VP.2012.TRUMP,Donald Trump to be Republican VP nominee in 2012,5,0.2,Jun/22/2011 18:39:10
749687,REP.VP.2012.TRUMP,Donald Trump to be Republican VP nominee in 2012,10,0.2,Jun/22/2011 18:39:10
749687,REP.VP.2012.TRUMP,Donald Trump to be Republican VP nominee in 2012,10,0.2,Jun/22/2011 18:39:10
749687,REP.VP.2012.TRUMP,Donald Trump to be Republican VP nominee in 2012,50,0.2,Jul/29/2011 23:47:59
749687,REP.VP.2012.TRUMP,Donald Trump to be Republican VP nominee in 2012,10,0.2,Sep/01/2011 02:21:43
749687,REP.VP.2012.TRUMP,Donald Trump to be Republican VP nominee in 2012,10,0.2,Sep/01/2011 02:21:43
749687,REP.VP.2012.TRUMP,Donald Trump to be Republican VP nominee in 2012,35,0.2,Sep/01/2011 02:21:43
749687,REP.VP.2012.TRUMP,Donald Trump to be Republican VP nominee in 2012,10,0.3,Sep/01/2011 02:21:43
749687,REP.VP.2012.TRUMP,Donald Trump to be Republican VP nominee in 2012,10,0.5,Sep/01/2011 02:23:57
749687,REP.VP.2012.TRUMP,Donald Trump to be Republican VP nominee in 2012,10,0.5,Sep/01/2011 02:23:57
749687,REP.VP.2012.TRUMP,Donald Trump to be Republican VP nominee in 2012,5,0.4,Sep/01/2011 02:23:57
749687,REP.VP.2012.TRUMP,Donald Trump to be Republican VP nominee in 2012,10,0.5,Sep/01/2011 02:23:57
749687,REP.VP.2012.TRUMP,Donald Trump to be Republican VP nominee in 2012,10,0.5,Sep/01/2011 02:23:57
749687,REP.VP.2012.TRUMP,Donald Trump to be Republican VP nominee in 2012,10,0.5,Sep/01/2011 02:23:57
749687,REP.VP.2012.TRUMP,Donald Trump to be Republican VP nominee in 2012,40,0.8,Sep/01/2011 02:23:57
749687,REP.VP.2012.TRUMP,Donald Trump to be Republican VP nominee in 2012,10,0.5,Sep/01/2011 02:23:57
749687,REP.VP.2012.TRUMP,Donald Trump to be Republican VP nominee in 2012,5,0.5,Sep/01/2011 02:23:57
749687,REP.VP.2012.TRUMP,Donald Trump to be Republican VP nominee in 2012,10,0.9,Sep/01/2011 02:23:57
749687,REP.VP.2012.TRUMP,Donald Trump to be Republican VP nominee in 2012,10,1.0,Sep/01/2011 02:23:57
749687,REP.VP.2012.TRUMP,Donald Trump to be Republican VP nominee in 2012,10,1.0,Sep/01/2011 02:23:57
749687,REP.VP.2012.TRUMP,Donald Trump to be Republican VP nominee in 2012,10,1.0,Sep/01/2011 02:23:57
749687,REP.VP.2012.TRUMP,Donald Trump to be Republican VP nominee in 2012,2,0.2,Oct/05/2011 00:33:02
749687,REP.VP.2012.TRUMP,Donald Trump to be Republican VP nominee in 2012,1,0.2,Oct/12/2011 07:05:57
749687,REP.VP.2012.TRUMP,Donald Trump to be Republican VP nominee in 2012,1,0.2,Oct/12/2011 11:22:37
749687,REP.VP.2012.TRUMP,Donald Trump to be Republican VP nominee in 2012,2,0.2,Oct/12/2011 11:22:48
749687,REP.VP.2012.TRUMP,Donald Trump to be Republican VP nominee in 2012,2,0.2,Oct/12/2011 11:24:26
749687,REP.VP.2012.TRUMP,Donald Trump to be Republican VP nominee in 2012,4,0.2,Oct/12/2011 11:24:31
749687,REP.VP.2012.TRUMP,Donald Trump to be Republican VP nominee in 2012,6,0.2,Oct/12/2011 11:25:38
749687,REP.VP.2012.TRUMP,Donald Trump to be Republican VP nominee in 2012,10,0.2,Oct/12/2011 11:27:30
749687,REP.VP.2012.TRUMP,Donald Trump to be Republican VP nominee in 2012,1,0.2,Oct/16/2011 17:49:22
749687,REP.VP.2012.TRUMP,Donald Trump to be Republican VP nominee in 2012,74,0.2,Oct/16/2011 17:49:22
749687,REP.VP.2012.TRUMP,Donald Trump to be Republican VP nominee in 2012,1,0.2,Oct/22/2011 22:02:21
749687,REP.VP.2012.TRUMP,Donald Trump to be Republican VP nominee in 2012,1,0.2,Oct/23/2011 10:44:09
749687,REP.VP.2012.TRUMP,Donald Trump to be Republican VP nominee in 2012,1,0.2,Oct/23/2011 10:50:40
749687,REP.VP.2012.TRUMP,Donald Trump to be Republican VP nominee in 2012,2,0.2,Oct/23/2011 11:47:14
749687,REP.VP.2012.TRUMP,Donald Trump to be Republican VP nominee in 2012,7,0.2,Oct/23/2011 14:07:30
749687,REP.VP.2012.TRUMP,Donald Trump to be Republican VP nominee in 2012,1,0.2,Oct/23/2011 14:10:43
749687,REP.VP.2012.TRUMP,Donald Trump to be Republican VP nominee in 2012,1,0.2,Oct/23/2011 14:17:41
749687,REP.VP.2012.TRUMP,Donald Trump to be Republican VP nominee in 2012,1,0.2,Oct/23/2011 14:18:34
749687,REP.VP.2012.TRUMP,Donald Trump to be Republican VP nominee in 2012,2,0.2,Oct/23/2011 14:19:18
749687,REP.VP.2012.TRUMP,Donald Trump to be Republican VP nominee in 2012,10,0.2,Oct/23/2011 15:15:03
749687,REP.VP.2012.TRUMP,Donald Trump to be Republican VP nominee in 2012,10,0.2,Oct/23/2011 15:16:15
749687,REP.VP.2012.TRUMP,Donald Trump to be Republican VP nominee in 2012,10,0.2,Oct/23/2011 15:31:46
749687,REP.VP.2012.TRUMP,Donald Trump to be Republican VP nominee in 2012,2,0.3,Nov/03/2011 17:19:53
749687,REP.VP.2012.TRUMP,Donald Trump to be Republican VP nominee in 2012,36,0.2,Nov/09/2011 21:12:53
749687,REP.VP.2012.TRUMP,Donald Trump to be Republican VP nominee in 2012,10,0.2,Nov/09/2011 21:12:53
749687,REP.VP.2012.TRUMP,Donald Trump to be Republican VP nominee in 2012,1,0.2,Nov/09/2011 21:12:53
749687,REP.VP.2012.TRUMP,Donald Trump to be Republican VP nominee in 2012,53,0.2,Nov/09/2011 21:12:53
749687,REP.VP.2012.TRUMP,Donald Trump to be Republican VP nominee in 2012,99,0.3,Nov/22/2011 05:22:10
749687,REP.VP.2012.TRUMP,Donald Trump to be Republican VP nominee in 2012,100,0.3,Nov/22/2011 05:22:10
749687,REP.VP.2012.TRUMP,Donald Trump to be Republican VP nominee in 2012,37,0.3,Nov/22/2011 05:22:10
749687,REP.VP.2012.TRUMP,Donald Trump to be Republican VP nominee in 2012,50,0.3,Nov/22/2011 05:22:10
749687,REP.VP.2012.TRUMP,Donald Trump to be Republican VP nominee in 2012,44,0.3,Nov/22/2011 05:22:10
749687,REP.VP.2012.TRUMP,Donald Trump to be Republican VP nominee in 2012,16,0.3,Nov/22/2011 05:22:10
749687,REP.VP.2012.TRUMP,Donald Trump to be Republican VP nominee in 2012,50,0.3,Nov/22/2011 05:22:10
749687,REP.VP.2012.TRUMP,Donald Trump to be Republican VP nominee in 2012,20,0.3,Nov/22/2011 05:22:10
749687,REP.VP.2012.TRUMP,Donald Trump to be Republican VP nominee in 2012,1,0.3,Nov/22/2011 05:22:10
749687,REP.VP.2012.TRUMP,Donald Trump to be Republican VP nominee in 2012,2,0.3,Nov/22/2011 05:22:10
749687,REP.VP.2012.TRUMP,Donald Trump to be Republican VP nominee in 2012,20,0.3,Nov/22/2011 05:22:10
749687,REP.VP.2012.TRUMP,Donald Trump to be Republican VP nominee in 2012,18,0.3,Nov/22/2011 05:22:10
749687,REP.VP.2012.TRUMP,Donald Trump to be Republican VP nominee in 2012,1,0.3,Nov/24/2011 10:12:02
749687,REP.VP.2012.TRUMP,Donald Trump to be Republican VP nominee in 2012,50,0.3,Nov/24/2011 10:12:02
749687,REP.VP.2012.TRUMP,Donald Trump to be Republican VP nominee in 2012,10,0.3,Dec/06/2011 22:29:28
749687,REP.VP.2012.TRUMP,Donald Trump to be Republican VP nominee in 2012,10,0.3,Dec/07/2011 03:30:04
749687,REP.VP.2012.TRUMP,Donald Trump to be Republican VP nominee in 2012,30,0.3,Dec/11/2011 16:20:34
749687,REP.VP.2012.TRUMP,Donald Trump to be Republican VP nominee in 2012,33,0.3,Dec/11/2011 16:20:34
749687,REP.VP.2012.TRUMP,Donald Trump to be Republican VP nominee in 2012,50,0.3,Dec/11/2011 16:20:34
749687,REP.VP.2012.TRUMP,Donald Trump to be Republican VP nominee in 2012,1,0.3,Dec/11/2011 16:20:34
749687,REP.VP.2012.TRUMP,Donald Trump to be Republican VP nominee in 2012,1,0.3,Dec/11/2011 16:20:34
749687,REP.VP.2012.TRUMP,Donald Trump to be Republican VP nominee in 2012,17,0.3,Dec/11/2011 16:22:25
749687,REP.VP.2012.TRUMP,Donald Trump to be Republican VP nominee in 2012,50,0.3,Dec/11/2011 16:23:46
749687,REP.VP.2012.TRUMP,Donald Trump to be Republican VP nominee in 2012,5,0.4,Dec/13/2011 05:35:27
749687,REP.VP.2012.TRUMP,Donald Trump to be Republican VP nominee in 2012,100,0.4,Dec/13/2011 05:35:27
749687,REP.VP.2012.TRUMP,Donald Trump to be Republican VP nominee in 2012,1,0.4,Dec/13/2011 05:35:27
749687,REP.VP.2012.TRUMP,Donald Trump to be Republican VP nominee in 2012,1,0.4,Dec/13/2011 05:35:27
749687,REP.VP.2012.TRUMP,Donald Trump to be Republican VP nominee in 2012,1,0.3,Dec/13/2011 07:44:24
749687,REP.VP.2012.TRUMP,Donald Trump to be Republican VP nominee in 2012,8,0.3,Dec/14/2011 01:55:27
749687,REP.VP.2012.TRUMP,Donald Trump to be Republican VP nominee in 2012,2,0.3,Dec/14/2011 01:55:27
749687,REP.VP.2012.TRUMP,Donald Trump to be Republican VP nominee in 2012,1,0.4,Dec/14/2011 07:21:41
749687,REP.VP.2012.TRUMP,Donald Trump to be Republican VP nominee in 2012,1,0.4,Dec/14/2011 07:21:41
749687,REP.VP.2012.TRUMP,Donald Trump to be Republican VP nominee in 2012,1,0.3,Dec/14/2011 13:22:23
749687,REP.VP.2012.TRUMP,Donald Trump to be Republican VP nominee in 2012,8,0.3,Dec/14/2011 13:24:02
749687,REP.VP.2012.TRUMP,Donald Trump to be Republican VP nominee in 2012,8,0.3,Dec/14/2011 13:24:08
749687,REP.VP.2012.TRUMP,Donald Trump to be Republican VP nominee in 2012,20,0.5,Dec/15/2011 20:33:54
749687,REP.VP.2012.TRUMP,Donald Trump to be Republican VP nominee in 2012,20,0.5,Dec/15/2011 20:33:54
749687,REP.VP.2012.TRUMP,Donald Trump to be Republican VP nominee in 2012,20,0.5,Dec/15/2011 20:33:54
749687,REP.VP.2012.TRUMP,Donald Trump to be Republican VP nominee in 2012,20,0.5,Dec/15/2011 20:33:54
749687,REP.VP.2012.TRUMP,Donald Trump to be Republican VP nominee in 2012,20,0.5,Dec/15/2011 20:33:54
749687,REP.VP.2012.TRUMP,Donald Trump to be Republican VP nominee in 2012,20,0.5,Dec/15/2011 20:33:54
749687,REP.VP.2012.TRUMP,Donald Trump to be Republican VP nominee in 2012,10,0.5,Dec/15/2011 20:33:54
749687,REP.VP.2012.TRUMP,Donald Trump to be Republican VP nominee in 2012,30,0.5,Dec/15/2011 20:33:54
749687,REP.VP.2012.TRUMP,Donald Trump to be Republican VP nominee in 2012,50,0.5,Dec/15/2011 20:33:54
749687,REP.VP.2012.TRUMP,Donald Trump to be Republican VP nominee in 2012,50,0.5,Dec/15/2011 20:33:54
749687,REP.VP.2012.TRUMP,Donald Trump to be Republican VP nominee in 2012,1,0.5,Dec/15/2011 20:33:54
749687,REP.VP.2012.TRUMP,Donald Trump to be Republican VP nominee in 2012,1,0.4,Dec/15/2011 20:33:54
749687,REP.VP.2012.TRUMP,Donald Trump to be Republican VP nominee in 2012,1,0.4,Dec/15/2011 20:33:54
749687,REP.VP.2012.TRUMP,Donald Trump to be Republican VP nominee in 2012,20,0.5,Dec/15/2011 20:33:54
749687,REP.VP.2012.TRUMP,Donald Trump to be Republican VP nominee in 2012,5,0.5,Dec/15/2011 20:33:54
749687,REP.VP.2012.TRUMP,Donald Trump to be Republican VP nominee in 2012,1,0.4,Dec/15/2011 20:33:54
749687,REP.VP.2012.TRUMP,Donald Trump to be Republican VP nominee in 2012,1,0.6,Dec/15/2011 20:34:15
749687,REP.VP.2012.TRUMP,Donald Trump to be Republican VP nominee in 2012,1,0.6,Dec/15/2011 20:34:15
749687,REP.VP.2012.TRUMP,Donald Trump to be Republican VP nominee in 2012,2,0.3,Dec/16/2011 03:41:07
749687,REP.VP.2012.TRUMP,Donald Trump to be Republican VP nominee in 2012,1,0.3,Dec/16/2011 03:41:07
749687,REP.VP.2012.TRUMP,Donald Trump to be Republican VP nominee in 2012,1,0.2,Dec/16/2011 09:42:32
749687,REP.VP.2012.TRUMP,Donald Trump to be Republican VP nominee in 2012,1,0.3,Dec/16/2011 19:11:09
749687,REP.VP.2012.TRUMP,Donald Trump to be Republican VP nominee in 2012,1,0.3,Dec/17/2011 18:48:35
749687,REP.VP.2012.TRUMP,Donald Trump to be Republican VP nominee in 2012,1,0.3,Dec/17/2011 18:48:49
749687,REP.VP.2012.TRUMP,Donald Trump to be Republican VP nominee in 2012,1,0.4,Dec/20/2011 08:26:22
749687,REP.VP.2012.TRUMP,Donald Trump to be Republican VP nominee in 2012,1,0.5,Dec/20/2011 08:26:22
749687,REP.VP.2012.TRUMP,Donald Trump to be Republican VP nominee in 2012,2,0.4,Dec/20/2011 08:26:22
749687,REP.VP.2012.TRUMP,Donald Trump to be Republican VP nominee in 2012,50,0.5,Dec/20/2011 08:26:22
749687,REP.VP.2012.TRUMP,Donald Trump to be Republican VP nominee in 2012,2,0.3,Dec/20/2011 16:26:21
749687,REP.VP.2012.TRUMP,Donald Trump to be Republican VP nominee in 2012,1,0.3,Dec/20/2011 16:27:00
749687,REP.VP.2012.TRUMP,Donald Trump to be Republican VP nominee in 2012,1,0.4,Dec/23/2011 15:24:06
749687,REP.VP.2012.TRUMP,Donald Trump to be Republican VP nominee in 2012,1,0.5,Dec/23/2011 15:24:06
749687,REP.VP.2012.TRUMP,Donald Trump to be Republican VP nominee in 2012,3,0.4,Dec/23/2011 15:24:06
749687,REP.VP.2012.TRUMP,Donald Trump to be Republican VP nominee in 2012,1,0.3,Dec/23/2011 21:19:39
749687,REP.VP.2012.TRUMP,Donald Trump to be Republican VP nominee in 2012,2,0.3,Dec/29/2011 02:53:15
749687,REP.VP.2012.TRUMP,Donald Trump to be Republican VP nominee in 2012,48,0.3,Dec/29/2011 16:47:48
749687,REP.VP.2012.TRUMP,Donald Trump to be Republican VP nominee in 2012,3,0.2,Jan/04/2012 19:18:23
749687,REP.VP.2012.TRUMP,Donald Trump to be Republican VP nominee in 2012,7,0.2,Jan/04/2012 19:18:23
749687,REP.VP.2012.TRUMP,Donald Trump to be Republican VP nominee in 2012,9,0.2,Jan/04/2012 19:29:41
749687,REP.VP.2012.TRUMP,Donald Trump to be Republican VP nominee in 2012,4,0.3,Jan/16/2012 02:58:18
749687,REP.VP.2012.TRUMP,Donald Trump to be Republican VP nominee in 2012,4,0.2,Jan/17/2012 03:58:19
749687,REP.VP.2012.TRUMP,Donald Trump to be Republican VP nominee in 2012,20,0.2,Jan/17/2012 22:25:05
749687,REP.VP.2012.TRUMP,Donald Trump to be Republican VP nominee in 2012,4,0.2,Jan/18/2012 01:36:39
749687,REP.VP.2012.TRUMP,Donald Trump to be Republican VP nominee in 2012,1,0.2,Jan/18/2012 03:42:12
749687,REP.VP.2012.TRUMP,Donald Trump to be Republican VP nominee in 2012,5,0.2,Jan/18/2012 22:54:36
749687,REP.VP.2012.TRUMP,Donald Trump to be Republican VP nominee in 2012,55,0.2,Jan/18/2012 22:54:36
749687,REP.VP.2012.TRUMP,Donald Trump to be Republican VP nominee in 2012,1,0.2,Jan/20/2012 04:04:25
749687,REP.VP.2012.TRUMP,Donald Trump to be Republican VP nominee in 2012,82,0.1,Jan/22/2012 21:53:14
749687,REP.VP.2012.TRUMP,Donald Trump to be Republican VP nominee in 2012,10,0.1,Jan/22/2012 21:53:14
749687,REP.VP.2012.TRUMP,Donald Trump to be Republican VP nominee in 2012,5,0.2,Jan/23/2012 04:01:36
749687,REP.VP.2012.TRUMP,Donald Trump to be Republican VP nominee in 2012,18,0.1,Jan/23/2012 19:29:04
749687,REP.VP.2012.TRUMP,Donald Trump to be Republican VP nominee in 2012,17,0.1,Jan/23/2012 19:29:04
749687,REP.VP.2012.TRUMP,Donald Trump to be Republican VP nominee in 2012,5,0.2,Jan/25/2012 05:44:27
749687,REP.VP.2012.TRUMP,Donald Trump to be Republican VP nominee in 2012,50,0.2,Jan/25/2012 05:44:27
749687,REP.VP.2012.TRUMP,Donald Trump to be Republican VP nominee in 2012,82,0.2,Jan/25/2012 05:44:27
749687,REP.VP.2012.TRUMP,Donald Trump to be Republican VP nominee in 2012,1,0.2,Jan/25/2012 05:44:27
749687,REP.VP.2012.TRUMP,Donald Trump to be Republican VP nominee in 2012,10,0.2,Jan/25/2012 05:44:27
749687,REP.VP.2012.TRUMP,Donald Trump to be Republican VP nominee in 2012,30,0.2,Jan/25/2012 05:44:27
749687,REP.VP.2012.TRUMP,Donald Trump to be Republican VP nominee in 2012,35,0.2,Jan/25/2012 05:44:27
749687,REP.VP.2012.TRUMP,Donald Trump to be Republican VP nominee in 2012,40,0.1,Jan/27/2012 01:19:23
749687,REP.VP.2012.TRUMP,Donald Trump to be Republican VP nominee in 2012,42,0.1,Jan/27/2012 01:37:40
749687,REP.VP.2012.TRUMP,Donald Trump to be Republican VP nominee in 2012,43,0.1,Jan/27/2012 01:37:40
749687,REP.VP.2012.TRUMP,Donald Trump to be Republican VP nominee in 2012,25,0.1,Jan/27/2012 01:55:25
749687,REP.VP.2012.TRUMP,Donald Trump to be Republican VP nominee in 2012,65,0.1,Jan/27/2012 02:18:03
749687,REP.VP.2012.TRUMP,Donald Trump to be Republican VP nominee in 2012,25,0.1,Jan/27/2012 02:19:30
749687,REP.VP.2012.TRUMP,Donald Trump to be Republican VP nominee in 2012,25,0.1,Jan/27/2012 04:19:59
749687,REP.VP.2012.TRUMP,Donald Trump to be Republican VP nominee in 2012,25,0.1,Jan/29/2012 23:11:49
749687,REP.VP.2012.TRUMP,Donald Trump to be Republican VP nominee in 2012,100,0.1,Feb/01/2012 03:08:17
749687,REP.VP.2012.TRUMP,Donald Trump to be Republican VP nominee in 2012,19,0.1,Feb/07/2012 15:45:44
749687,REP.VP.2012.TRUMP,Donald Trump to be Republican VP nominee in 2012,87,0.1,Feb/11/2012 06:01:11
749687,REP.VP.2012.TRUMP,Donald Trump to be Republican VP nominee in 2012,17,0.1,Feb/15/2012 17:01:59
749687,REP.VP.2012.TRUMP,Donald Trump to be Republican VP nominee in 2012,23,0.1,Feb/16/2012 03:47:19
749687,REP.VP.2012.TRUMP,Donald Trump to be Republican VP nominee in 2012,5,0.1,Feb/16/2012 03:47:19
749687,REP.VP.2012.TRUMP,Donald Trump to be Republican VP nominee in 2012,10,0.1,Feb/16/2012 03:47:19
749687,REP.VP.2012.TRUMP,Donald Trump to be Republican VP nominee in 2012,70,0.1,Feb/16/2012 03:47:19
749687,REP.VP.2012.TRUMP,Donald Trump to be Republican VP nominee in 2012,50,0.2,Feb/16/2012 12:20:41
749687,REP.VP.2012.TRUMP,Donald Trump to be Republican VP nominee in 2012,50,0.2,Feb/16/2012 12:20:41
749687,REP.VP.2012.TRUMP,Donald Trump to be Republican VP nominee in 2012,1,0.2,Feb/16/2012 12:20:41
749687,REP.VP.2012.TRUMP,Donald Trump to be Republican VP nominee in 2012,25,0.2,Feb/16/2012 12:20:41
749687,REP.VP.2012.TRUMP,Donald Trump to be Republican VP nominee in 2012,100,0.2,Feb/16/2012 12:20:41
749687,REP.VP.2012.TRUMP,Donald Trump to be Republican VP nominee in 2012,25,0.2,Feb/16/2012 12:20:41
749687,REP.VP.2012.TRUMP,Donald Trump to be Republican VP nominee in 2012,75,0.2,Feb/16/2012 12:20:41
749687,REP.VP.2012.TRUMP,Donald Trump to be Republican VP nominee in 2012,40,0.2,Feb/16/2012 12:20:41
749687,REP.VP.2012.TRUMP,Donald Trump to be Republican VP nominee in 2012,25,0.2,Feb/16/2012 12:20:41
749687,REP.VP.2012.TRUMP,Donald Trump to be Republican VP nominee in 2012,50,0.2,Feb/16/2012 12:20:41
749687,REP.VP.2012.TRUMP,Donald Trump to be Republican VP nominee in 2012,80,0.2,Feb/16/2012 12:20:41
749687,REP.VP.2012.TRUMP,Donald Trump to be Republican VP nominee in 2012,50,0.2,Feb/16/2012 12:20:41
749687,REP.VP.2012.TRUMP,Donald Trump to be Republican VP nominee in 2012,20,0.2,Feb/16/2012 12:20:41
749687,REP.VP.2012.TRUMP,Donald Trump to be Republican VP nominee in 2012,50,0.2,Feb/16/2012 12:20:41
749687,REP.VP.2012.TRUMP,Donald Trump to be Republican VP nominee in 2012,50,0.2,Feb/16/2012 12:20:41
749687,REP.VP.2012.TRUMP,Donald Trump to be Republican VP nominee in 2012,50,0.2,Feb/16/2012 12:20:41
749687,REP.VP.2012.TRUMP,Donald Trump to be Republican VP nominee in 2012,80,0.2,Feb/16/2012 12:20:41
749687,REP.VP.2012.TRUMP,Donald Trump to be Republican VP nominee in 2012,50,0.2,Feb/16/2012 12:20:41
749687,REP.VP.2012.TRUMP,Donald Trump to be Republican VP nominee in 2012,50,0.2,Feb/16/2012 12:20:41
749687,REP.VP.2012.TRUMP,Donald Trump to be Republican VP nominee in 2012,50,0.2,Feb/16/2012 12:20:41
749687,REP.VP.2012.TRUMP,Donald Trump to be Republican VP nominee in 2012,77,0.1,Feb/29/2012 17:10:32
749687,REP.VP.2012.TRUMP,Donald Trump to be Republican VP nominee in 2012,85,0.1,Feb/29/2012 17:10:32
749687,REP.VP.2012.TRUMP,Donald Trump to be Republican VP nominee in 2012,35,0.1,Feb/29/2012 17:10:32
749687,REP.VP.2012.TRUMP,Donald Trump to be Republican VP nominee in 2012,15,0.1,Feb/29/2012 17:10:32
749687,REP.VP.2012.TRUMP,Donald Trump to be Republican VP nominee in 2012,75,0.1,Mar/07/2012 22:33:58
749687,REP.VP.2012.TRUMP,Donald Trump to be Republican VP nominee in 2012,6,0.1,Mar/08/2012 02:33:27
749687,REP.VP.2012.TRUMP,Donald Trump to be Republican VP nominee in 2012,4,0.1,Mar/08/2012 02:33:49
749687,REP.VP.2012.TRUMP,Donald Trump to be Republican VP nominee in 2012,1,0.1,Mar/15/2012 14:42:35
749687,REP.VP.2012.TRUMP,Donald Trump to be Republican VP nominee in 2012,100,0.1,Mar/17/2012 08:26:13
749687,REP.VP.2012.TRUMP,Donald Trump to be Republican VP nominee in 2012,1,0.2,Mar/22/2012 06:38:49
749687,REP.VP.2012.TRUMP,Donald Trump to be Republican VP nominee in 2012,2,0.1,Mar/23/2012 13:41:52
749687,REP.VP.2012.TRUMP,Donald Trump to be Republican VP nominee in 2012,8,0.1,Mar/23/2012 13:59:23
749687,REP.VP.2012.TRUMP,Donald Trump to be Republican VP nominee in 2012,3,0.1,Mar/23/2012 14:00:25
749687,REP.VP.2012.TRUMP,Donald Trump to be Republican VP nominee in 2012,1,0.1,Mar/23/2012 14:02:28
749687,REP.VP.2012.TRUMP,Donald Trump to be Republican VP nominee in 2012,1,0.1,Mar/23/2012 14:06:16
749687,REP.VP.2012.TRUMP,Donald Trump to be Republican VP nominee in 2012,12,0.1,Mar/25/2012 15:11:17
749687,REP.VP.2012.TRUMP,Donald Trump to be Republican VP nominee in 2012,20,0.1,Mar/25/2012 22:28:54
749687,REP.VP.2012.TRUMP,Donald Trump to be Republican VP nominee in 2012,20,0.1,Mar/26/2012 19:26:33
749687,REP.VP.2012.TRUMP,Donald Trump to be Republican VP nominee in 2012,9,0.1,Mar/27/2012 03:23:42
749687,REP.VP.2012.TRUMP,Donald Trump to be Republican VP nominee in 2012,1,0.1,Mar/27/2012 14:09:32
749687,REP.VP.2012.TRUMP,Donald Trump to be Republican VP nominee in 2012,2,0.1,Mar/27/2012 14:09:54
749687,REP.VP.2012.TRUMP,Donald Trump to be Republican VP nominee in 2012,1,0.1,Mar/27/2012 14:13:06
749687,REP.VP.2012.TRUMP,Donald Trump to be Republican VP nominee in 2012,1,0.1,Mar/27/2012 14:38:19
749687,REP.VP.2012.TRUMP,Donald Trump to be Republican VP nominee in 2012,5,0.1,Mar/27/2012 14:46:12
749687,REP.VP.2012.TRUMP,Donald Trump to be Republican VP nominee in 2012,3,0.1,Mar/27/2012 14:47:16
749687,REP.VP.2012.TRUMP,Donald Trump to be Republican VP nominee in 2012,2,0.1,Mar/27/2012 14:48:20
749687,REP.VP.2012.TRUMP,Donald Trump to be Republican VP nominee in 2012,3,0.1,Mar/27/2012 14:49:12
749687,REP.VP.2012.TRUMP,Donald Trump to be Republican VP nominee in 2012,7,0.1,Mar/27/2012 14:51:34
749687,REP.VP.2012.TRUMP,Donald Trump to be Republican VP nominee in 2012,7,0.1,Mar/27/2012 14:52:06
749687,REP.VP.2012.TRUMP,Donald Trump to be Republican VP nominee in 2012,8,0.1,Mar/27/2012 14:52:26
749687,REP.VP.2012.TRUMP,Donald Trump to be Republican VP nominee in 2012,8,0.1,Mar/27/2012 14:52:57
749687,REP.VP.2012.TRUMP,Donald Trump to be Republican VP nominee in 2012,2,0.1,Mar/27/2012 14:53:18
749687,REP.VP.2012.TRUMP,Donald Trump to be Republican VP nominee in 2012,1,0.1,Mar/27/2012 14:53:49
749687,REP.VP.2012.TRUMP,Donald Trump to be Republican VP nominee in 2012,9,0.1,Mar/27/2012 14:55:05
749687,REP.VP.2012.TRUMP,Donald Trump to be Republican VP nominee in 2012,6,0.1,Mar/27/2012 14:56:24
749687,REP.VP.2012.TRUMP,Donald Trump to be Republican VP nominee in 2012,4,0.1,Mar/27/2012 14:56:47
749687,REP.VP.2012.TRUMP,Donald Trump to be Republican VP nominee in 2012,9,0.1,Mar/27/2012 14:58:31
749687,REP.VP.2012.TRUMP,Donald Trump to be Republican VP nominee in 2012,5,0.1,Mar/27/2012 14:58:54
749687,REP.VP.2012.TRUMP,Donald Trump to be Republican VP nominee in 2012,3,0.1,Mar/27/2012 14:59:57
749687,REP.VP.2012.TRUMP,Donald Trump to be Republican VP nominee in 2012,1,0.1,Mar/27/2012 15:20:34
749687,REP.VP.2012.TRUMP,Donald Trump to be Republican VP nominee in 2012,1,0.1,Mar/27/2012 15:52:39
749687,REP.VP.2012.TRUMP,Donald Trump to be Republican VP nominee in 2012,1,0.1,Mar/27/2012 16:06:11
749687,REP.VP.2012.TRUMP,Donald Trump to be Republican VP nominee in 2012,3,0.1,Mar/27/2012 19:03:52
749687,REP.VP.2012.TRUMP,Donald Trump to be Republican VP nominee in 2012,20,0.1,Mar/27/2012 20:07:18
749687,REP.VP.2012.TRUMP,Donald Trump to be Republican VP nominee in 2012,20,0.1,Mar/27/2012 23:51:12
749687,REP.VP.2012.TRUMP,Donald Trump to be Republican VP nominee in 2012,10,0.1,Mar/30/2012 22:15:25
749687,REP.VP.2012.TRUMP,Donald Trump to be Republican VP nominee in 2012,10,0.1,Mar/31/2012 00:10:36
749687,REP.VP.2012.TRUMP,Donald Trump to be Republican VP nominee in 2012,7,0.1,Mar/31/2012 00:10:36
749687,REP.VP.2012.TRUMP,Donald Trump to be Republican VP nominee in 2012,25,0.1,Mar/31/2012 21:39:54
749687,REP.VP.2012.TRUMP,Donald Trump to be Republican VP nominee in 2012,4,0.1,Apr/02/2012 16:56:29
749687,REP.VP.2012.TRUMP,Donald Trump to be Republican VP nominee in 2012,20,0.1,Apr/03/2012 20:49:00
749687,REP.VP.2012.TRUMP,Donald Trump to be Republican VP nominee in 2012,1,0.2,Apr/04/2012 04:19:27
749687,REP.VP.2012.TRUMP,Donald Trump to be Republican VP nominee in 2012,4,0.2,Apr/04/2012 04:19:27
749687,REP.VP.2012.TRUMP,Donald Trump to be Republican VP nominee in 2012,5,0.1,Apr/04/2012 05:05:36
749687,REP.VP.2012.TRUMP,Donald Trump to be Republican VP nominee in 2012,5,0.1,Apr/04/2012 16:12:03
749687,REP.VP.2012.TRUMP,Donald Trump to be Republican VP nominee in 2012,20,0.1,Apr/04/2012 17:02:57
749687,REP.VP.2012.TRUMP,Donald Trump to be Republican VP nominee in 2012,20,0.1,Apr/05/2012 19:27:57
749687,REP.VP.2012.TRUMP,Donald Trump to be Republican VP nominee in 2012,20,0.1,Apr/07/2012 05:01:35
749687,REP.VP.2012.TRUMP,Donald Trump to be Republican VP nominee in 2012,6,0.1,Apr/07/2012 18:24:21
749687,REP.VP.2012.TRUMP,Donald Trump to be Republican VP nominee in 2012,3,0.1,Apr/09/2012 02:16:54
749687,REP.VP.2012.TRUMP,Donald Trump to be Republican VP nominee in 2012,1,0.1,Apr/09/2012 13:56:12
749687,REP.VP.2012.TRUMP,Donald Trump to be Republican VP nominee in 2012,5,0.1,Apr/09/2012 14:23:17
749687,REP.VP.2012.TRUMP,Donald Trump to be Republican VP nominee in 2012,5,0.1,Apr/09/2012 14:23:38
749687,REP.VP.2012.TRUMP,Donald Trump to be Republican VP nominee in 2012,5,0.1,Apr/09/2012 14:26:48
749687,REP.VP.2012.TRUMP,Donald Trump to be Republican VP nominee in 2012,4,0.1,Apr/09/2012 14:32:03
749687,REP.VP.2012.TRUMP,Donald Trump to be Republican VP nominee in 2012,18,0.1,Apr/09/2012 14:32:34
749687,REP.VP.2012.TRUMP,Donald Trump to be Republican VP nominee in 2012,1,0.2,Apr/10/2012 21:22:02
749687,REP.VP.2012.TRUMP,Donald Trump to be Republican VP nominee in 2012,4,0.1,Apr/11/2012 19:08:13
749687,REP.VP.2012.TRUMP,Donald Trump to be Republican VP nominee in 2012,1,0.1,Apr/11/2012 19:35:08
749687,REP.VP.2012.TRUMP,Donald Trump to be Republican VP nominee in 2012,3,0.1,Apr/11/2012 19:36:53
749687,REP.VP.2012.TRUMP,Donald Trump to be Republican VP nominee in 2012,20,0.1,Apr/11/2012 20:20:08
749687,REP.VP.2012.TRUMP,Donald Trump to be Republican VP nominee in 2012,20,0.1,Apr/11/2012 20:27:05
749687,REP.VP.2012.TRUMP,Donald Trump to be Republican VP nominee in 2012,15,0.1,Apr/11/2012 20:35:27
749687,REP.VP.2012.TRUMP,Donald Trump to be Republican VP nominee in 2012,264,0.1,Apr/13/2012 15:15:47
749687,REP.VP.2012.TRUMP,Donald Trump to be Republican VP nominee in 2012,136,0.1,Apr/13/2012 15:15:47
749687,REP.VP.2012.TRUMP,Donald Trump to be Republican VP nominee in 2012,4,0.1,Apr/13/2012 20:15:31
749687,REP.VP.2012.TRUMP,Donald Trump to be Republican VP nominee in 2012,25,0.1,Apr/14/2012 05:50:34
749687,REP.VP.2012.TRUMP,Donald Trump to be Republican VP nominee in 2012,1,0.1,Apr/19/2012 01:33:38
749687,REP.VP.2012.TRUMP,Donald Trump to be Republican VP nominee in 2012,10,0.2,Apr/20/2012 13:59:23
749687,REP.VP.2012.TRUMP,Donald Trump to be Republican VP nominee in 2012,10,0.2,Apr/20/2012 20:16:35
749687,REP.VP.2012.TRUMP,Donald Trump to be Republican VP nominee in 2012,15,0.2,Apr/20/2012 20:16:35
749687,REP.VP.2012.TRUMP,Donald Trump to be Republican VP nominee in 2012,1,0.1,Apr/20/2012 21:32:56
749687,REP.VP.2012.TRUMP,Donald Trump to be Republican VP nominee in 2012,4,0.1,Apr/21/2012 04:09:08
749687,REP.VP.2012.TRUMP,Donald Trump to be Republican VP nominee in 2012,1,0.1,Apr/21/2012 06:01:39
749687,REP.VP.2012.TRUMP,Donald Trump to be Republican VP nominee in 2012,2,0.1,Apr/21/2012 06:19:25
749687,REP.VP.2012.TRUMP,Donald Trump to be Republican VP nominee in 2012,1,0.1,Apr/21/2012 07:23:13
749687,REP.VP.2012.TRUMP,Donald Trump to be Republican VP nominee in 2012,4,0.1,Apr/24/2012 17:23:26
749687,REP.VP.2012.TRUMP,Donald Trump to be Republican VP nominee in 2012,15,0.1,Apr/25/2012 17:31:43
749687,REP.VP.2012.TRUMP,Donald Trump to be Republican VP nominee in 2012,1,0.1,Apr/27/2012 14:28:02
749687,REP.VP.2012.TRUMP,Donald Trump to be Republican VP nominee in 2012,2884,0.1,Apr/28/2012 03:52:03
749687,REP.VP.2012.TRUMP,Donald Trump to be Republican VP nominee in 2012,1,0.1,Apr/28/2012 03:52:03
749687,REP.VP.2012.TRUMP,Donald Trump to be Republican VP nominee in 2012,15,0.2,Apr/28/2012 03:53:14
749687,REP.VP.2012.TRUMP,Donald Trump to be Republican VP nominee in 2012,1,0.2,Apr/28/2012 03:53:14
749687,REP.VP.2012.TRUMP,Donald Trump to be Republican VP nominee in 2012,25,0.2,Apr/28/2012 03:53:14
749687,REP.VP.2012.TRUMP,Donald Trump to be Republican VP nominee in 2012,4,0.2,Apr/28/2012 03:53:14
749687,REP.VP.2012.TRUMP,Donald Trump to be Republican VP nominee in 2012,1000,0.2,Apr/28/2012 03:53:14
749687,REP.VP.2012.TRUMP,Donald Trump to be Republican VP nominee in 2012,25,0.2,Apr/28/2012 03:53:14
749687,REP.VP.2012.TRUMP,Donald Trump to be Republican VP nominee in 2012,1,0.3,Apr/28/2012 03:54:47
749687,REP.VP.2012.TRUMP,Donald Trump to be Republican VP nominee in 2012,50,0.3,Apr/28/2012 03:54:47
749687,REP.VP.2012.TRUMP,Donald Trump to be Republican VP nominee in 2012,2,0.3,Apr/28/2012 03:54:47
749687,REP.VP.2012.TRUMP,Donald Trump to be Republican VP nominee in 2012,3,0.4,Apr/28/2012 03:55:37
749687,REP.VP.2012.TRUMP,Donald Trump to be Republican VP nominee in 2012,50,0.4,Apr/28/2012 03:55:37
749687,REP.VP.2012.TRUMP,Donald Trump to be Republican VP nominee in 2012,1,0.4,Apr/28/2012 03:55:37
749687,REP.VP.2012.TRUMP,Donald Trump to be Republican VP nominee in 2012,1,0.5,Apr/28/2012 03:56:20
749687,REP.VP.2012.TRUMP,Donald Trump to be Republican VP nominee in 2012,500,0.5,Apr/28/2012 03:56:20
749687,REP.VP.2012.TRUMP,Donald Trump to be Republican VP nominee in 2012,10,0.5,Apr/28/2012 03:56:20
749687,REP.VP.2012.TRUMP,Donald Trump to be Republican VP nominee in 2012,50,0.1,Apr/28/2012 22:06:50
749687,REP.VP.2012.TRUMP,Donald Trump to be Republican VP nominee in 2012,453,0.1,May/01/2012 21:12:10
749687,REP.VP.2012.TRUMP,Donald Trump to be Republican VP nominee in 2012,1,0.1,May/02/2012 17:56:57
749687,REP.VP.2012.TRUMP,Donald Trump to be Republican VP nominee in 2012,1,0.1,May/02/2012 17:57:18
749687,REP.VP.2012.TRUMP,Donald Trump to be Republican VP nominee in 2012,2,0.1,May/02/2012 17:57:59
749687,REP.VP.2012.TRUMP,Donald Trump to be Republican VP nominee in 2012,6,0.1,May/02/2012 17:58:39
749687,REP.VP.2012.TRUMP,Donald Trump to be Republican VP nominee in 2012,4,0.1,May/02/2012 17:59:41
749687,REP.VP.2012.TRUMP,Donald Trump to be Republican VP nominee in 2012,6,0.1,May/02/2012 18:00:03
749687,REP.VP.2012.TRUMP,Donald Trump to be Republican VP nominee in 2012,4,0.1,May/02/2012 18:00:24
749687,REP.VP.2012.TRUMP,Donald Trump to be Republican VP nominee in 2012,1,0.1,May/02/2012 18:01:28
749687,REP.VP.2012.TRUMP,Donald Trump to be Republican VP nominee in 2012,50,0.1,May/03/2012 18:33:35
749687,REP.VP.2012.TRUMP,Donald Trump to be Republican VP nominee in 2012,1,0.1,May/07/2012 01:43:42
749687,REP.VP.2012.TRUMP,Donald Trump to be Republican VP nominee in 2012,50,0.1,May/07/2012 20:34:04
749687,REP.VP.2012.TRUMP,Donald Trump to be Republican VP nominee in 2012,50,0.1,May/11/2012 05:05:58
749687,REP.VP.2012.TRUMP,Donald Trump to be Republican VP nominee in 2012,35,0.1,May/11/2012 05:07:13
749687,REP.VP.2012.TRUMP,Donald Trump to be Republican VP nominee in 2012,50,0.1,May/13/2012 19:18:27
749687,REP.VP.2012.TRUMP,Donald Trump to be Republican VP nominee in 2012,5,0.1,May/17/2012 15:37:36
749687,REP.VP.2012.TRUMP,Donald Trump to be Republican VP nominee in 2012,38,0.1,May/17/2012 15:37:36
749687,REP.VP.2012.TRUMP,Donald Trump to be Republican VP nominee in 2012,40,0.1,May/17/2012 15:37:36
749687,REP.VP.2012.TRUMP,Donald Trump to be Republican VP nominee in 2012,3643,0.1,May/24/2012 13:15:49
749687,REP.VP.2012.TRUMP,Donald Trump to be Republican VP nominee in 2012,48,0.1,May/24/2012 13:15:49
749687,REP.VP.2012.TRUMP,Donald Trump to be Republican VP nominee in 2012,1,0.1,May/24/2012 13:15:49
749687,REP.VP.2012.TRUMP,Donald Trump to be Republican VP nominee in 2012,1,0.2,May/24/2012 15:56:49
749687,REP.VP.2012.TRUMP,Donald Trump to be Republican VP nominee in 2012,5,0.2,May/24/2012 15:56:49
749687,REP.VP.2012.TRUMP,Donald Trump to be Republican VP nominee in 2012,4,0.2,May/24/2012 15:56:49
749687,REP.VP.2012.TRUMP,Donald Trump to be Republican VP nominee in 2012,2,0.2,May/24/2012 16:25:13
749687,REP.VP.2012.TRUMP,Donald Trump to be Republican VP nominee in 2012,65,0.1,May/28/2012 02:50:08
749687,REP.VP.2012.TRUMP,Donald Trump to be Republican VP nominee in 2012,50,0.1,May/29/2012 21:23:38
749687,REP.VP.2012.TRUMP,Donald Trump to be Republican VP nominee in 2012,6,0.1,May/30/2012 15:15:47
749687,REP.VP.2012.TRUMP,Donald Trump to be Republican VP nominee in 2012,5,0.1,May/30/2012 15:15:47
749687,REP.VP.2012.TRUMP,Donald Trump to be Republican VP nominee in 2012,120,0.1,May/30/2012 15:15:47
749687,REP.VP.2012.TRUMP,Donald Trump to be Republican VP nominee in 2012,1193,0.1,May/30/2012 15:15:47
749687,REP.VP.2012.TRUMP,Donald Trump to be Republican VP nominee in 2012,200,0.1,May/30/2012 22:02:32
749687,REP.VP.2012.TRUMP,Donald Trump to be Republican VP nominee in 2012,75,0.1,May/31/2012 10:07:18
749687,REP.VP.2012.TRUMP,Donald Trump to be Republican VP nominee in 2012,150,0.1,May/31/2012 10:13:13
749687,REP.VP.2012.TRUMP,Donald Trump to be Republican VP nominee in 2012,1,0.1,May/31/2012 10:29:18
749687,REP.VP.2012.TRUMP,Donald Trump to be Republican VP nominee in 2012,51,0.1,May/31/2012 10:29:18
749687,REP.VP.2012.TRUMP,Donald Trump to be Republican VP nominee in 2012,34,0.2,May/31/2012 10:30:14
749687,REP.VP.2012.TRUMP,Donald Trump to be Republican VP nominee in 2012,1,0.2,May/31/2012 10:30:14
749687,REP.VP.2012.TRUMP,Donald Trump to be Republican VP nominee in 2012,113,0.2,May/31/2012 10:30:14
749687,REP.VP.2012.TRUMP,Donald Trump to be Republican VP nominee in 2012,34,0.1,May/31/2012 14:47:43
749687,REP.VP.2012.TRUMP,Donald Trump to be Republican VP nominee in 2012,100,0.1,Jun/03/2012 04:21:09
749687,REP.VP.2012.TRUMP,Donald Trump to be Republican VP nominee in 2012,334,0.1,Jul/03/2012 17:13:19
749687,REP.VP.2012.TRUMP,Donald Trump to be Republican VP nominee in 2012,166,0.1,Jul/03/2012 17:13:19
749687,REP.VP.2012.TRUMP,Donald Trump to be Republican VP nominee in 2012,50,0.1,Jul/26/2012 02:28:52
749687,REP.VP.2012.TRUMP,Donald Trump to be Republican VP nominee in 2012,270,0.1,Aug/07/2012 23:59:18
749687,REP.VP.2012.TRUMP,Donald Trump to be Republican VP nominee in 2012,2000,0.1,Aug/07/2012 23:59:18
749687,REP.VP.2012.TRUMP,Donald Trump to be Republican VP nominee in 2012,3,0.1,Aug/07/2012 23:59:18
749687,REP.VP.2012.TRUMP,Donald Trump to be Republican VP nominee in 2012,100,0.1,Aug/07/2012 23:59:18
749687,REP.VP.2012.TRUMP,Donald Trump to be Republican VP nominee in 2012,1,0.1,Aug/07/2012 23:59:18
749687,REP.VP.2012.TRUMP,Donald Trump to be Republican VP nominee in 2012,105,0.1,Aug/07/2012 23:59:18
749687,REP.VP.2012.TRUMP,Donald Trump to be Republican VP nominee in 2012,100,0.1,Aug/07/2012 23:59:18
749687,REP.VP.2012.TRUMP,Donald Trump to be Republican VP nominee in 2012,23,0.1,Aug/07/2012 23:59:18
749687,REP.VP.2012.TRUMP,Donald Trump to be Republican VP nominee in 2012,10,0.2,Aug/08/2012 02:02:55
749687,REP.VP.2012.TRUMP,Donald Trump to be Republican VP nominee in 2012,4666,0.1,Aug/08/2012 02:05:08
749687,REP.VP.2012.TRUMP,Donald Trump to be Republican VP nominee in 2012,2731,0.1,Aug/08/2012 02:19:14
749687,REP.VP.2012.TRUMP,Donald Trump to be Republican VP nominee in 2012,10,0.1,Aug/08/2012 04:47:47
749687,REP.VP.2012.TRUMP,Donald Trump to be Republican VP nominee in 2012,1500,0.1,Aug/09/2012 21:10:08
749687,REP.VP.2012.TRUMP,Donald Trump to be Republican VP nominee in 2012,7,0.1,Aug/10/2012 04:40:59
749687,REP.VP.2012.TRUMP,Donald Trump to be Republican VP nominee in 2012,50,0.1,Aug/11/2012 06:02:47
749687,REP.VP.2012.TRUMP,Donald Trump to be Republican VP nominee in 2012,17,0.1,Aug/12/2012 17:06:46
