market id,market symbol,market name,trade quantity,trade price,date/time [utc]
750393,REP.VP.2012.WEST,Allen West to be Republican VP nominee in 2012,10,0.5,Jul/09/2011 17:54:31
750393,REP.VP.2012.WEST,Allen West to be Republican VP nominee in 2012,10,0.5,Jul/14/2011 06:46:10
750393,REP.VP.2012.WEST,Allen West to be Republican VP nominee in 2012,5,0.5,Jul/14/2011 06:47:15
750393,REP.VP.2012.WEST,Allen West to be Republican VP nominee in 2012,1,0.5,Jul/14/2011 10:34:10
750393,REP.VP.2012.WEST,Allen West to be Republican VP nominee in 2012,1,0.2,Jul/14/2011 10:34:18
750393,REP.VP.2012.WEST,Allen West to be Republican VP nominee in 2012,9,0.5,Jul/14/2011 11:10:09
750393,REP.VP.2012.WEST,Allen West to be Republican VP nominee in 2012,10,0.9,Jul/25/2011 20:50:30
750393,REP.VP.2012.WEST,Allen West to be Republican VP nominee in 2012,9,0.9,Jul/28/2011 04:29:28
750393,REP.VP.2012.WEST,Allen West to be Republican VP nominee in 2012,1,0.9,Jul/29/2011 03:09:29
750393,REP.VP.2012.WEST,Allen West to be Republican VP nominee in 2012,1,0.3,Aug/03/2011 09:40:42
750393,REP.VP.2012.WEST,Allen West to be Republican VP nominee in 2012,1,0.8,Aug/08/2011 16:45:20
750393,REP.VP.2012.WEST,Allen West to be Republican VP nominee in 2012,10,0.8,Aug/08/2011 16:45:20
750393,REP.VP.2012.WEST,Allen West to be Republican VP nominee in 2012,1,0.8,Aug/11/2011 20:24:17
750393,REP.VP.2012.WEST,Allen West to be Republican VP nominee in 2012,10,0.8,Aug/12/2011 02:32:09
750393,REP.VP.2012.WEST,Allen West to be Republican VP nominee in 2012,1,0.3,Sep/03/2011 03:33:30
750393,REP.VP.2012.WEST,Allen West to be Republican VP nominee in 2012,1,0.4,Sep/30/2011 09:08:07
750393,REP.VP.2012.WEST,Allen West to be Republican VP nominee in 2012,1,0.3,Sep/30/2011 09:09:22
750393,REP.VP.2012.WEST,Allen West to be Republican VP nominee in 2012,2,0.2,Oct/05/2011 00:33:02
750393,REP.VP.2012.WEST,Allen West to be Republican VP nominee in 2012,14,0.3,Oct/05/2011 22:53:49
750393,REP.VP.2012.WEST,Allen West to be Republican VP nominee in 2012,1,0.2,Oct/09/2011 23:22:15
750393,REP.VP.2012.WEST,Allen West to be Republican VP nominee in 2012,1,0.2,Oct/12/2011 07:05:57
750393,REP.VP.2012.WEST,Allen West to be Republican VP nominee in 2012,1,0.2,Oct/12/2011 11:22:37
750393,REP.VP.2012.WEST,Allen West to be Republican VP nominee in 2012,2,0.2,Oct/12/2011 11:22:48
750393,REP.VP.2012.WEST,Allen West to be Republican VP nominee in 2012,2,0.2,Oct/12/2011 11:24:27
750393,REP.VP.2012.WEST,Allen West to be Republican VP nominee in 2012,4,0.2,Oct/12/2011 11:24:31
750393,REP.VP.2012.WEST,Allen West to be Republican VP nominee in 2012,6,0.2,Oct/12/2011 11:25:37
750393,REP.VP.2012.WEST,Allen West to be Republican VP nominee in 2012,10,0.2,Oct/12/2011 11:27:30
750393,REP.VP.2012.WEST,Allen West to be Republican VP nominee in 2012,1,0.2,Oct/22/2011 22:02:21
750393,REP.VP.2012.WEST,Allen West to be Republican VP nominee in 2012,1,0.2,Oct/23/2011 10:44:09
750393,REP.VP.2012.WEST,Allen West to be Republican VP nominee in 2012,1,0.2,Oct/23/2011 10:50:40
750393,REP.VP.2012.WEST,Allen West to be Republican VP nominee in 2012,2,0.2,Oct/23/2011 11:47:14
750393,REP.VP.2012.WEST,Allen West to be Republican VP nominee in 2012,7,0.2,Oct/23/2011 14:07:30
750393,REP.VP.2012.WEST,Allen West to be Republican VP nominee in 2012,1,0.2,Oct/23/2011 14:10:43
750393,REP.VP.2012.WEST,Allen West to be Republican VP nominee in 2012,1,0.2,Oct/23/2011 14:17:41
750393,REP.VP.2012.WEST,Allen West to be Republican VP nominee in 2012,1,0.2,Oct/23/2011 14:18:34
750393,REP.VP.2012.WEST,Allen West to be Republican VP nominee in 2012,2,0.2,Oct/23/2011 14:19:18
750393,REP.VP.2012.WEST,Allen West to be Republican VP nominee in 2012,10,0.2,Oct/23/2011 15:15:03
750393,REP.VP.2012.WEST,Allen West to be Republican VP nominee in 2012,8,0.2,Oct/23/2011 15:16:15
750393,REP.VP.2012.WEST,Allen West to be Republican VP nominee in 2012,2,0.1,Oct/23/2011 15:16:15
750393,REP.VP.2012.WEST,Allen West to be Republican VP nominee in 2012,2,0.1,Oct/23/2011 15:31:46
750393,REP.VP.2012.WEST,Allen West to be Republican VP nominee in 2012,8,0.1,Oct/23/2011 15:31:46
750393,REP.VP.2012.WEST,Allen West to be Republican VP nominee in 2012,7,0.2,Oct/26/2011 05:05:08
750393,REP.VP.2012.WEST,Allen West to be Republican VP nominee in 2012,1,0.2,Oct/26/2011 05:05:08
750393,REP.VP.2012.WEST,Allen West to be Republican VP nominee in 2012,17,0.2,Oct/26/2011 05:05:08
750393,REP.VP.2012.WEST,Allen West to be Republican VP nominee in 2012,83,0.2,Nov/02/2011 23:18:20
750393,REP.VP.2012.WEST,Allen West to be Republican VP nominee in 2012,1,0.2,Nov/02/2011 23:18:20
750393,REP.VP.2012.WEST,Allen West to be Republican VP nominee in 2012,1,0.3,Nov/24/2011 09:21:52
750393,REP.VP.2012.WEST,Allen West to be Republican VP nominee in 2012,250,0.3,Nov/24/2011 09:21:52
750393,REP.VP.2012.WEST,Allen West to be Republican VP nominee in 2012,1,0.3,Nov/24/2011 09:21:52
750393,REP.VP.2012.WEST,Allen West to be Republican VP nominee in 2012,2,0.4,Nov/24/2011 09:22:27
750393,REP.VP.2012.WEST,Allen West to be Republican VP nominee in 2012,110,0.4,Nov/24/2011 09:22:27
750393,REP.VP.2012.WEST,Allen West to be Republican VP nominee in 2012,200,0.5,Nov/24/2011 09:23:08
750393,REP.VP.2012.WEST,Allen West to be Republican VP nominee in 2012,50,0.5,Nov/24/2011 09:23:08
750393,REP.VP.2012.WEST,Allen West to be Republican VP nominee in 2012,50,0.5,Nov/24/2011 09:23:08
750393,REP.VP.2012.WEST,Allen West to be Republican VP nominee in 2012,1,0.7,Nov/24/2011 18:52:17
750393,REP.VP.2012.WEST,Allen West to be Republican VP nominee in 2012,1,0.7,Nov/24/2011 18:52:17
750393,REP.VP.2012.WEST,Allen West to be Republican VP nominee in 2012,1,0.8,Nov/24/2011 18:52:17
750393,REP.VP.2012.WEST,Allen West to be Republican VP nominee in 2012,4,0.5,Nov/25/2011 20:57:39
750393,REP.VP.2012.WEST,Allen West to be Republican VP nominee in 2012,5,0.8,Nov/30/2011 17:50:17
750393,REP.VP.2012.WEST,Allen West to be Republican VP nominee in 2012,1,0.8,Nov/30/2011 17:50:17
750393,REP.VP.2012.WEST,Allen West to be Republican VP nominee in 2012,2,0.9,Nov/30/2011 17:50:26
750393,REP.VP.2012.WEST,Allen West to be Republican VP nominee in 2012,92,1.0,Nov/30/2011 17:50:56
750393,REP.VP.2012.WEST,Allen West to be Republican VP nominee in 2012,100,1.0,Nov/30/2011 17:51:39
750393,REP.VP.2012.WEST,Allen West to be Republican VP nominee in 2012,92,1.0,Nov/30/2011 17:52:50
750393,REP.VP.2012.WEST,Allen West to be Republican VP nominee in 2012,108,1.0,Nov/30/2011 17:52:50
750393,REP.VP.2012.WEST,Allen West to be Republican VP nominee in 2012,8,1.0,Nov/30/2011 17:53:27
750393,REP.VP.2012.WEST,Allen West to be Republican VP nominee in 2012,1,1.0,Nov/30/2011 17:53:27
750393,REP.VP.2012.WEST,Allen West to be Republican VP nominee in 2012,50,1.5,Nov/30/2011 17:53:52
750393,REP.VP.2012.WEST,Allen West to be Republican VP nominee in 2012,50,1.5,Nov/30/2011 17:53:52
750393,REP.VP.2012.WEST,Allen West to be Republican VP nominee in 2012,2,1.5,Nov/30/2011 18:09:03
750393,REP.VP.2012.WEST,Allen West to be Republican VP nominee in 2012,1,1.9,Nov/30/2011 18:09:28
750393,REP.VP.2012.WEST,Allen West to be Republican VP nominee in 2012,110,1.9,Nov/30/2011 18:09:28
750393,REP.VP.2012.WEST,Allen West to be Republican VP nominee in 2012,1,1.9,Nov/30/2011 18:09:59
750393,REP.VP.2012.WEST,Allen West to be Republican VP nominee in 2012,50,2.0,Nov/30/2011 18:10:45
750393,REP.VP.2012.WEST,Allen West to be Republican VP nominee in 2012,1,2.0,Nov/30/2011 18:10:45
750393,REP.VP.2012.WEST,Allen West to be Republican VP nominee in 2012,20,2.5,Dec/02/2011 10:51:19
750393,REP.VP.2012.WEST,Allen West to be Republican VP nominee in 2012,1,2.5,Dec/02/2011 10:51:19
750393,REP.VP.2012.WEST,Allen West to be Republican VP nominee in 2012,4,2.8,Dec/02/2011 10:51:52
750393,REP.VP.2012.WEST,Allen West to be Republican VP nominee in 2012,1,2.8,Dec/02/2011 10:51:52
750393,REP.VP.2012.WEST,Allen West to be Republican VP nominee in 2012,1,2.9,Dec/02/2011 10:52:12
750393,REP.VP.2012.WEST,Allen West to be Republican VP nominee in 2012,25,2.9,Dec/02/2011 10:52:12
750393,REP.VP.2012.WEST,Allen West to be Republican VP nominee in 2012,50,3.0,Dec/02/2011 10:52:46
750393,REP.VP.2012.WEST,Allen West to be Republican VP nominee in 2012,20,3.5,Dec/02/2011 10:53:01
750393,REP.VP.2012.WEST,Allen West to be Republican VP nominee in 2012,3,3.5,Dec/02/2011 10:53:01
750393,REP.VP.2012.WEST,Allen West to be Republican VP nominee in 2012,20,4.0,Dec/02/2011 10:53:14
750393,REP.VP.2012.WEST,Allen West to be Republican VP nominee in 2012,2,4.0,Dec/02/2011 10:53:14
750393,REP.VP.2012.WEST,Allen West to be Republican VP nominee in 2012,4,4.5,Dec/02/2011 10:53:37
750393,REP.VP.2012.WEST,Allen West to be Republican VP nominee in 2012,1,4.3,Dec/02/2011 23:00:27
750393,REP.VP.2012.WEST,Allen West to be Republican VP nominee in 2012,1,2.9,Dec/06/2011 22:18:36
750393,REP.VP.2012.WEST,Allen West to be Republican VP nominee in 2012,1,2.9,Dec/06/2011 22:18:36
750393,REP.VP.2012.WEST,Allen West to be Republican VP nominee in 2012,30,2.5,Dec/11/2011 17:59:55
750393,REP.VP.2012.WEST,Allen West to be Republican VP nominee in 2012,1,2.5,Dec/11/2011 17:59:55
750393,REP.VP.2012.WEST,Allen West to be Republican VP nominee in 2012,25,2.5,Dec/11/2011 17:59:55
750393,REP.VP.2012.WEST,Allen West to be Republican VP nominee in 2012,25,1.4,Dec/13/2011 21:52:01
750393,REP.VP.2012.WEST,Allen West to be Republican VP nominee in 2012,50,1.3,Dec/15/2011 13:40:35
750393,REP.VP.2012.WEST,Allen West to be Republican VP nominee in 2012,5,1.5,Dec/16/2011 20:22:59
750393,REP.VP.2012.WEST,Allen West to be Republican VP nominee in 2012,10,1.5,Dec/20/2011 05:41:32
750393,REP.VP.2012.WEST,Allen West to be Republican VP nominee in 2012,1,1.2,Dec/26/2011 16:10:06
750393,REP.VP.2012.WEST,Allen West to be Republican VP nominee in 2012,2,1.2,Dec/26/2011 16:10:06
750393,REP.VP.2012.WEST,Allen West to be Republican VP nominee in 2012,3,1.2,Dec/27/2011 16:36:57
750393,REP.VP.2012.WEST,Allen West to be Republican VP nominee in 2012,10,1.1,Dec/27/2011 16:36:57
750393,REP.VP.2012.WEST,Allen West to be Republican VP nominee in 2012,92,0.9,Dec/28/2011 16:42:46
750393,REP.VP.2012.WEST,Allen West to be Republican VP nominee in 2012,7,1.0,Dec/29/2011 15:51:05
750393,REP.VP.2012.WEST,Allen West to be Republican VP nominee in 2012,1,1.0,Dec/29/2011 15:51:05
750393,REP.VP.2012.WEST,Allen West to be Republican VP nominee in 2012,82,1.0,Dec/29/2011 15:51:05
750393,REP.VP.2012.WEST,Allen West to be Republican VP nominee in 2012,10,1.3,Dec/30/2011 16:35:45
750393,REP.VP.2012.WEST,Allen West to be Republican VP nominee in 2012,1,1.3,Dec/30/2011 16:35:45
750393,REP.VP.2012.WEST,Allen West to be Republican VP nominee in 2012,11,1.1,Jan/04/2012 17:31:35
750393,REP.VP.2012.WEST,Allen West to be Republican VP nominee in 2012,39,1.0,Jan/04/2012 19:12:52
750393,REP.VP.2012.WEST,Allen West to be Republican VP nominee in 2012,2,0.9,Jan/04/2012 19:18:23
750393,REP.VP.2012.WEST,Allen West to be Republican VP nominee in 2012,8,0.9,Jan/04/2012 19:18:23
750393,REP.VP.2012.WEST,Allen West to be Republican VP nominee in 2012,9,0.9,Jan/04/2012 19:29:41
750393,REP.VP.2012.WEST,Allen West to be Republican VP nominee in 2012,50,1.0,Jan/06/2012 14:45:15
750393,REP.VP.2012.WEST,Allen West to be Republican VP nominee in 2012,60,1.0,Jan/06/2012 14:45:15
750393,REP.VP.2012.WEST,Allen West to be Republican VP nominee in 2012,1,1.0,Jan/06/2012 14:45:15
750393,REP.VP.2012.WEST,Allen West to be Republican VP nominee in 2012,8,1.0,Jan/08/2012 19:02:47
750393,REP.VP.2012.WEST,Allen West to be Republican VP nominee in 2012,10,0.9,Jan/09/2012 16:04:03
750393,REP.VP.2012.WEST,Allen West to be Republican VP nominee in 2012,1,1.0,Jan/10/2012 22:51:23
750393,REP.VP.2012.WEST,Allen West to be Republican VP nominee in 2012,17,1.0,Jan/10/2012 22:51:23
750393,REP.VP.2012.WEST,Allen West to be Republican VP nominee in 2012,50,1.0,Jan/10/2012 22:51:23
750393,REP.VP.2012.WEST,Allen West to be Republican VP nominee in 2012,1,1.0,Jan/12/2012 14:53:05
750393,REP.VP.2012.WEST,Allen West to be Republican VP nominee in 2012,50,1.0,Jan/12/2012 14:53:05
750393,REP.VP.2012.WEST,Allen West to be Republican VP nominee in 2012,50,1.0,Jan/12/2012 14:53:05
750393,REP.VP.2012.WEST,Allen West to be Republican VP nominee in 2012,2,1.0,Jan/14/2012 00:48:03
750393,REP.VP.2012.WEST,Allen West to be Republican VP nominee in 2012,8,0.3,Jan/15/2012 00:51:00
750393,REP.VP.2012.WEST,Allen West to be Republican VP nominee in 2012,4,0.5,Jan/17/2012 03:58:19
750393,REP.VP.2012.WEST,Allen West to be Republican VP nominee in 2012,20,0.5,Jan/17/2012 22:22:34
750393,REP.VP.2012.WEST,Allen West to be Republican VP nominee in 2012,4,0.5,Jan/18/2012 01:32:57
750393,REP.VP.2012.WEST,Allen West to be Republican VP nominee in 2012,7,0.9,Jan/18/2012 01:51:30
750393,REP.VP.2012.WEST,Allen West to be Republican VP nominee in 2012,1,0.9,Jan/18/2012 01:51:30
750393,REP.VP.2012.WEST,Allen West to be Republican VP nominee in 2012,1,0.5,Jan/18/2012 03:42:12
750393,REP.VP.2012.WEST,Allen West to be Republican VP nominee in 2012,10,0.7,Jan/19/2012 03:30:29
750393,REP.VP.2012.WEST,Allen West to be Republican VP nominee in 2012,1,0.7,Jan/19/2012 03:30:29
750393,REP.VP.2012.WEST,Allen West to be Republican VP nominee in 2012,9,0.6,Jan/20/2012 00:53:03
750393,REP.VP.2012.WEST,Allen West to be Republican VP nominee in 2012,50,1.0,Jan/21/2012 17:59:13
750393,REP.VP.2012.WEST,Allen West to be Republican VP nominee in 2012,1,0.5,Jan/21/2012 17:59:13
750393,REP.VP.2012.WEST,Allen West to be Republican VP nominee in 2012,10,0.5,Jan/21/2012 17:59:13
750393,REP.VP.2012.WEST,Allen West to be Republican VP nominee in 2012,15,0.5,Jan/21/2012 17:59:13
750393,REP.VP.2012.WEST,Allen West to be Republican VP nominee in 2012,48,1.0,Jan/21/2012 17:59:13
750393,REP.VP.2012.WEST,Allen West to be Republican VP nominee in 2012,50,1.0,Jan/21/2012 17:59:13
750393,REP.VP.2012.WEST,Allen West to be Republican VP nominee in 2012,80,0.9,Jan/21/2012 17:59:13
750393,REP.VP.2012.WEST,Allen West to be Republican VP nominee in 2012,15,0.6,Jan/21/2012 17:59:13
750393,REP.VP.2012.WEST,Allen West to be Republican VP nominee in 2012,9,0.7,Jan/21/2012 17:59:13
750393,REP.VP.2012.WEST,Allen West to be Republican VP nominee in 2012,1,0.7,Jan/21/2012 17:59:13
750393,REP.VP.2012.WEST,Allen West to be Republican VP nominee in 2012,1,0.9,Jan/21/2012 17:59:13
750393,REP.VP.2012.WEST,Allen West to be Republican VP nominee in 2012,10,0.8,Jan/21/2012 17:59:13
750393,REP.VP.2012.WEST,Allen West to be Republican VP nominee in 2012,1,1.1,Jan/22/2012 00:31:39
750393,REP.VP.2012.WEST,Allen West to be Republican VP nominee in 2012,2,1.1,Jan/22/2012 00:33:09
750393,REP.VP.2012.WEST,Allen West to be Republican VP nominee in 2012,20,0.9,Jan/22/2012 19:48:46
750393,REP.VP.2012.WEST,Allen West to be Republican VP nominee in 2012,4,1.0,Jan/23/2012 01:32:10
750393,REP.VP.2012.WEST,Allen West to be Republican VP nominee in 2012,14,0.9,Jan/23/2012 01:32:10
750393,REP.VP.2012.WEST,Allen West to be Republican VP nominee in 2012,1,0.9,Jan/23/2012 01:32:10
750393,REP.VP.2012.WEST,Allen West to be Republican VP nominee in 2012,2,1.0,Jan/23/2012 01:32:32
750393,REP.VP.2012.WEST,Allen West to be Republican VP nominee in 2012,1,0.9,Jan/23/2012 20:54:57
750393,REP.VP.2012.WEST,Allen West to be Republican VP nominee in 2012,1,0.9,Jan/24/2012 09:13:49
750393,REP.VP.2012.WEST,Allen West to be Republican VP nominee in 2012,85,0.9,Jan/24/2012 09:13:49
750393,REP.VP.2012.WEST,Allen West to be Republican VP nominee in 2012,5,1.0,Jan/25/2012 00:08:37
750393,REP.VP.2012.WEST,Allen West to be Republican VP nominee in 2012,4,0.9,Jan/25/2012 14:43:08
750393,REP.VP.2012.WEST,Allen West to be Republican VP nominee in 2012,15,0.8,Jan/27/2012 23:18:49
750393,REP.VP.2012.WEST,Allen West to be Republican VP nominee in 2012,1,0.7,Jan/28/2012 19:57:22
750393,REP.VP.2012.WEST,Allen West to be Republican VP nominee in 2012,3,0.7,Jan/29/2012 16:40:25
750393,REP.VP.2012.WEST,Allen West to be Republican VP nominee in 2012,75,0.7,Jan/29/2012 16:40:25
750393,REP.VP.2012.WEST,Allen West to be Republican VP nominee in 2012,57,0.6,Jan/29/2012 16:40:49
750393,REP.VP.2012.WEST,Allen West to be Republican VP nominee in 2012,1,0.8,Jan/30/2012 00:16:59
750393,REP.VP.2012.WEST,Allen West to be Republican VP nominee in 2012,4,0.8,Jan/30/2012 00:16:59
750393,REP.VP.2012.WEST,Allen West to be Republican VP nominee in 2012,1,0.7,Feb/01/2012 01:07:57
750393,REP.VP.2012.WEST,Allen West to be Republican VP nominee in 2012,1,0.7,Feb/01/2012 02:02:43
750393,REP.VP.2012.WEST,Allen West to be Republican VP nominee in 2012,49,0.7,Feb/01/2012 02:02:43
750393,REP.VP.2012.WEST,Allen West to be Republican VP nominee in 2012,14,0.5,Feb/01/2012 21:17:56
750393,REP.VP.2012.WEST,Allen West to be Republican VP nominee in 2012,2,0.6,Feb/01/2012 21:17:56
750393,REP.VP.2012.WEST,Allen West to be Republican VP nominee in 2012,50,0.5,Feb/02/2012 02:51:58
750393,REP.VP.2012.WEST,Allen West to be Republican VP nominee in 2012,34,0.5,Feb/02/2012 02:51:58
750393,REP.VP.2012.WEST,Allen West to be Republican VP nominee in 2012,1,0.5,Feb/02/2012 02:51:58
750393,REP.VP.2012.WEST,Allen West to be Republican VP nominee in 2012,25,0.5,Feb/02/2012 02:51:58
750393,REP.VP.2012.WEST,Allen West to be Republican VP nominee in 2012,19,0.4,Feb/02/2012 04:07:14
750393,REP.VP.2012.WEST,Allen West to be Republican VP nominee in 2012,9,0.4,Feb/03/2012 16:54:55
750393,REP.VP.2012.WEST,Allen West to be Republican VP nominee in 2012,19,0.5,Feb/04/2012 05:31:56
750393,REP.VP.2012.WEST,Allen West to be Republican VP nominee in 2012,1,0.5,Feb/04/2012 05:31:56
750393,REP.VP.2012.WEST,Allen West to be Republican VP nominee in 2012,50,0.5,Feb/04/2012 05:31:56
750393,REP.VP.2012.WEST,Allen West to be Republican VP nominee in 2012,2,0.4,Feb/05/2012 16:31:33
750393,REP.VP.2012.WEST,Allen West to be Republican VP nominee in 2012,19,0.4,Feb/07/2012 15:45:44
750393,REP.VP.2012.WEST,Allen West to be Republican VP nominee in 2012,20,0.5,Feb/08/2012 05:55:24
750393,REP.VP.2012.WEST,Allen West to be Republican VP nominee in 2012,1,0.5,Feb/08/2012 16:54:49
750393,REP.VP.2012.WEST,Allen West to be Republican VP nominee in 2012,50,0.5,Feb/10/2012 03:40:22
750393,REP.VP.2012.WEST,Allen West to be Republican VP nominee in 2012,29,0.5,Feb/10/2012 03:40:22
750393,REP.VP.2012.WEST,Allen West to be Republican VP nominee in 2012,1,0.5,Feb/10/2012 03:40:22
750393,REP.VP.2012.WEST,Allen West to be Republican VP nominee in 2012,1,0.6,Feb/10/2012 04:11:13
750393,REP.VP.2012.WEST,Allen West to be Republican VP nominee in 2012,20,0.6,Feb/10/2012 04:11:13
750393,REP.VP.2012.WEST,Allen West to be Republican VP nominee in 2012,25,0.7,Feb/12/2012 04:06:45
750393,REP.VP.2012.WEST,Allen West to be Republican VP nominee in 2012,1,0.7,Feb/12/2012 04:06:45
750393,REP.VP.2012.WEST,Allen West to be Republican VP nominee in 2012,20,0.8,Feb/12/2012 04:12:49
750393,REP.VP.2012.WEST,Allen West to be Republican VP nominee in 2012,1,0.9,Feb/12/2012 04:19:33
750393,REP.VP.2012.WEST,Allen West to be Republican VP nominee in 2012,11,0.9,Feb/12/2012 04:19:33
750393,REP.VP.2012.WEST,Allen West to be Republican VP nominee in 2012,15,0.9,Feb/12/2012 04:19:33
750393,REP.VP.2012.WEST,Allen West to be Republican VP nominee in 2012,19,1.0,Feb/13/2012 14:07:48
750393,REP.VP.2012.WEST,Allen West to be Republican VP nominee in 2012,20,1.0,Feb/14/2012 00:32:27
750393,REP.VP.2012.WEST,Allen West to be Republican VP nominee in 2012,10,1.0,Feb/14/2012 00:32:27
750393,REP.VP.2012.WEST,Allen West to be Republican VP nominee in 2012,25,0.8,Feb/15/2012 21:08:18
750393,REP.VP.2012.WEST,Allen West to be Republican VP nominee in 2012,5,0.7,Feb/16/2012 17:15:21
750393,REP.VP.2012.WEST,Allen West to be Republican VP nominee in 2012,19,0.6,Feb/17/2012 01:14:12
750393,REP.VP.2012.WEST,Allen West to be Republican VP nominee in 2012,48,0.4,Feb/17/2012 15:55:08
750393,REP.VP.2012.WEST,Allen West to be Republican VP nominee in 2012,10,0.5,Feb/17/2012 16:54:16
750393,REP.VP.2012.WEST,Allen West to be Republican VP nominee in 2012,1,0.5,Feb/17/2012 19:00:35
750393,REP.VP.2012.WEST,Allen West to be Republican VP nominee in 2012,1,0.5,Feb/17/2012 19:00:35
750393,REP.VP.2012.WEST,Allen West to be Republican VP nominee in 2012,28,0.5,Feb/17/2012 19:00:35
750393,REP.VP.2012.WEST,Allen West to be Republican VP nominee in 2012,50,0.6,Feb/19/2012 14:26:13
750393,REP.VP.2012.WEST,Allen West to be Republican VP nominee in 2012,1,0.6,Feb/19/2012 14:26:13
750393,REP.VP.2012.WEST,Allen West to be Republican VP nominee in 2012,20,0.6,Feb/19/2012 14:26:13
750393,REP.VP.2012.WEST,Allen West to be Republican VP nominee in 2012,20,0.7,Feb/19/2012 16:56:46
750393,REP.VP.2012.WEST,Allen West to be Republican VP nominee in 2012,1,0.7,Feb/19/2012 16:56:46
750393,REP.VP.2012.WEST,Allen West to be Republican VP nominee in 2012,150,0.5,Feb/23/2012 19:23:28
750393,REP.VP.2012.WEST,Allen West to be Republican VP nominee in 2012,5,0.5,Feb/23/2012 22:31:18
750393,REP.VP.2012.WEST,Allen West to be Republican VP nominee in 2012,10,0.7,Feb/24/2012 00:37:38
750393,REP.VP.2012.WEST,Allen West to be Republican VP nominee in 2012,99,0.5,Feb/25/2012 05:21:14
750393,REP.VP.2012.WEST,Allen West to be Republican VP nominee in 2012,11,0.5,Feb/25/2012 05:21:14
750393,REP.VP.2012.WEST,Allen West to be Republican VP nominee in 2012,15,0.5,Feb/25/2012 05:21:14
750393,REP.VP.2012.WEST,Allen West to be Republican VP nominee in 2012,50,0.6,Feb/25/2012 17:44:43
750393,REP.VP.2012.WEST,Allen West to be Republican VP nominee in 2012,1,0.6,Feb/25/2012 17:44:43
750393,REP.VP.2012.WEST,Allen West to be Republican VP nominee in 2012,99,0.7,Feb/25/2012 17:45:13
750393,REP.VP.2012.WEST,Allen West to be Republican VP nominee in 2012,15,0.7,Feb/25/2012 17:45:13
750393,REP.VP.2012.WEST,Allen West to be Republican VP nominee in 2012,25,0.8,Feb/25/2012 17:46:04
750393,REP.VP.2012.WEST,Allen West to be Republican VP nominee in 2012,1,0.8,Feb/25/2012 17:46:04
750393,REP.VP.2012.WEST,Allen West to be Republican VP nominee in 2012,19,0.9,Feb/25/2012 17:46:27
750393,REP.VP.2012.WEST,Allen West to be Republican VP nominee in 2012,2,0.9,Feb/25/2012 17:46:27
750393,REP.VP.2012.WEST,Allen West to be Republican VP nominee in 2012,12,0.9,Feb/25/2012 17:46:27
750393,REP.VP.2012.WEST,Allen West to be Republican VP nominee in 2012,1,1.0,Feb/25/2012 17:47:01
750393,REP.VP.2012.WEST,Allen West to be Republican VP nominee in 2012,40,1.0,Feb/25/2012 17:47:01
750393,REP.VP.2012.WEST,Allen West to be Republican VP nominee in 2012,50,1.0,Feb/25/2012 17:47:01
750393,REP.VP.2012.WEST,Allen West to be Republican VP nominee in 2012,30,1.0,Feb/25/2012 17:47:01
750393,REP.VP.2012.WEST,Allen West to be Republican VP nominee in 2012,50,0.9,Feb/27/2012 16:46:44
750393,REP.VP.2012.WEST,Allen West to be Republican VP nominee in 2012,20,0.8,Feb/29/2012 00:51:31
750393,REP.VP.2012.WEST,Allen West to be Republican VP nominee in 2012,5,0.7,Feb/29/2012 21:20:44
750393,REP.VP.2012.WEST,Allen West to be Republican VP nominee in 2012,1,0.7,Feb/29/2012 21:20:44
750393,REP.VP.2012.WEST,Allen West to be Republican VP nominee in 2012,20,0.6,Mar/01/2012 00:11:12
750393,REP.VP.2012.WEST,Allen West to be Republican VP nominee in 2012,1,0.6,Mar/01/2012 00:16:03
750393,REP.VP.2012.WEST,Allen West to be Republican VP nominee in 2012,2,0.7,Mar/02/2012 04:13:01
750393,REP.VP.2012.WEST,Allen West to be Republican VP nominee in 2012,150,0.6,Mar/05/2012 16:58:59
750393,REP.VP.2012.WEST,Allen West to be Republican VP nominee in 2012,1,0.7,Mar/05/2012 20:48:21
750393,REP.VP.2012.WEST,Allen West to be Republican VP nominee in 2012,48,0.7,Mar/05/2012 20:48:21
750393,REP.VP.2012.WEST,Allen West to be Republican VP nominee in 2012,50,0.8,Mar/05/2012 20:48:52
750393,REP.VP.2012.WEST,Allen West to be Republican VP nominee in 2012,2,0.9,Mar/05/2012 20:49:25
750393,REP.VP.2012.WEST,Allen West to be Republican VP nominee in 2012,1,0.9,Mar/05/2012 20:49:25
750393,REP.VP.2012.WEST,Allen West to be Republican VP nominee in 2012,11,0.9,Mar/05/2012 20:49:25
750393,REP.VP.2012.WEST,Allen West to be Republican VP nominee in 2012,50,1.0,Mar/05/2012 20:49:59
750393,REP.VP.2012.WEST,Allen West to be Republican VP nominee in 2012,25,1.0,Mar/05/2012 20:49:59
750393,REP.VP.2012.WEST,Allen West to be Republican VP nominee in 2012,22,1.1,Mar/05/2012 20:50:35
750393,REP.VP.2012.WEST,Allen West to be Republican VP nominee in 2012,1,1.1,Mar/05/2012 20:50:35
750393,REP.VP.2012.WEST,Allen West to be Republican VP nominee in 2012,1,1.5,Mar/05/2012 23:54:43
750393,REP.VP.2012.WEST,Allen West to be Republican VP nominee in 2012,15,1.5,Mar/05/2012 23:54:43
750393,REP.VP.2012.WEST,Allen West to be Republican VP nominee in 2012,50,1.5,Mar/05/2012 23:54:43
750393,REP.VP.2012.WEST,Allen West to be Republican VP nominee in 2012,1,0.8,Mar/06/2012 07:20:13
750393,REP.VP.2012.WEST,Allen West to be Republican VP nominee in 2012,1,1.8,Mar/06/2012 15:48:08
750393,REP.VP.2012.WEST,Allen West to be Republican VP nominee in 2012,4,1.8,Mar/06/2012 15:48:08
750393,REP.VP.2012.WEST,Allen West to be Republican VP nominee in 2012,4,1.9,Mar/06/2012 15:48:36
750393,REP.VP.2012.WEST,Allen West to be Republican VP nominee in 2012,4,1.9,Mar/06/2012 17:07:34
750393,REP.VP.2012.WEST,Allen West to be Republican VP nominee in 2012,6,1.9,Mar/06/2012 17:07:34
750393,REP.VP.2012.WEST,Allen West to be Republican VP nominee in 2012,1,1.9,Mar/07/2012 03:14:16
750393,REP.VP.2012.WEST,Allen West to be Republican VP nominee in 2012,11,1.9,Mar/07/2012 03:14:16
750393,REP.VP.2012.WEST,Allen West to be Republican VP nominee in 2012,25,2.0,Mar/07/2012 04:35:38
750393,REP.VP.2012.WEST,Allen West to be Republican VP nominee in 2012,9,2.0,Mar/07/2012 04:35:38
750393,REP.VP.2012.WEST,Allen West to be Republican VP nominee in 2012,10,2.0,Mar/07/2012 04:35:38
750393,REP.VP.2012.WEST,Allen West to be Republican VP nominee in 2012,11,2.0,Mar/07/2012 04:35:38
750393,REP.VP.2012.WEST,Allen West to be Republican VP nominee in 2012,1,1.0,Mar/07/2012 04:43:40
750393,REP.VP.2012.WEST,Allen West to be Republican VP nominee in 2012,3,1.1,Mar/08/2012 02:33:27
750393,REP.VP.2012.WEST,Allen West to be Republican VP nominee in 2012,3,1.0,Mar/08/2012 02:33:27
750393,REP.VP.2012.WEST,Allen West to be Republican VP nominee in 2012,2,1.0,Mar/08/2012 02:33:49
750393,REP.VP.2012.WEST,Allen West to be Republican VP nominee in 2012,2,0.8,Mar/08/2012 02:33:49
750393,REP.VP.2012.WEST,Allen West to be Republican VP nominee in 2012,1,1.4,Mar/09/2012 12:01:53
750393,REP.VP.2012.WEST,Allen West to be Republican VP nominee in 2012,2,1.0,Mar/09/2012 20:14:50
750393,REP.VP.2012.WEST,Allen West to be Republican VP nominee in 2012,1,0.8,Mar/10/2012 04:57:04
750393,REP.VP.2012.WEST,Allen West to be Republican VP nominee in 2012,9,0.8,Mar/11/2012 04:04:48
750393,REP.VP.2012.WEST,Allen West to be Republican VP nominee in 2012,10,0.7,Mar/11/2012 04:05:16
750393,REP.VP.2012.WEST,Allen West to be Republican VP nominee in 2012,5,0.7,Mar/11/2012 04:05:16
750393,REP.VP.2012.WEST,Allen West to be Republican VP nominee in 2012,10,0.6,Mar/11/2012 04:05:28
750393,REP.VP.2012.WEST,Allen West to be Republican VP nominee in 2012,1,1.0,Mar/11/2012 17:48:50
750393,REP.VP.2012.WEST,Allen West to be Republican VP nominee in 2012,50,1.0,Mar/11/2012 17:48:50
750393,REP.VP.2012.WEST,Allen West to be Republican VP nominee in 2012,2,0.9,Mar/14/2012 18:14:36
750393,REP.VP.2012.WEST,Allen West to be Republican VP nominee in 2012,15,0.8,Mar/14/2012 18:14:36
750393,REP.VP.2012.WEST,Allen West to be Republican VP nominee in 2012,30,0.7,Mar/14/2012 20:10:05
750393,REP.VP.2012.WEST,Allen West to be Republican VP nominee in 2012,1,0.6,Mar/15/2012 14:42:35
750393,REP.VP.2012.WEST,Allen West to be Republican VP nominee in 2012,30,0.7,Mar/16/2012 23:16:44
750393,REP.VP.2012.WEST,Allen West to be Republican VP nominee in 2012,100,0.6,Mar/16/2012 23:31:13
750393,REP.VP.2012.WEST,Allen West to be Republican VP nominee in 2012,66,0.6,Mar/17/2012 00:16:08
750393,REP.VP.2012.WEST,Allen West to be Republican VP nominee in 2012,20,0.7,Mar/17/2012 04:02:29
750393,REP.VP.2012.WEST,Allen West to be Republican VP nominee in 2012,2,0.7,Mar/19/2012 08:57:48
750393,REP.VP.2012.WEST,Allen West to be Republican VP nominee in 2012,1,0.7,Mar/19/2012 08:57:48
750393,REP.VP.2012.WEST,Allen West to be Republican VP nominee in 2012,10,0.7,Mar/20/2012 14:51:55
750393,REP.VP.2012.WEST,Allen West to be Republican VP nominee in 2012,10,0.7,Mar/21/2012 05:23:55
750393,REP.VP.2012.WEST,Allen West to be Republican VP nominee in 2012,1,0.7,Mar/21/2012 05:23:55
750393,REP.VP.2012.WEST,Allen West to be Republican VP nominee in 2012,2,0.8,Mar/22/2012 14:36:31
750393,REP.VP.2012.WEST,Allen West to be Republican VP nominee in 2012,1,0.8,Mar/22/2012 14:36:31
750393,REP.VP.2012.WEST,Allen West to be Republican VP nominee in 2012,22,0.8,Mar/22/2012 14:36:31
750393,REP.VP.2012.WEST,Allen West to be Republican VP nominee in 2012,1,0.8,Mar/22/2012 16:50:12
750393,REP.VP.2012.WEST,Allen West to be Republican VP nominee in 2012,28,0.8,Mar/22/2012 16:50:12
750393,REP.VP.2012.WEST,Allen West to be Republican VP nominee in 2012,50,0.8,Mar/22/2012 16:50:12
750393,REP.VP.2012.WEST,Allen West to be Republican VP nominee in 2012,2,0.7,Mar/23/2012 13:41:52
750393,REP.VP.2012.WEST,Allen West to be Republican VP nominee in 2012,8,0.7,Mar/23/2012 13:59:23
750393,REP.VP.2012.WEST,Allen West to be Republican VP nominee in 2012,3,0.7,Mar/23/2012 14:00:25
750393,REP.VP.2012.WEST,Allen West to be Republican VP nominee in 2012,1,0.7,Mar/23/2012 14:02:28
750393,REP.VP.2012.WEST,Allen West to be Republican VP nominee in 2012,1,0.7,Mar/23/2012 14:06:16
750393,REP.VP.2012.WEST,Allen West to be Republican VP nominee in 2012,50,0.6,Mar/23/2012 17:31:29
750393,REP.VP.2012.WEST,Allen West to be Republican VP nominee in 2012,8,0.7,Mar/24/2012 16:49:01
750393,REP.VP.2012.WEST,Allen West to be Republican VP nominee in 2012,92,0.7,Mar/25/2012 09:23:00
750393,REP.VP.2012.WEST,Allen West to be Republican VP nominee in 2012,1,0.7,Mar/25/2012 09:23:00
750393,REP.VP.2012.WEST,Allen West to be Republican VP nominee in 2012,12,0.6,Mar/25/2012 15:11:17
750393,REP.VP.2012.WEST,Allen West to be Republican VP nominee in 2012,1,0.7,Mar/25/2012 17:58:47
750393,REP.VP.2012.WEST,Allen West to be Republican VP nominee in 2012,2,0.6,Mar/25/2012 18:28:57
750393,REP.VP.2012.WEST,Allen West to be Republican VP nominee in 2012,20,0.6,Mar/25/2012 22:40:06
750393,REP.VP.2012.WEST,Allen West to be Republican VP nominee in 2012,100,0.6,Mar/26/2012 15:12:17
750393,REP.VP.2012.WEST,Allen West to be Republican VP nominee in 2012,265,0.6,Mar/26/2012 19:36:52
750393,REP.VP.2012.WEST,Allen West to be Republican VP nominee in 2012,20,0.6,Mar/26/2012 22:01:34
750393,REP.VP.2012.WEST,Allen West to be Republican VP nominee in 2012,100,0.6,Mar/27/2012 02:41:28
750393,REP.VP.2012.WEST,Allen West to be Republican VP nominee in 2012,3,0.6,Mar/27/2012 03:00:35
750393,REP.VP.2012.WEST,Allen West to be Republican VP nominee in 2012,1,0.6,Mar/27/2012 14:09:32
750393,REP.VP.2012.WEST,Allen West to be Republican VP nominee in 2012,2,0.6,Mar/27/2012 14:09:54
750393,REP.VP.2012.WEST,Allen West to be Republican VP nominee in 2012,1,0.6,Mar/27/2012 14:13:06
750393,REP.VP.2012.WEST,Allen West to be Republican VP nominee in 2012,1,0.6,Mar/27/2012 14:38:19
750393,REP.VP.2012.WEST,Allen West to be Republican VP nominee in 2012,5,0.6,Mar/27/2012 14:46:12
750393,REP.VP.2012.WEST,Allen West to be Republican VP nominee in 2012,3,0.6,Mar/27/2012 14:47:16
750393,REP.VP.2012.WEST,Allen West to be Republican VP nominee in 2012,2,0.6,Mar/27/2012 14:48:20
750393,REP.VP.2012.WEST,Allen West to be Republican VP nominee in 2012,3,0.6,Mar/27/2012 14:49:12
750393,REP.VP.2012.WEST,Allen West to be Republican VP nominee in 2012,7,0.6,Mar/27/2012 14:51:34
750393,REP.VP.2012.WEST,Allen West to be Republican VP nominee in 2012,7,0.6,Mar/27/2012 14:52:06
750393,REP.VP.2012.WEST,Allen West to be Republican VP nominee in 2012,8,0.6,Mar/27/2012 14:52:26
750393,REP.VP.2012.WEST,Allen West to be Republican VP nominee in 2012,8,0.6,Mar/27/2012 14:52:57
750393,REP.VP.2012.WEST,Allen West to be Republican VP nominee in 2012,2,0.6,Mar/27/2012 14:53:18
750393,REP.VP.2012.WEST,Allen West to be Republican VP nominee in 2012,1,0.6,Mar/27/2012 14:53:49
750393,REP.VP.2012.WEST,Allen West to be Republican VP nominee in 2012,9,0.6,Mar/27/2012 14:55:05
750393,REP.VP.2012.WEST,Allen West to be Republican VP nominee in 2012,6,0.6,Mar/27/2012 14:56:24
750393,REP.VP.2012.WEST,Allen West to be Republican VP nominee in 2012,4,0.6,Mar/27/2012 14:56:47
750393,REP.VP.2012.WEST,Allen West to be Republican VP nominee in 2012,9,0.6,Mar/27/2012 14:58:31
750393,REP.VP.2012.WEST,Allen West to be Republican VP nominee in 2012,5,0.6,Mar/27/2012 14:58:54
750393,REP.VP.2012.WEST,Allen West to be Republican VP nominee in 2012,3,0.6,Mar/27/2012 14:59:57
750393,REP.VP.2012.WEST,Allen West to be Republican VP nominee in 2012,1,0.6,Mar/27/2012 15:20:34
750393,REP.VP.2012.WEST,Allen West to be Republican VP nominee in 2012,1,0.6,Mar/27/2012 15:52:39
750393,REP.VP.2012.WEST,Allen West to be Republican VP nominee in 2012,1,0.6,Mar/27/2012 16:06:11
750393,REP.VP.2012.WEST,Allen West to be Republican VP nominee in 2012,3,0.6,Mar/27/2012 19:03:52
750393,REP.VP.2012.WEST,Allen West to be Republican VP nominee in 2012,20,0.6,Mar/27/2012 20:05:00
750393,REP.VP.2012.WEST,Allen West to be Republican VP nominee in 2012,20,0.6,Mar/27/2012 23:48:54
750393,REP.VP.2012.WEST,Allen West to be Republican VP nominee in 2012,10,0.5,Mar/28/2012 04:22:44
750393,REP.VP.2012.WEST,Allen West to be Republican VP nominee in 2012,10,0.6,Mar/28/2012 04:22:44
750393,REP.VP.2012.WEST,Allen West to be Republican VP nominee in 2012,5,0.4,Mar/29/2012 03:25:08
750393,REP.VP.2012.WEST,Allen West to be Republican VP nominee in 2012,70,0.4,Mar/29/2012 03:25:08
750393,REP.VP.2012.WEST,Allen West to be Republican VP nominee in 2012,39,0.4,Mar/29/2012 06:02:59
750393,REP.VP.2012.WEST,Allen West to be Republican VP nominee in 2012,5,0.5,Mar/29/2012 16:20:25
750393,REP.VP.2012.WEST,Allen West to be Republican VP nominee in 2012,25,0.4,Mar/31/2012 21:24:43
750393,REP.VP.2012.WEST,Allen West to be Republican VP nominee in 2012,60,0.5,Apr/02/2012 12:45:36
750393,REP.VP.2012.WEST,Allen West to be Republican VP nominee in 2012,5,0.5,Apr/02/2012 19:30:47
750393,REP.VP.2012.WEST,Allen West to be Republican VP nominee in 2012,50,0.5,Apr/02/2012 19:30:47
750393,REP.VP.2012.WEST,Allen West to be Republican VP nominee in 2012,1,0.5,Apr/02/2012 19:30:47
750393,REP.VP.2012.WEST,Allen West to be Republican VP nominee in 2012,100,0.5,Apr/02/2012 19:30:47
750393,REP.VP.2012.WEST,Allen West to be Republican VP nominee in 2012,15,0.5,Apr/02/2012 19:30:47
750393,REP.VP.2012.WEST,Allen West to be Republican VP nominee in 2012,29,0.6,Apr/02/2012 19:30:47
750393,REP.VP.2012.WEST,Allen West to be Republican VP nominee in 2012,10,0.4,Apr/03/2012 20:46:26
750393,REP.VP.2012.WEST,Allen West to be Republican VP nominee in 2012,10,0.4,Apr/03/2012 20:46:26
750393,REP.VP.2012.WEST,Allen West to be Republican VP nominee in 2012,5,0.5,Apr/04/2012 14:04:48
750393,REP.VP.2012.WEST,Allen West to be Republican VP nominee in 2012,50,0.5,Apr/04/2012 14:04:48
750393,REP.VP.2012.WEST,Allen West to be Republican VP nominee in 2012,1,0.5,Apr/04/2012 14:04:48
750393,REP.VP.2012.WEST,Allen West to be Republican VP nominee in 2012,10,0.5,Apr/04/2012 14:04:48
750393,REP.VP.2012.WEST,Allen West to be Republican VP nominee in 2012,21,0.6,Apr/04/2012 14:05:22
750393,REP.VP.2012.WEST,Allen West to be Republican VP nominee in 2012,13,0.6,Apr/04/2012 14:05:22
750393,REP.VP.2012.WEST,Allen West to be Republican VP nominee in 2012,25,0.6,Apr/04/2012 14:23:10
750393,REP.VP.2012.WEST,Allen West to be Republican VP nominee in 2012,10,0.6,Apr/04/2012 14:23:34
750393,REP.VP.2012.WEST,Allen West to be Republican VP nominee in 2012,2,0.5,Apr/04/2012 15:06:45
750393,REP.VP.2012.WEST,Allen West to be Republican VP nominee in 2012,1,0.6,Apr/04/2012 16:00:45
750393,REP.VP.2012.WEST,Allen West to be Republican VP nominee in 2012,2,0.6,Apr/04/2012 16:00:45
750393,REP.VP.2012.WEST,Allen West to be Republican VP nominee in 2012,97,0.7,Apr/04/2012 16:00:45
750393,REP.VP.2012.WEST,Allen West to be Republican VP nominee in 2012,1,0.8,Apr/04/2012 16:01:05
750393,REP.VP.2012.WEST,Allen West to be Republican VP nominee in 2012,100,0.8,Apr/04/2012 16:01:05
750393,REP.VP.2012.WEST,Allen West to be Republican VP nominee in 2012,3,0.7,Apr/04/2012 16:01:05
750393,REP.VP.2012.WEST,Allen West to be Republican VP nominee in 2012,2,0.7,Apr/04/2012 16:01:05
750393,REP.VP.2012.WEST,Allen West to be Republican VP nominee in 2012,5,0.5,Apr/04/2012 16:12:03
750393,REP.VP.2012.WEST,Allen West to be Republican VP nominee in 2012,50,0.6,Apr/04/2012 17:11:04
750393,REP.VP.2012.WEST,Allen West to be Republican VP nominee in 2012,8,0.5,Apr/04/2012 20:38:39
750393,REP.VP.2012.WEST,Allen West to be Republican VP nominee in 2012,12,0.5,Apr/04/2012 21:28:43
750393,REP.VP.2012.WEST,Allen West to be Republican VP nominee in 2012,1,0.5,Apr/04/2012 21:28:43
750393,REP.VP.2012.WEST,Allen West to be Republican VP nominee in 2012,50,0.8,Apr/04/2012 22:41:06
750393,REP.VP.2012.WEST,Allen West to be Republican VP nominee in 2012,1,0.8,Apr/04/2012 22:41:06
750393,REP.VP.2012.WEST,Allen West to be Republican VP nominee in 2012,30,0.8,Apr/05/2012 02:43:11
750393,REP.VP.2012.WEST,Allen West to be Republican VP nominee in 2012,20,0.8,Apr/05/2012 02:43:11
750393,REP.VP.2012.WEST,Allen West to be Republican VP nominee in 2012,20,0.8,Apr/05/2012 02:43:46
750393,REP.VP.2012.WEST,Allen West to be Republican VP nominee in 2012,1,0.8,Apr/05/2012 02:43:46
750393,REP.VP.2012.WEST,Allen West to be Republican VP nominee in 2012,10,0.9,Apr/05/2012 02:44:00
750393,REP.VP.2012.WEST,Allen West to be Republican VP nominee in 2012,5,0.9,Apr/05/2012 02:44:00
750393,REP.VP.2012.WEST,Allen West to be Republican VP nominee in 2012,50,0.9,Apr/05/2012 02:44:00
750393,REP.VP.2012.WEST,Allen West to be Republican VP nominee in 2012,1,1.0,Apr/05/2012 02:44:14
750393,REP.VP.2012.WEST,Allen West to be Republican VP nominee in 2012,50,1.0,Apr/05/2012 02:44:14
750393,REP.VP.2012.WEST,Allen West to be Republican VP nominee in 2012,50,1.0,Apr/05/2012 02:44:14
750393,REP.VP.2012.WEST,Allen West to be Republican VP nominee in 2012,50,1.0,Apr/05/2012 02:44:14
750393,REP.VP.2012.WEST,Allen West to be Republican VP nominee in 2012,30,1.0,Apr/05/2012 02:44:14
750393,REP.VP.2012.WEST,Allen West to be Republican VP nominee in 2012,50,1.0,Apr/05/2012 02:44:14
750393,REP.VP.2012.WEST,Allen West to be Republican VP nominee in 2012,50,1.0,Apr/05/2012 02:44:14
750393,REP.VP.2012.WEST,Allen West to be Republican VP nominee in 2012,20,1.0,Apr/05/2012 02:44:14
750393,REP.VP.2012.WEST,Allen West to be Republican VP nominee in 2012,3,1.0,Apr/05/2012 02:44:14
750393,REP.VP.2012.WEST,Allen West to be Republican VP nominee in 2012,50,1.0,Apr/05/2012 02:44:14
750393,REP.VP.2012.WEST,Allen West to be Republican VP nominee in 2012,50,1.0,Apr/05/2012 02:44:14
750393,REP.VP.2012.WEST,Allen West to be Republican VP nominee in 2012,10,1.0,Apr/05/2012 05:50:32
750393,REP.VP.2012.WEST,Allen West to be Republican VP nominee in 2012,80,0.9,Apr/05/2012 08:44:43
750393,REP.VP.2012.WEST,Allen West to be Republican VP nominee in 2012,5,0.9,Apr/05/2012 14:59:22
750393,REP.VP.2012.WEST,Allen West to be Republican VP nominee in 2012,1,1.0,Apr/05/2012 18:00:10
750393,REP.VP.2012.WEST,Allen West to be Republican VP nominee in 2012,153,1.0,Apr/05/2012 18:00:10
750393,REP.VP.2012.WEST,Allen West to be Republican VP nominee in 2012,15,0.9,Apr/05/2012 21:29:09
750393,REP.VP.2012.WEST,Allen West to be Republican VP nominee in 2012,15,0.8,Apr/05/2012 21:41:29
750393,REP.VP.2012.WEST,Allen West to be Republican VP nominee in 2012,6,0.8,Apr/07/2012 18:24:21
750393,REP.VP.2012.WEST,Allen West to be Republican VP nominee in 2012,79,0.8,Apr/07/2012 18:39:53
750393,REP.VP.2012.WEST,Allen West to be Republican VP nominee in 2012,11,0.7,Apr/07/2012 19:12:12
750393,REP.VP.2012.WEST,Allen West to be Republican VP nominee in 2012,2,0.6,Apr/07/2012 20:27:25
750393,REP.VP.2012.WEST,Allen West to be Republican VP nominee in 2012,15,0.5,Apr/07/2012 20:50:06
750393,REP.VP.2012.WEST,Allen West to be Republican VP nominee in 2012,20,0.5,Apr/08/2012 04:19:13
750393,REP.VP.2012.WEST,Allen West to be Republican VP nominee in 2012,9,0.5,Apr/08/2012 04:19:37
750393,REP.VP.2012.WEST,Allen West to be Republican VP nominee in 2012,20,0.6,Apr/08/2012 04:20:22
750393,REP.VP.2012.WEST,Allen West to be Republican VP nominee in 2012,3,0.6,Apr/08/2012 10:13:43
750393,REP.VP.2012.WEST,Allen West to be Republican VP nominee in 2012,1,0.6,Apr/09/2012 00:22:18
750393,REP.VP.2012.WEST,Allen West to be Republican VP nominee in 2012,25,0.6,Apr/09/2012 00:22:18
750393,REP.VP.2012.WEST,Allen West to be Republican VP nominee in 2012,1,0.5,Apr/09/2012 13:56:12
750393,REP.VP.2012.WEST,Allen West to be Republican VP nominee in 2012,5,0.5,Apr/09/2012 14:23:17
750393,REP.VP.2012.WEST,Allen West to be Republican VP nominee in 2012,5,0.5,Apr/09/2012 14:23:38
750393,REP.VP.2012.WEST,Allen West to be Republican VP nominee in 2012,5,0.5,Apr/09/2012 14:26:48
750393,REP.VP.2012.WEST,Allen West to be Republican VP nominee in 2012,4,0.5,Apr/09/2012 14:32:03
750393,REP.VP.2012.WEST,Allen West to be Republican VP nominee in 2012,18,0.5,Apr/09/2012 14:32:34
750393,REP.VP.2012.WEST,Allen West to be Republican VP nominee in 2012,20,0.7,Apr/10/2012 09:44:40
750393,REP.VP.2012.WEST,Allen West to be Republican VP nominee in 2012,1,0.7,Apr/10/2012 09:44:40
750393,REP.VP.2012.WEST,Allen West to be Republican VP nominee in 2012,4,0.7,Apr/10/2012 09:44:40
750393,REP.VP.2012.WEST,Allen West to be Republican VP nominee in 2012,30,0.7,Apr/10/2012 09:45:16
750393,REP.VP.2012.WEST,Allen West to be Republican VP nominee in 2012,1,0.8,Apr/10/2012 10:04:10
750393,REP.VP.2012.WEST,Allen West to be Republican VP nominee in 2012,21,0.8,Apr/10/2012 10:04:10
750393,REP.VP.2012.WEST,Allen West to be Republican VP nominee in 2012,50,0.8,Apr/10/2012 10:04:10
750393,REP.VP.2012.WEST,Allen West to be Republican VP nominee in 2012,11,0.9,Apr/10/2012 13:39:24
750393,REP.VP.2012.WEST,Allen West to be Republican VP nominee in 2012,1,0.6,Apr/10/2012 23:58:25
750393,REP.VP.2012.WEST,Allen West to be Republican VP nominee in 2012,3,0.7,Apr/11/2012 11:55:30
750393,REP.VP.2012.WEST,Allen West to be Republican VP nominee in 2012,1,0.7,Apr/11/2012 11:55:30
750393,REP.VP.2012.WEST,Allen West to be Republican VP nominee in 2012,100,0.7,Apr/11/2012 16:44:34
750393,REP.VP.2012.WEST,Allen West to be Republican VP nominee in 2012,1,0.6,Apr/11/2012 19:35:08
750393,REP.VP.2012.WEST,Allen West to be Republican VP nominee in 2012,3,0.6,Apr/11/2012 19:36:53
750393,REP.VP.2012.WEST,Allen West to be Republican VP nominee in 2012,20,0.6,Apr/11/2012 20:17:41
750393,REP.VP.2012.WEST,Allen West to be Republican VP nominee in 2012,20,0.6,Apr/11/2012 20:24:38
750393,REP.VP.2012.WEST,Allen West to be Republican VP nominee in 2012,15,0.6,Apr/11/2012 20:33:24
750393,REP.VP.2012.WEST,Allen West to be Republican VP nominee in 2012,4,0.6,Apr/12/2012 02:01:56
750393,REP.VP.2012.WEST,Allen West to be Republican VP nominee in 2012,37,0.6,Apr/12/2012 04:54:46
750393,REP.VP.2012.WEST,Allen West to be Republican VP nominee in 2012,389,0.4,Apr/13/2012 15:16:50
750393,REP.VP.2012.WEST,Allen West to be Republican VP nominee in 2012,11,0.4,Apr/13/2012 15:16:50
750393,REP.VP.2012.WEST,Allen West to be Republican VP nominee in 2012,4,0.4,Apr/13/2012 20:11:25
750393,REP.VP.2012.WEST,Allen West to be Republican VP nominee in 2012,40,0.4,Apr/13/2012 21:46:22
750393,REP.VP.2012.WEST,Allen West to be Republican VP nominee in 2012,25,0.4,Apr/14/2012 05:48:09
750393,REP.VP.2012.WEST,Allen West to be Republican VP nominee in 2012,50,0.5,Apr/15/2012 14:30:22
750393,REP.VP.2012.WEST,Allen West to be Republican VP nominee in 2012,31,0.5,Apr/15/2012 14:30:22
750393,REP.VP.2012.WEST,Allen West to be Republican VP nominee in 2012,4,0.5,Apr/15/2012 14:30:22
750393,REP.VP.2012.WEST,Allen West to be Republican VP nominee in 2012,1,0.5,Apr/15/2012 14:30:22
750393,REP.VP.2012.WEST,Allen West to be Republican VP nominee in 2012,100,0.5,Apr/15/2012 14:30:22
750393,REP.VP.2012.WEST,Allen West to be Republican VP nominee in 2012,214,0.5,Apr/15/2012 15:31:29
750393,REP.VP.2012.WEST,Allen West to be Republican VP nominee in 2012,3,0.4,Apr/15/2012 16:22:25
750393,REP.VP.2012.WEST,Allen West to be Republican VP nominee in 2012,1,0.4,Apr/15/2012 17:31:21
750393,REP.VP.2012.WEST,Allen West to be Republican VP nominee in 2012,100,0.5,Apr/16/2012 04:24:16
750393,REP.VP.2012.WEST,Allen West to be Republican VP nominee in 2012,11,0.4,Apr/16/2012 20:15:44
750393,REP.VP.2012.WEST,Allen West to be Republican VP nominee in 2012,36,0.5,Apr/18/2012 01:50:47
750393,REP.VP.2012.WEST,Allen West to be Republican VP nominee in 2012,3,0.5,Apr/18/2012 01:50:47
750393,REP.VP.2012.WEST,Allen West to be Republican VP nominee in 2012,1,0.5,Apr/18/2012 01:50:47
750393,REP.VP.2012.WEST,Allen West to be Republican VP nominee in 2012,15,0.5,Apr/18/2012 15:48:40
750393,REP.VP.2012.WEST,Allen West to be Republican VP nominee in 2012,5,0.5,Apr/18/2012 15:51:21
750393,REP.VP.2012.WEST,Allen West to be Republican VP nominee in 2012,35,0.5,Apr/18/2012 15:51:21
750393,REP.VP.2012.WEST,Allen West to be Republican VP nominee in 2012,4,0.5,Apr/18/2012 15:56:22
750393,REP.VP.2012.WEST,Allen West to be Republican VP nominee in 2012,10,0.4,Apr/19/2012 16:59:42
750393,REP.VP.2012.WEST,Allen West to be Republican VP nominee in 2012,25,0.5,Apr/19/2012 19:51:23
750393,REP.VP.2012.WEST,Allen West to be Republican VP nominee in 2012,4,0.5,Apr/20/2012 13:46:43
750393,REP.VP.2012.WEST,Allen West to be Republican VP nominee in 2012,1,0.4,Apr/20/2012 21:32:56
750393,REP.VP.2012.WEST,Allen West to be Republican VP nominee in 2012,1,0.4,Apr/21/2012 01:33:45
750393,REP.VP.2012.WEST,Allen West to be Republican VP nominee in 2012,4,0.4,Apr/21/2012 04:04:21
750393,REP.VP.2012.WEST,Allen West to be Republican VP nominee in 2012,1,0.3,Apr/21/2012 06:01:39
750393,REP.VP.2012.WEST,Allen West to be Republican VP nominee in 2012,2,0.3,Apr/21/2012 06:19:25
750393,REP.VP.2012.WEST,Allen West to be Republican VP nominee in 2012,1,0.3,Apr/21/2012 07:23:13
750393,REP.VP.2012.WEST,Allen West to be Republican VP nominee in 2012,1,0.3,Apr/21/2012 16:29:31
750393,REP.VP.2012.WEST,Allen West to be Republican VP nominee in 2012,2,0.3,Apr/21/2012 16:29:31
750393,REP.VP.2012.WEST,Allen West to be Republican VP nominee in 2012,5,0.3,Apr/21/2012 16:29:31
750393,REP.VP.2012.WEST,Allen West to be Republican VP nominee in 2012,2,0.3,Apr/21/2012 19:32:54
750393,REP.VP.2012.WEST,Allen West to be Republican VP nominee in 2012,4,0.2,Apr/22/2012 19:17:58
750393,REP.VP.2012.WEST,Allen West to be Republican VP nominee in 2012,1,0.2,Apr/22/2012 19:29:26
750393,REP.VP.2012.WEST,Allen West to be Republican VP nominee in 2012,1,0.2,Apr/23/2012 16:40:17
750393,REP.VP.2012.WEST,Allen West to be Republican VP nominee in 2012,99,0.2,Apr/23/2012 22:24:30
750393,REP.VP.2012.WEST,Allen West to be Republican VP nominee in 2012,1,0.2,Apr/23/2012 22:24:30
750393,REP.VP.2012.WEST,Allen West to be Republican VP nominee in 2012,100,0.2,Apr/24/2012 00:02:48
750393,REP.VP.2012.WEST,Allen West to be Republican VP nominee in 2012,1,0.2,Apr/24/2012 00:02:48
750393,REP.VP.2012.WEST,Allen West to be Republican VP nominee in 2012,40,0.3,Apr/24/2012 01:54:13
750393,REP.VP.2012.WEST,Allen West to be Republican VP nominee in 2012,54,0.4,Apr/24/2012 18:25:06
750393,REP.VP.2012.WEST,Allen West to be Republican VP nominee in 2012,1,0.4,Apr/24/2012 18:25:06
750393,REP.VP.2012.WEST,Allen West to be Republican VP nominee in 2012,12,0.4,Apr/24/2012 18:25:06
750393,REP.VP.2012.WEST,Allen West to be Republican VP nominee in 2012,50,0.3,Apr/24/2012 18:25:06
750393,REP.VP.2012.WEST,Allen West to be Republican VP nominee in 2012,1,0.3,Apr/24/2012 18:25:06
750393,REP.VP.2012.WEST,Allen West to be Republican VP nominee in 2012,78,0.4,Apr/24/2012 18:25:06
750393,REP.VP.2012.WEST,Allen West to be Republican VP nominee in 2012,4,0.3,Apr/24/2012 18:25:06
750393,REP.VP.2012.WEST,Allen West to be Republican VP nominee in 2012,1,0.4,Apr/24/2012 22:00:54
750393,REP.VP.2012.WEST,Allen West to be Republican VP nominee in 2012,153,0.4,Apr/24/2012 22:00:54
750393,REP.VP.2012.WEST,Allen West to be Republican VP nominee in 2012,20,0.2,Apr/25/2012 19:54:16
750393,REP.VP.2012.WEST,Allen West to be Republican VP nominee in 2012,61,0.2,Apr/25/2012 20:13:38
750393,REP.VP.2012.WEST,Allen West to be Republican VP nominee in 2012,39,0.2,Apr/25/2012 20:57:51
750393,REP.VP.2012.WEST,Allen West to be Republican VP nominee in 2012,5,0.1,Apr/25/2012 21:13:00
750393,REP.VP.2012.WEST,Allen West to be Republican VP nominee in 2012,5,0.1,Apr/25/2012 21:18:58
750393,REP.VP.2012.WEST,Allen West to be Republican VP nominee in 2012,33,0.2,Apr/26/2012 02:07:46
750393,REP.VP.2012.WEST,Allen West to be Republican VP nominee in 2012,5,0.2,Apr/26/2012 02:07:46
750393,REP.VP.2012.WEST,Allen West to be Republican VP nominee in 2012,1,0.2,Apr/26/2012 02:07:46
750393,REP.VP.2012.WEST,Allen West to be Republican VP nominee in 2012,100,0.2,Apr/27/2012 14:25:46
750393,REP.VP.2012.WEST,Allen West to be Republican VP nominee in 2012,1,0.2,Apr/27/2012 14:25:46
750393,REP.VP.2012.WEST,Allen West to be Republican VP nominee in 2012,1,0.3,Apr/27/2012 14:26:03
750393,REP.VP.2012.WEST,Allen West to be Republican VP nominee in 2012,50,0.3,Apr/27/2012 14:26:03
750393,REP.VP.2012.WEST,Allen West to be Republican VP nominee in 2012,81,0.3,Apr/27/2012 14:26:03
750393,REP.VP.2012.WEST,Allen West to be Republican VP nominee in 2012,1,0.4,Apr/27/2012 14:26:14
750393,REP.VP.2012.WEST,Allen West to be Republican VP nominee in 2012,35,0.2,Apr/28/2012 04:29:00
750393,REP.VP.2012.WEST,Allen West to be Republican VP nominee in 2012,15,0.2,Apr/28/2012 04:29:00
750393,REP.VP.2012.WEST,Allen West to be Republican VP nominee in 2012,86,0.2,Apr/28/2012 04:35:23
750393,REP.VP.2012.WEST,Allen West to be Republican VP nominee in 2012,1,0.2,Apr/28/2012 04:53:52
750393,REP.VP.2012.WEST,Allen West to be Republican VP nominee in 2012,14,0.2,Apr/28/2012 04:53:52
750393,REP.VP.2012.WEST,Allen West to be Republican VP nominee in 2012,2,0.3,Apr/28/2012 04:56:36
750393,REP.VP.2012.WEST,Allen West to be Republican VP nominee in 2012,1,0.3,Apr/28/2012 04:56:36
750393,REP.VP.2012.WEST,Allen West to be Republican VP nominee in 2012,50,0.3,Apr/28/2012 04:56:36
750393,REP.VP.2012.WEST,Allen West to be Republican VP nominee in 2012,1,0.4,Apr/28/2012 04:56:41
750393,REP.VP.2012.WEST,Allen West to be Republican VP nominee in 2012,1,0.3,Apr/29/2012 02:00:11
750393,REP.VP.2012.WEST,Allen West to be Republican VP nominee in 2012,91,0.3,Apr/29/2012 02:00:11
750393,REP.VP.2012.WEST,Allen West to be Republican VP nominee in 2012,132,0.3,Apr/30/2012 17:13:18
750393,REP.VP.2012.WEST,Allen West to be Republican VP nominee in 2012,1,0.3,Apr/30/2012 22:27:59
750393,REP.VP.2012.WEST,Allen West to be Republican VP nominee in 2012,1,0.2,May/02/2012 17:56:57
750393,REP.VP.2012.WEST,Allen West to be Republican VP nominee in 2012,1,0.2,May/02/2012 17:57:18
750393,REP.VP.2012.WEST,Allen West to be Republican VP nominee in 2012,2,0.2,May/02/2012 17:57:59
750393,REP.VP.2012.WEST,Allen West to be Republican VP nominee in 2012,6,0.2,May/02/2012 17:58:39
750393,REP.VP.2012.WEST,Allen West to be Republican VP nominee in 2012,4,0.2,May/02/2012 17:59:41
750393,REP.VP.2012.WEST,Allen West to be Republican VP nominee in 2012,6,0.2,May/02/2012 18:00:03
750393,REP.VP.2012.WEST,Allen West to be Republican VP nominee in 2012,4,0.2,May/02/2012 18:00:24
750393,REP.VP.2012.WEST,Allen West to be Republican VP nominee in 2012,1,0.2,May/02/2012 18:01:28
750393,REP.VP.2012.WEST,Allen West to be Republican VP nominee in 2012,100,0.2,May/02/2012 20:09:20
750393,REP.VP.2012.WEST,Allen West to be Republican VP nominee in 2012,20,0.3,May/03/2012 04:16:33
750393,REP.VP.2012.WEST,Allen West to be Republican VP nominee in 2012,12,0.2,May/03/2012 18:31:20
750393,REP.VP.2012.WEST,Allen West to be Republican VP nominee in 2012,28,0.2,May/03/2012 18:31:20
750393,REP.VP.2012.WEST,Allen West to be Republican VP nominee in 2012,10,0.2,May/03/2012 18:31:20
750393,REP.VP.2012.WEST,Allen West to be Republican VP nominee in 2012,86,0.2,May/03/2012 18:33:42
750393,REP.VP.2012.WEST,Allen West to be Republican VP nominee in 2012,1,0.2,May/04/2012 00:37:12
750393,REP.VP.2012.WEST,Allen West to be Republican VP nominee in 2012,14,0.2,May/04/2012 00:37:12
750393,REP.VP.2012.WEST,Allen West to be Republican VP nominee in 2012,8,0.3,May/04/2012 05:20:16
750393,REP.VP.2012.WEST,Allen West to be Republican VP nominee in 2012,100,0.2,May/04/2012 21:03:48
750393,REP.VP.2012.WEST,Allen West to be Republican VP nominee in 2012,72,0.3,May/05/2012 16:06:15
750393,REP.VP.2012.WEST,Allen West to be Republican VP nominee in 2012,1,0.3,May/05/2012 16:06:15
750393,REP.VP.2012.WEST,Allen West to be Republican VP nominee in 2012,5,0.3,May/05/2012 16:06:15
750393,REP.VP.2012.WEST,Allen West to be Republican VP nominee in 2012,22,0.3,May/05/2012 16:06:15
750393,REP.VP.2012.WEST,Allen West to be Republican VP nominee in 2012,13,0.2,May/06/2012 16:05:48
750393,REP.VP.2012.WEST,Allen West to be Republican VP nominee in 2012,1,0.1,May/07/2012 01:43:42
750393,REP.VP.2012.WEST,Allen West to be Republican VP nominee in 2012,12,0.2,May/07/2012 17:52:46
750393,REP.VP.2012.WEST,Allen West to be Republican VP nominee in 2012,1,0.2,May/07/2012 17:52:46
750393,REP.VP.2012.WEST,Allen West to be Republican VP nominee in 2012,87,0.2,May/07/2012 17:52:46
750393,REP.VP.2012.WEST,Allen West to be Republican VP nominee in 2012,50,0.1,May/07/2012 20:32:35
750393,REP.VP.2012.WEST,Allen West to be Republican VP nominee in 2012,50,0.2,May/08/2012 02:53:32
750393,REP.VP.2012.WEST,Allen West to be Republican VP nominee in 2012,100,0.2,May/08/2012 17:46:08
750393,REP.VP.2012.WEST,Allen West to be Republican VP nominee in 2012,100,0.2,May/08/2012 17:46:08
750393,REP.VP.2012.WEST,Allen West to be Republican VP nominee in 2012,100,0.2,May/08/2012 17:46:08
750393,REP.VP.2012.WEST,Allen West to be Republican VP nominee in 2012,38,0.2,May/08/2012 17:46:08
750393,REP.VP.2012.WEST,Allen West to be Republican VP nominee in 2012,1,0.2,May/08/2012 17:46:08
750393,REP.VP.2012.WEST,Allen West to be Republican VP nominee in 2012,50,0.1,May/11/2012 05:04:11
750393,REP.VP.2012.WEST,Allen West to be Republican VP nominee in 2012,1,0.2,May/11/2012 12:15:53
750393,REP.VP.2012.WEST,Allen West to be Republican VP nominee in 2012,51,0.2,May/11/2012 12:15:53
750393,REP.VP.2012.WEST,Allen West to be Republican VP nominee in 2012,100,0.2,May/11/2012 12:15:53
750393,REP.VP.2012.WEST,Allen West to be Republican VP nominee in 2012,100,0.2,May/11/2012 14:08:14
750393,REP.VP.2012.WEST,Allen West to be Republican VP nominee in 2012,50,0.2,May/13/2012 18:16:52
750393,REP.VP.2012.WEST,Allen West to be Republican VP nominee in 2012,50,0.1,May/13/2012 19:16:51
750393,REP.VP.2012.WEST,Allen West to be Republican VP nominee in 2012,20,0.2,May/15/2012 06:57:00
750393,REP.VP.2012.WEST,Allen West to be Republican VP nominee in 2012,50,0.2,May/15/2012 06:57:00
750393,REP.VP.2012.WEST,Allen West to be Republican VP nominee in 2012,100,0.2,May/15/2012 06:57:00
750393,REP.VP.2012.WEST,Allen West to be Republican VP nominee in 2012,1,0.2,May/15/2012 06:57:00
750393,REP.VP.2012.WEST,Allen West to be Republican VP nominee in 2012,29,0.2,May/15/2012 06:57:00
750393,REP.VP.2012.WEST,Allen West to be Republican VP nominee in 2012,150,0.2,May/15/2012 06:57:00
750393,REP.VP.2012.WEST,Allen West to be Republican VP nominee in 2012,100,0.2,May/15/2012 06:57:00
750393,REP.VP.2012.WEST,Allen West to be Republican VP nominee in 2012,100,0.2,May/15/2012 06:57:00
750393,REP.VP.2012.WEST,Allen West to be Republican VP nominee in 2012,50,0.2,May/15/2012 06:57:00
750393,REP.VP.2012.WEST,Allen West to be Republican VP nominee in 2012,1,0.2,May/15/2012 15:34:19
750393,REP.VP.2012.WEST,Allen West to be Republican VP nominee in 2012,80,0.2,May/15/2012 15:34:19
750393,REP.VP.2012.WEST,Allen West to be Republican VP nominee in 2012,20,0.1,May/16/2012 03:51:58
750393,REP.VP.2012.WEST,Allen West to be Republican VP nominee in 2012,5,0.2,May/16/2012 12:24:06
750393,REP.VP.2012.WEST,Allen West to be Republican VP nominee in 2012,1,0.2,May/16/2012 12:24:06
750393,REP.VP.2012.WEST,Allen West to be Republican VP nominee in 2012,100,0.2,May/16/2012 12:24:06
750393,REP.VP.2012.WEST,Allen West to be Republican VP nominee in 2012,11,0.2,May/17/2012 21:18:24
750393,REP.VP.2012.WEST,Allen West to be Republican VP nominee in 2012,1,0.2,May/17/2012 21:18:24
750393,REP.VP.2012.WEST,Allen West to be Republican VP nominee in 2012,9,0.1,May/18/2012 04:45:25
750393,REP.VP.2012.WEST,Allen West to be Republican VP nominee in 2012,85,0.1,May/18/2012 05:00:59
750393,REP.VP.2012.WEST,Allen West to be Republican VP nominee in 2012,8,0.2,May/20/2012 04:41:24
750393,REP.VP.2012.WEST,Allen West to be Republican VP nominee in 2012,12,0.1,May/21/2012 17:19:19
750393,REP.VP.2012.WEST,Allen West to be Republican VP nominee in 2012,50,0.1,May/21/2012 22:51:21
750393,REP.VP.2012.WEST,Allen West to be Republican VP nominee in 2012,4,0.1,May/23/2012 15:11:12
750393,REP.VP.2012.WEST,Allen West to be Republican VP nominee in 2012,4,0.1,May/23/2012 15:20:46
750393,REP.VP.2012.WEST,Allen West to be Republican VP nominee in 2012,2,0.1,May/23/2012 16:01:32
750393,REP.VP.2012.WEST,Allen West to be Republican VP nominee in 2012,4,0.1,May/23/2012 16:02:29
750393,REP.VP.2012.WEST,Allen West to be Republican VP nominee in 2012,8,0.1,May/23/2012 16:03:14
750393,REP.VP.2012.WEST,Allen West to be Republican VP nominee in 2012,2,0.1,May/23/2012 16:03:31
750393,REP.VP.2012.WEST,Allen West to be Republican VP nominee in 2012,50,0.2,May/24/2012 04:40:07
750393,REP.VP.2012.WEST,Allen West to be Republican VP nominee in 2012,1,0.1,May/24/2012 13:43:29
750393,REP.VP.2012.WEST,Allen West to be Republican VP nominee in 2012,100,0.2,May/24/2012 23:33:39
750393,REP.VP.2012.WEST,Allen West to be Republican VP nominee in 2012,1,0.2,May/24/2012 23:33:39
750393,REP.VP.2012.WEST,Allen West to be Republican VP nominee in 2012,31,0.2,May/24/2012 23:33:39
750393,REP.VP.2012.WEST,Allen West to be Republican VP nominee in 2012,68,0.2,May/24/2012 23:33:39
750393,REP.VP.2012.WEST,Allen West to be Republican VP nominee in 2012,65,0.1,May/28/2012 02:48:49
750393,REP.VP.2012.WEST,Allen West to be Republican VP nominee in 2012,50,0.1,May/29/2012 21:22:21
750393,REP.VP.2012.WEST,Allen West to be Republican VP nominee in 2012,64,0.2,May/30/2012 03:30:53
750393,REP.VP.2012.WEST,Allen West to be Republican VP nominee in 2012,100,0.2,May/30/2012 03:30:53
750393,REP.VP.2012.WEST,Allen West to be Republican VP nominee in 2012,32,0.2,May/30/2012 03:30:53
750393,REP.VP.2012.WEST,Allen West to be Republican VP nominee in 2012,100,0.2,May/30/2012 03:30:53
750393,REP.VP.2012.WEST,Allen West to be Republican VP nominee in 2012,104,0.2,May/30/2012 03:30:53
750393,REP.VP.2012.WEST,Allen West to be Republican VP nominee in 2012,131,0.1,May/30/2012 14:31:55
750393,REP.VP.2012.WEST,Allen West to be Republican VP nominee in 2012,23,0.1,May/30/2012 14:31:55
750393,REP.VP.2012.WEST,Allen West to be Republican VP nominee in 2012,13,0.1,May/30/2012 19:41:40
750393,REP.VP.2012.WEST,Allen West to be Republican VP nominee in 2012,70,0.1,May/31/2012 05:03:00
750393,REP.VP.2012.WEST,Allen West to be Republican VP nominee in 2012,13,0.1,May/31/2012 05:08:34
750393,REP.VP.2012.WEST,Allen West to be Republican VP nominee in 2012,5,0.1,May/31/2012 05:11:58
750393,REP.VP.2012.WEST,Allen West to be Republican VP nominee in 2012,23,0.1,Jun/01/2012 14:28:38
750393,REP.VP.2012.WEST,Allen West to be Republican VP nominee in 2012,10,0.1,Jun/05/2012 20:02:19
750393,REP.VP.2012.WEST,Allen West to be Republican VP nominee in 2012,18,0.1,Jun/06/2012 19:47:15
750393,REP.VP.2012.WEST,Allen West to be Republican VP nominee in 2012,10,0.2,Jun/07/2012 01:12:12
750393,REP.VP.2012.WEST,Allen West to be Republican VP nominee in 2012,10,0.2,Jun/07/2012 14:16:24
750393,REP.VP.2012.WEST,Allen West to be Republican VP nominee in 2012,34,0.2,Jun/08/2012 06:30:45
750393,REP.VP.2012.WEST,Allen West to be Republican VP nominee in 2012,16,0.2,Jun/08/2012 06:30:45
750393,REP.VP.2012.WEST,Allen West to be Republican VP nominee in 2012,2,0.2,Jun/09/2012 23:48:07
750393,REP.VP.2012.WEST,Allen West to be Republican VP nominee in 2012,83,0.1,Jun/11/2012 13:46:37
750393,REP.VP.2012.WEST,Allen West to be Republican VP nominee in 2012,1000,0.1,Jun/11/2012 13:46:37
750393,REP.VP.2012.WEST,Allen West to be Republican VP nominee in 2012,217,0.1,Jun/11/2012 13:46:37
750393,REP.VP.2012.WEST,Allen West to be Republican VP nominee in 2012,21,0.1,Jun/11/2012 22:35:34
750393,REP.VP.2012.WEST,Allen West to be Republican VP nominee in 2012,36,0.2,Jun/12/2012 05:54:45
750393,REP.VP.2012.WEST,Allen West to be Republican VP nominee in 2012,64,0.2,Jun/12/2012 05:54:45
750393,REP.VP.2012.WEST,Allen West to be Republican VP nominee in 2012,27,0.2,Jun/13/2012 12:39:59
750393,REP.VP.2012.WEST,Allen West to be Republican VP nominee in 2012,1,0.1,Jun/13/2012 12:47:27
750393,REP.VP.2012.WEST,Allen West to be Republican VP nominee in 2012,16,0.2,Jun/14/2012 12:22:48
750393,REP.VP.2012.WEST,Allen West to be Republican VP nominee in 2012,50,0.2,Jun/14/2012 15:09:47
750393,REP.VP.2012.WEST,Allen West to be Republican VP nominee in 2012,5,0.1,Jun/17/2012 19:07:40
750393,REP.VP.2012.WEST,Allen West to be Republican VP nominee in 2012,7,0.1,Jun/20/2012 10:29:53
750393,REP.VP.2012.WEST,Allen West to be Republican VP nominee in 2012,40,0.1,Jun/20/2012 18:30:29
750393,REP.VP.2012.WEST,Allen West to be Republican VP nominee in 2012,1000,0.1,Jun/20/2012 18:30:29
750393,REP.VP.2012.WEST,Allen West to be Republican VP nominee in 2012,164,0.1,Jun/20/2012 18:30:29
750393,REP.VP.2012.WEST,Allen West to be Republican VP nominee in 2012,10,0.1,Jun/20/2012 18:30:29
750393,REP.VP.2012.WEST,Allen West to be Republican VP nominee in 2012,500,0.1,Jun/20/2012 18:30:29
750393,REP.VP.2012.WEST,Allen West to be Republican VP nominee in 2012,334,0.1,Jun/20/2012 18:30:29
750393,REP.VP.2012.WEST,Allen West to be Republican VP nominee in 2012,300,0.1,Jun/21/2012 04:01:56
750393,REP.VP.2012.WEST,Allen West to be Republican VP nominee in 2012,20,0.1,Jun/21/2012 05:39:02
750393,REP.VP.2012.WEST,Allen West to be Republican VP nominee in 2012,25,0.1,Jun/21/2012 06:34:32
750393,REP.VP.2012.WEST,Allen West to be Republican VP nominee in 2012,250,0.1,Jun/22/2012 21:57:21
750393,REP.VP.2012.WEST,Allen West to be Republican VP nominee in 2012,2159,0.1,Jun/23/2012 02:58:02
750393,REP.VP.2012.WEST,Allen West to be Republican VP nominee in 2012,1,0.1,Jun/23/2012 02:58:02
750393,REP.VP.2012.WEST,Allen West to be Republican VP nominee in 2012,194,0.1,Jun/23/2012 02:58:02
750393,REP.VP.2012.WEST,Allen West to be Republican VP nominee in 2012,1,0.2,Jun/23/2012 03:08:30
750393,REP.VP.2012.WEST,Allen West to be Republican VP nominee in 2012,27,0.2,Jun/23/2012 03:08:30
750393,REP.VP.2012.WEST,Allen West to be Republican VP nominee in 2012,500,0.2,Jun/23/2012 03:08:30
750393,REP.VP.2012.WEST,Allen West to be Republican VP nominee in 2012,100,0.2,Jun/23/2012 03:08:30
750393,REP.VP.2012.WEST,Allen West to be Republican VP nominee in 2012,100,0.2,Jun/23/2012 03:08:30
750393,REP.VP.2012.WEST,Allen West to be Republican VP nominee in 2012,100,0.2,Jun/23/2012 03:08:30
750393,REP.VP.2012.WEST,Allen West to be Republican VP nominee in 2012,154,0.2,Jun/23/2012 03:08:30
750393,REP.VP.2012.WEST,Allen West to be Republican VP nominee in 2012,100,0.2,Jun/23/2012 03:08:30
750393,REP.VP.2012.WEST,Allen West to be Republican VP nominee in 2012,100,0.2,Jun/23/2012 03:08:30
750393,REP.VP.2012.WEST,Allen West to be Republican VP nominee in 2012,171,0.2,Jun/23/2012 03:08:30
750393,REP.VP.2012.WEST,Allen West to be Republican VP nominee in 2012,27,0.2,Jun/23/2012 03:08:30
750393,REP.VP.2012.WEST,Allen West to be Republican VP nominee in 2012,200,0.2,Jun/26/2012 14:55:41
750393,REP.VP.2012.WEST,Allen West to be Republican VP nominee in 2012,200,0.1,Jun/28/2012 17:29:27
750393,REP.VP.2012.WEST,Allen West to be Republican VP nominee in 2012,1,0.1,Jun/28/2012 17:29:27
750393,REP.VP.2012.WEST,Allen West to be Republican VP nominee in 2012,49,0.1,Jun/29/2012 02:05:24
750393,REP.VP.2012.WEST,Allen West to be Republican VP nominee in 2012,147,0.2,Jun/30/2012 00:43:55
750393,REP.VP.2012.WEST,Allen West to be Republican VP nominee in 2012,4,0.1,Jul/11/2012 09:22:24
750393,REP.VP.2012.WEST,Allen West to be Republican VP nominee in 2012,100,0.1,Jul/12/2012 02:43:13
750393,REP.VP.2012.WEST,Allen West to be Republican VP nominee in 2012,60,0.1,Jul/12/2012 02:43:13
750393,REP.VP.2012.WEST,Allen West to be Republican VP nominee in 2012,1251,0.1,Jul/12/2012 02:43:13
750393,REP.VP.2012.WEST,Allen West to be Republican VP nominee in 2012,20,0.1,Jul/12/2012 02:43:13
750393,REP.VP.2012.WEST,Allen West to be Republican VP nominee in 2012,1,0.1,Jul/12/2012 02:43:13
750393,REP.VP.2012.WEST,Allen West to be Republican VP nominee in 2012,16,0.1,Jul/12/2012 02:43:13
750393,REP.VP.2012.WEST,Allen West to be Republican VP nominee in 2012,600,0.1,Jul/12/2012 02:44:52
750393,REP.VP.2012.WEST,Allen West to be Republican VP nominee in 2012,1,0.2,Jul/12/2012 05:18:43
750393,REP.VP.2012.WEST,Allen West to be Republican VP nominee in 2012,20,0.1,Jul/12/2012 23:38:30
750393,REP.VP.2012.WEST,Allen West to be Republican VP nominee in 2012,2,0.1,Jul/12/2012 23:38:56
750393,REP.VP.2012.WEST,Allen West to be Republican VP nominee in 2012,10,0.1,Jul/12/2012 23:40:09
750393,REP.VP.2012.WEST,Allen West to be Republican VP nominee in 2012,10,0.2,Jul/15/2012 16:04:32
750393,REP.VP.2012.WEST,Allen West to be Republican VP nominee in 2012,1,0.1,Jul/16/2012 21:10:01
750393,REP.VP.2012.WEST,Allen West to be Republican VP nominee in 2012,45,0.1,Jul/16/2012 21:10:01
750393,REP.VP.2012.WEST,Allen West to be Republican VP nominee in 2012,140,0.2,Jul/16/2012 21:11:32
750393,REP.VP.2012.WEST,Allen West to be Republican VP nominee in 2012,66,0.2,Jul/16/2012 21:14:24
750393,REP.VP.2012.WEST,Allen West to be Republican VP nominee in 2012,1,0.1,Jul/19/2012 18:17:27
750393,REP.VP.2012.WEST,Allen West to be Republican VP nominee in 2012,33,0.1,Jul/20/2012 00:50:35
750393,REP.VP.2012.WEST,Allen West to be Republican VP nominee in 2012,65,0.1,Jul/20/2012 00:50:35
750393,REP.VP.2012.WEST,Allen West to be Republican VP nominee in 2012,665,0.1,Jul/21/2012 16:30:05
750393,REP.VP.2012.WEST,Allen West to be Republican VP nominee in 2012,300,0.1,Jul/21/2012 16:30:05
750393,REP.VP.2012.WEST,Allen West to be Republican VP nominee in 2012,35,0.1,Jul/21/2012 16:30:05
750393,REP.VP.2012.WEST,Allen West to be Republican VP nominee in 2012,5,0.1,Jul/25/2012 02:07:11
750393,REP.VP.2012.WEST,Allen West to be Republican VP nominee in 2012,1,0.1,Jul/25/2012 03:18:10
750393,REP.VP.2012.WEST,Allen West to be Republican VP nominee in 2012,200,0.1,Jul/25/2012 12:58:09
750393,REP.VP.2012.WEST,Allen West to be Republican VP nominee in 2012,150,0.1,Jul/25/2012 13:01:50
750393,REP.VP.2012.WEST,Allen West to be Republican VP nominee in 2012,500,0.1,Jul/26/2012 21:44:22
750393,REP.VP.2012.WEST,Allen West to be Republican VP nominee in 2012,80,0.1,Jul/27/2012 21:17:24
750393,REP.VP.2012.WEST,Allen West to be Republican VP nominee in 2012,1099,0.1,Jul/30/2012 23:26:17
750393,REP.VP.2012.WEST,Allen West to be Republican VP nominee in 2012,1,0.1,Jul/30/2012 23:26:17
750393,REP.VP.2012.WEST,Allen West to be Republican VP nominee in 2012,100,0.1,Jul/30/2012 23:26:17
750393,REP.VP.2012.WEST,Allen West to be Republican VP nominee in 2012,3,0.1,Jul/30/2012 23:26:17
750393,REP.VP.2012.WEST,Allen West to be Republican VP nominee in 2012,1,0.2,Jul/31/2012 04:48:14
750393,REP.VP.2012.WEST,Allen West to be Republican VP nominee in 2012,59,0.1,Aug/02/2012 13:05:18
750393,REP.VP.2012.WEST,Allen West to be Republican VP nominee in 2012,1,0.1,Aug/02/2012 13:05:18
750393,REP.VP.2012.WEST,Allen West to be Republican VP nominee in 2012,40,0.1,Aug/02/2012 13:05:18
750393,REP.VP.2012.WEST,Allen West to be Republican VP nominee in 2012,20,0.1,Aug/05/2012 11:10:53
750393,REP.VP.2012.WEST,Allen West to be Republican VP nominee in 2012,121,0.1,Aug/07/2012 16:41:40
750393,REP.VP.2012.WEST,Allen West to be Republican VP nominee in 2012,100,0.1,Aug/07/2012 16:41:40
750393,REP.VP.2012.WEST,Allen West to be Republican VP nominee in 2012,1,0.1,Aug/07/2012 16:41:40
750393,REP.VP.2012.WEST,Allen West to be Republican VP nominee in 2012,30,0.1,Aug/07/2012 16:41:40
750393,REP.VP.2012.WEST,Allen West to be Republican VP nominee in 2012,246,0.1,Aug/07/2012 16:41:40
750393,REP.VP.2012.WEST,Allen West to be Republican VP nominee in 2012,20,0.1,Aug/08/2012 15:15:15
750393,REP.VP.2012.WEST,Allen West to be Republican VP nominee in 2012,90,0.1,Aug/09/2012 05:55:45
750393,REP.VP.2012.WEST,Allen West to be Republican VP nominee in 2012,52,0.1,Aug/10/2012 17:26:44
750393,REP.VP.2012.WEST,Allen West to be Republican VP nominee in 2012,1,0.1,Aug/10/2012 17:26:44
750393,REP.VP.2012.WEST,Allen West to be Republican VP nominee in 2012,25,0.1,Aug/10/2012 17:26:44
750393,REP.VP.2012.WEST,Allen West to be Republican VP nominee in 2012,2,0.2,Aug/10/2012 17:28:14
750393,REP.VP.2012.WEST,Allen West to be Republican VP nominee in 2012,1,0.2,Aug/10/2012 17:28:14
750393,REP.VP.2012.WEST,Allen West to be Republican VP nominee in 2012,100,0.2,Aug/10/2012 17:28:14
750393,REP.VP.2012.WEST,Allen West to be Republican VP nominee in 2012,80,0.2,Aug/10/2012 17:28:14
750393,REP.VP.2012.WEST,Allen West to be Republican VP nominee in 2012,500,0.2,Aug/10/2012 17:28:14
750393,REP.VP.2012.WEST,Allen West to be Republican VP nominee in 2012,3,0.1,Aug/10/2012 21:40:15
750393,REP.VP.2012.WEST,Allen West to be Republican VP nominee in 2012,1,0.1,Aug/10/2012 21:40:15
750393,REP.VP.2012.WEST,Allen West to be Republican VP nominee in 2012,96,0.1,Aug/10/2012 21:40:15
750393,REP.VP.2012.WEST,Allen West to be Republican VP nominee in 2012,4,0.1,Aug/10/2012 21:40:39
750393,REP.VP.2012.WEST,Allen West to be Republican VP nominee in 2012,10,0.1,Aug/11/2012 05:58:19
750393,REP.VP.2012.WEST,Allen West to be Republican VP nominee in 2012,97,0.1,Aug/11/2012 06:02:08
750393,REP.VP.2012.WEST,Allen West to be Republican VP nominee in 2012,67,0.1,Aug/12/2012 17:03:02
