market id,market symbol,market name,trade quantity,trade price,date/time [utc]
749368,REP.VP.2012.HALEY,Nikki Haley to be Republican VP nominee in 2012,5,0.9,May/18/2011 16:30:09
749368,REP.VP.2012.HALEY,Nikki Haley to be Republican VP nominee in 2012,5,1.9,May/19/2011 17:46:38
749368,REP.VP.2012.HALEY,Nikki Haley to be Republican VP nominee in 2012,5,2.9,May/19/2011 17:46:59
749368,REP.VP.2012.HALEY,Nikki Haley to be Republican VP nominee in 2012,4,3.0,May/24/2011 16:54:58
749368,REP.VP.2012.HALEY,Nikki Haley to be Republican VP nominee in 2012,10,2.0,Jun/23/2011 21:45:09
749368,REP.VP.2012.HALEY,Nikki Haley to be Republican VP nominee in 2012,10,2.9,Jun/28/2011 01:07:28
749368,REP.VP.2012.HALEY,Nikki Haley to be Republican VP nominee in 2012,10,3.4,Jun/30/2011 18:25:12
749368,REP.VP.2012.HALEY,Nikki Haley to be Republican VP nominee in 2012,5,3.5,Jun/30/2011 18:27:05
749368,REP.VP.2012.HALEY,Nikki Haley to be Republican VP nominee in 2012,5,1.0,Jul/01/2011 17:23:09
749368,REP.VP.2012.HALEY,Nikki Haley to be Republican VP nominee in 2012,7,1.0,Jul/01/2011 19:36:51
749368,REP.VP.2012.HALEY,Nikki Haley to be Republican VP nominee in 2012,3,1.0,Jul/01/2011 20:04:36
749368,REP.VP.2012.HALEY,Nikki Haley to be Republican VP nominee in 2012,2,3.5,Jul/03/2011 20:50:41
749368,REP.VP.2012.HALEY,Nikki Haley to be Republican VP nominee in 2012,10,1.5,Aug/12/2011 02:37:07
749368,REP.VP.2012.HALEY,Nikki Haley to be Republican VP nominee in 2012,10,2.0,Aug/12/2011 21:52:24
749368,REP.VP.2012.HALEY,Nikki Haley to be Republican VP nominee in 2012,10,1.9,Aug/12/2011 21:52:24
749368,REP.VP.2012.HALEY,Nikki Haley to be Republican VP nominee in 2012,10,2.0,Aug/12/2011 21:52:24
749368,REP.VP.2012.HALEY,Nikki Haley to be Republican VP nominee in 2012,19,2.9,Aug/13/2011 14:26:31
749368,REP.VP.2012.HALEY,Nikki Haley to be Republican VP nominee in 2012,10,2.5,Aug/13/2011 14:26:31
749368,REP.VP.2012.HALEY,Nikki Haley to be Republican VP nominee in 2012,20,3.5,Aug/13/2011 14:31:55
749368,REP.VP.2012.HALEY,Nikki Haley to be Republican VP nominee in 2012,10,3.4,Aug/13/2011 14:31:55
749368,REP.VP.2012.HALEY,Nikki Haley to be Republican VP nominee in 2012,5,4.0,Aug/13/2011 22:36:49
749368,REP.VP.2012.HALEY,Nikki Haley to be Republican VP nominee in 2012,10,4.0,Aug/13/2011 22:36:49
749368,REP.VP.2012.HALEY,Nikki Haley to be Republican VP nominee in 2012,35,4.0,Aug/14/2011 02:39:37
749368,REP.VP.2012.HALEY,Nikki Haley to be Republican VP nominee in 2012,1,3.9,Aug/16/2011 19:01:07
749368,REP.VP.2012.HALEY,Nikki Haley to be Republican VP nominee in 2012,1,4.0,Aug/16/2011 19:01:28
749368,REP.VP.2012.HALEY,Nikki Haley to be Republican VP nominee in 2012,9,4.0,Aug/16/2011 19:02:08
749368,REP.VP.2012.HALEY,Nikki Haley to be Republican VP nominee in 2012,1,3.9,Aug/17/2011 17:55:41
749368,REP.VP.2012.HALEY,Nikki Haley to be Republican VP nominee in 2012,9,3.9,Aug/24/2011 07:18:27
749368,REP.VP.2012.HALEY,Nikki Haley to be Republican VP nominee in 2012,10,4.0,Aug/24/2011 07:18:38
749368,REP.VP.2012.HALEY,Nikki Haley to be Republican VP nominee in 2012,10,4.3,Aug/24/2011 07:18:51
749368,REP.VP.2012.HALEY,Nikki Haley to be Republican VP nominee in 2012,1,3.1,Sep/08/2011 01:50:54
749368,REP.VP.2012.HALEY,Nikki Haley to be Republican VP nominee in 2012,5,3.2,Sep/08/2011 01:50:54
749368,REP.VP.2012.HALEY,Nikki Haley to be Republican VP nominee in 2012,1,3.9,Sep/10/2011 00:48:54
749368,REP.VP.2012.HALEY,Nikki Haley to be Republican VP nominee in 2012,3,2.5,Sep/23/2011 03:21:55
749368,REP.VP.2012.HALEY,Nikki Haley to be Republican VP nominee in 2012,2,2.6,Sep/23/2011 03:21:55
749368,REP.VP.2012.HALEY,Nikki Haley to be Republican VP nominee in 2012,15,2.7,Sep/23/2011 03:21:55
749368,REP.VP.2012.HALEY,Nikki Haley to be Republican VP nominee in 2012,2,2.9,Sep/23/2011 15:22:45
749368,REP.VP.2012.HALEY,Nikki Haley to be Republican VP nominee in 2012,2,3.0,Sep/23/2011 15:23:01
749368,REP.VP.2012.HALEY,Nikki Haley to be Republican VP nominee in 2012,17,2.5,Sep/24/2011 19:36:35
749368,REP.VP.2012.HALEY,Nikki Haley to be Republican VP nominee in 2012,3,2.6,Sep/24/2011 19:36:35
749368,REP.VP.2012.HALEY,Nikki Haley to be Republican VP nominee in 2012,1,2.9,Sep/25/2011 13:11:25
749368,REP.VP.2012.HALEY,Nikki Haley to be Republican VP nominee in 2012,8,3.0,Sep/25/2011 13:11:43
749368,REP.VP.2012.HALEY,Nikki Haley to be Republican VP nominee in 2012,20,3.0,Sep/25/2011 13:11:43
749368,REP.VP.2012.HALEY,Nikki Haley to be Republican VP nominee in 2012,18,2.5,Sep/25/2011 14:03:33
749368,REP.VP.2012.HALEY,Nikki Haley to be Republican VP nominee in 2012,1,2.6,Sep/25/2011 14:03:33
749368,REP.VP.2012.HALEY,Nikki Haley to be Republican VP nominee in 2012,20,3.0,Sep/28/2011 12:04:21
749368,REP.VP.2012.HALEY,Nikki Haley to be Republican VP nominee in 2012,12,2.5,Sep/29/2011 02:46:44
749368,REP.VP.2012.HALEY,Nikki Haley to be Republican VP nominee in 2012,1,2.6,Sep/29/2011 02:46:44
749368,REP.VP.2012.HALEY,Nikki Haley to be Republican VP nominee in 2012,7,2.5,Sep/29/2011 12:21:12
749368,REP.VP.2012.HALEY,Nikki Haley to be Republican VP nominee in 2012,1,2.0,Sep/30/2011 09:08:07
749368,REP.VP.2012.HALEY,Nikki Haley to be Republican VP nominee in 2012,1,2.0,Sep/30/2011 09:09:22
749368,REP.VP.2012.HALEY,Nikki Haley to be Republican VP nominee in 2012,1,2.0,Oct/05/2011 00:33:02
749368,REP.VP.2012.HALEY,Nikki Haley to be Republican VP nominee in 2012,1,2.1,Oct/05/2011 00:33:02
749368,REP.VP.2012.HALEY,Nikki Haley to be Republican VP nominee in 2012,18,2.5,Oct/05/2011 11:43:10
749368,REP.VP.2012.HALEY,Nikki Haley to be Republican VP nominee in 2012,1,2.4,Oct/05/2011 11:43:10
749368,REP.VP.2012.HALEY,Nikki Haley to be Republican VP nominee in 2012,1,2.4,Oct/05/2011 11:43:10
749368,REP.VP.2012.HALEY,Nikki Haley to be Republican VP nominee in 2012,2,2.5,Oct/05/2011 20:21:19
749368,REP.VP.2012.HALEY,Nikki Haley to be Republican VP nominee in 2012,1,2.5,Oct/05/2011 20:21:19
749368,REP.VP.2012.HALEY,Nikki Haley to be Republican VP nominee in 2012,1,2.8,Oct/07/2011 22:08:35
749368,REP.VP.2012.HALEY,Nikki Haley to be Republican VP nominee in 2012,19,2.5,Oct/09/2011 14:24:54
749368,REP.VP.2012.HALEY,Nikki Haley to be Republican VP nominee in 2012,1,2.5,Oct/09/2011 14:24:54
749368,REP.VP.2012.HALEY,Nikki Haley to be Republican VP nominee in 2012,6,2.0,Oct/11/2011 21:58:43
749368,REP.VP.2012.HALEY,Nikki Haley to be Republican VP nominee in 2012,2,2.1,Oct/11/2011 21:58:43
749368,REP.VP.2012.HALEY,Nikki Haley to be Republican VP nominee in 2012,1,2.2,Oct/11/2011 21:58:43
749368,REP.VP.2012.HALEY,Nikki Haley to be Republican VP nominee in 2012,1,2.3,Oct/11/2011 21:58:43
749368,REP.VP.2012.HALEY,Nikki Haley to be Republican VP nominee in 2012,10,2.4,Oct/11/2011 21:58:43
749368,REP.VP.2012.HALEY,Nikki Haley to be Republican VP nominee in 2012,1,2.0,Oct/12/2011 07:05:57
749368,REP.VP.2012.HALEY,Nikki Haley to be Republican VP nominee in 2012,1,2.0,Oct/12/2011 11:22:37
749368,REP.VP.2012.HALEY,Nikki Haley to be Republican VP nominee in 2012,2,2.0,Oct/12/2011 11:22:48
749368,REP.VP.2012.HALEY,Nikki Haley to be Republican VP nominee in 2012,2,2.0,Oct/12/2011 11:24:26
749368,REP.VP.2012.HALEY,Nikki Haley to be Republican VP nominee in 2012,4,2.0,Oct/12/2011 11:24:31
749368,REP.VP.2012.HALEY,Nikki Haley to be Republican VP nominee in 2012,6,2.0,Oct/12/2011 11:25:38
749368,REP.VP.2012.HALEY,Nikki Haley to be Republican VP nominee in 2012,10,2.0,Oct/12/2011 11:27:30
749368,REP.VP.2012.HALEY,Nikki Haley to be Republican VP nominee in 2012,1,2.4,Oct/12/2011 14:05:44
749368,REP.VP.2012.HALEY,Nikki Haley to be Republican VP nominee in 2012,1,2.4,Oct/12/2011 14:05:44
749368,REP.VP.2012.HALEY,Nikki Haley to be Republican VP nominee in 2012,20,2.5,Oct/12/2011 14:06:07
749368,REP.VP.2012.HALEY,Nikki Haley to be Republican VP nominee in 2012,15,2.0,Oct/12/2011 14:10:27
749368,REP.VP.2012.HALEY,Nikki Haley to be Republican VP nominee in 2012,5,2.0,Oct/13/2011 03:03:58
749368,REP.VP.2012.HALEY,Nikki Haley to be Republican VP nominee in 2012,1,2.0,Oct/13/2011 03:03:58
749368,REP.VP.2012.HALEY,Nikki Haley to be Republican VP nominee in 2012,14,2.0,Oct/13/2011 03:03:58
749368,REP.VP.2012.HALEY,Nikki Haley to be Republican VP nominee in 2012,26,2.0,Oct/13/2011 03:12:13
749368,REP.VP.2012.HALEY,Nikki Haley to be Republican VP nominee in 2012,10,3.0,Oct/14/2011 20:38:20
749368,REP.VP.2012.HALEY,Nikki Haley to be Republican VP nominee in 2012,20,3.0,Oct/14/2011 20:38:20
749368,REP.VP.2012.HALEY,Nikki Haley to be Republican VP nominee in 2012,20,3.0,Oct/14/2011 20:38:20
749368,REP.VP.2012.HALEY,Nikki Haley to be Republican VP nominee in 2012,20,3.0,Oct/14/2011 20:38:20
749368,REP.VP.2012.HALEY,Nikki Haley to be Republican VP nominee in 2012,20,3.0,Oct/14/2011 20:38:20
749368,REP.VP.2012.HALEY,Nikki Haley to be Republican VP nominee in 2012,2,2.9,Oct/14/2011 20:38:20
749368,REP.VP.2012.HALEY,Nikki Haley to be Republican VP nominee in 2012,30,2.5,Oct/14/2011 20:38:20
749368,REP.VP.2012.HALEY,Nikki Haley to be Republican VP nominee in 2012,1,2.5,Oct/14/2011 20:38:20
749368,REP.VP.2012.HALEY,Nikki Haley to be Republican VP nominee in 2012,20,2.5,Oct/14/2011 20:38:20
749368,REP.VP.2012.HALEY,Nikki Haley to be Republican VP nominee in 2012,1,3.0,Oct/14/2011 20:38:20
749368,REP.VP.2012.HALEY,Nikki Haley to be Republican VP nominee in 2012,30,3.0,Oct/15/2011 17:06:18
749368,REP.VP.2012.HALEY,Nikki Haley to be Republican VP nominee in 2012,1,3.0,Oct/15/2011 17:06:18
749368,REP.VP.2012.HALEY,Nikki Haley to be Republican VP nominee in 2012,49,3.0,Oct/15/2011 17:06:18
749368,REP.VP.2012.HALEY,Nikki Haley to be Republican VP nominee in 2012,47,2.4,Oct/15/2011 18:48:27
749368,REP.VP.2012.HALEY,Nikki Haley to be Republican VP nominee in 2012,3,2.5,Oct/15/2011 18:48:27
749368,REP.VP.2012.HALEY,Nikki Haley to be Republican VP nominee in 2012,1,2.5,Oct/18/2011 21:35:10
749368,REP.VP.2012.HALEY,Nikki Haley to be Republican VP nominee in 2012,49,2.5,Oct/18/2011 21:37:51
749368,REP.VP.2012.HALEY,Nikki Haley to be Republican VP nominee in 2012,1,2.8,Oct/20/2011 07:56:03
749368,REP.VP.2012.HALEY,Nikki Haley to be Republican VP nominee in 2012,1,2.8,Oct/20/2011 07:56:03
749368,REP.VP.2012.HALEY,Nikki Haley to be Republican VP nominee in 2012,2,2.9,Oct/20/2011 07:56:21
749368,REP.VP.2012.HALEY,Nikki Haley to be Republican VP nominee in 2012,1,3.0,Oct/20/2011 16:55:50
749368,REP.VP.2012.HALEY,Nikki Haley to be Republican VP nominee in 2012,19,3.0,Oct/20/2011 16:55:50
749368,REP.VP.2012.HALEY,Nikki Haley to be Republican VP nominee in 2012,4,2.6,Oct/20/2011 17:02:46
749368,REP.VP.2012.HALEY,Nikki Haley to be Republican VP nominee in 2012,3,2.9,Oct/21/2011 17:43:01
749368,REP.VP.2012.HALEY,Nikki Haley to be Republican VP nominee in 2012,1,2.9,Oct/21/2011 17:43:01
749368,REP.VP.2012.HALEY,Nikki Haley to be Republican VP nominee in 2012,31,3.0,Oct/21/2011 17:43:09
749368,REP.VP.2012.HALEY,Nikki Haley to be Republican VP nominee in 2012,50,3.0,Oct/21/2011 17:43:09
749368,REP.VP.2012.HALEY,Nikki Haley to be Republican VP nominee in 2012,1,2.5,Oct/21/2011 17:43:38
749368,REP.VP.2012.HALEY,Nikki Haley to be Republican VP nominee in 2012,4,2.8,Oct/22/2011 19:33:20
749368,REP.VP.2012.HALEY,Nikki Haley to be Republican VP nominee in 2012,1,2.9,Oct/22/2011 19:33:20
749368,REP.VP.2012.HALEY,Nikki Haley to be Republican VP nominee in 2012,1,2.7,Oct/22/2011 22:02:21
749368,REP.VP.2012.HALEY,Nikki Haley to be Republican VP nominee in 2012,1,2.7,Oct/23/2011 10:44:09
749368,REP.VP.2012.HALEY,Nikki Haley to be Republican VP nominee in 2012,1,2.7,Oct/23/2011 10:50:40
749368,REP.VP.2012.HALEY,Nikki Haley to be Republican VP nominee in 2012,2,2.7,Oct/23/2011 11:47:14
749368,REP.VP.2012.HALEY,Nikki Haley to be Republican VP nominee in 2012,7,2.7,Oct/23/2011 14:07:30
749368,REP.VP.2012.HALEY,Nikki Haley to be Republican VP nominee in 2012,1,2.7,Oct/23/2011 14:10:43
749368,REP.VP.2012.HALEY,Nikki Haley to be Republican VP nominee in 2012,1,2.7,Oct/23/2011 14:17:41
749368,REP.VP.2012.HALEY,Nikki Haley to be Republican VP nominee in 2012,1,2.7,Oct/23/2011 14:18:34
749368,REP.VP.2012.HALEY,Nikki Haley to be Republican VP nominee in 2012,2,2.7,Oct/23/2011 14:19:18
749368,REP.VP.2012.HALEY,Nikki Haley to be Republican VP nominee in 2012,10,2.7,Oct/23/2011 15:15:03
749368,REP.VP.2012.HALEY,Nikki Haley to be Republican VP nominee in 2012,10,2.7,Oct/23/2011 15:16:15
749368,REP.VP.2012.HALEY,Nikki Haley to be Republican VP nominee in 2012,10,2.7,Oct/23/2011 15:31:46
749368,REP.VP.2012.HALEY,Nikki Haley to be Republican VP nominee in 2012,50,2.7,Oct/25/2011 09:44:23
749368,REP.VP.2012.HALEY,Nikki Haley to be Republican VP nominee in 2012,20,2.8,Oct/26/2011 16:13:33
749368,REP.VP.2012.HALEY,Nikki Haley to be Republican VP nominee in 2012,30,2.8,Oct/28/2011 22:58:27
749368,REP.VP.2012.HALEY,Nikki Haley to be Republican VP nominee in 2012,1,2.8,Oct/28/2011 22:58:27
749368,REP.VP.2012.HALEY,Nikki Haley to be Republican VP nominee in 2012,100,3.0,Nov/02/2011 22:40:27
749368,REP.VP.2012.HALEY,Nikki Haley to be Republican VP nominee in 2012,1,3.0,Nov/02/2011 22:40:27
749368,REP.VP.2012.HALEY,Nikki Haley to be Republican VP nominee in 2012,1,2.7,Nov/07/2011 03:24:57
749368,REP.VP.2012.HALEY,Nikki Haley to be Republican VP nominee in 2012,44,2.5,Nov/07/2011 15:21:48
749368,REP.VP.2012.HALEY,Nikki Haley to be Republican VP nominee in 2012,1,2.5,Nov/07/2011 15:21:48
749368,REP.VP.2012.HALEY,Nikki Haley to be Republican VP nominee in 2012,50,2.5,Nov/16/2011 19:42:41
749368,REP.VP.2012.HALEY,Nikki Haley to be Republican VP nominee in 2012,1,2.5,Nov/16/2011 19:42:41
749368,REP.VP.2012.HALEY,Nikki Haley to be Republican VP nominee in 2012,50,2.5,Nov/22/2011 19:34:29
749368,REP.VP.2012.HALEY,Nikki Haley to be Republican VP nominee in 2012,1,2.5,Nov/22/2011 19:34:29
749368,REP.VP.2012.HALEY,Nikki Haley to be Republican VP nominee in 2012,8,2.9,Nov/23/2011 00:33:33
749368,REP.VP.2012.HALEY,Nikki Haley to be Republican VP nominee in 2012,49,2.5,Nov/30/2011 16:01:35
749368,REP.VP.2012.HALEY,Nikki Haley to be Republican VP nominee in 2012,1,2.5,Nov/30/2011 17:15:38
749368,REP.VP.2012.HALEY,Nikki Haley to be Republican VP nominee in 2012,22,2.9,Dec/02/2011 00:56:34
749368,REP.VP.2012.HALEY,Nikki Haley to be Republican VP nominee in 2012,1,2.9,Dec/02/2011 00:56:34
749368,REP.VP.2012.HALEY,Nikki Haley to be Republican VP nominee in 2012,30,3.0,Dec/02/2011 00:57:17
749368,REP.VP.2012.HALEY,Nikki Haley to be Republican VP nominee in 2012,1,2.4,Dec/07/2011 16:55:22
749368,REP.VP.2012.HALEY,Nikki Haley to be Republican VP nominee in 2012,1,2.4,Dec/07/2011 16:55:22
749368,REP.VP.2012.HALEY,Nikki Haley to be Republican VP nominee in 2012,2,2.5,Dec/07/2011 16:55:34
749368,REP.VP.2012.HALEY,Nikki Haley to be Republican VP nominee in 2012,2,2.0,Dec/16/2011 05:50:12
749368,REP.VP.2012.HALEY,Nikki Haley to be Republican VP nominee in 2012,48,2.0,Dec/16/2011 05:52:17
749368,REP.VP.2012.HALEY,Nikki Haley to be Republican VP nominee in 2012,1,2.0,Dec/16/2011 05:52:17
749368,REP.VP.2012.HALEY,Nikki Haley to be Republican VP nominee in 2012,3,2.4,Dec/16/2011 12:57:38
749368,REP.VP.2012.HALEY,Nikki Haley to be Republican VP nominee in 2012,1,2.4,Dec/16/2011 12:57:38
749368,REP.VP.2012.HALEY,Nikki Haley to be Republican VP nominee in 2012,23,2.5,Dec/16/2011 12:57:58
749368,REP.VP.2012.HALEY,Nikki Haley to be Republican VP nominee in 2012,40,2.5,Dec/16/2011 12:57:58
749368,REP.VP.2012.HALEY,Nikki Haley to be Republican VP nominee in 2012,20,3.0,Dec/16/2011 22:27:42
749368,REP.VP.2012.HALEY,Nikki Haley to be Republican VP nominee in 2012,30,3.0,Dec/16/2011 22:27:42
749368,REP.VP.2012.HALEY,Nikki Haley to be Republican VP nominee in 2012,40,2.9,Dec/16/2011 22:27:42
749368,REP.VP.2012.HALEY,Nikki Haley to be Republican VP nominee in 2012,1,2.9,Dec/16/2011 22:27:42
749368,REP.VP.2012.HALEY,Nikki Haley to be Republican VP nominee in 2012,1,3.4,Dec/17/2011 04:25:49
749368,REP.VP.2012.HALEY,Nikki Haley to be Republican VP nominee in 2012,1,3.3,Dec/17/2011 04:25:49
749368,REP.VP.2012.HALEY,Nikki Haley to be Republican VP nominee in 2012,5,3.2,Dec/17/2011 04:25:49
749368,REP.VP.2012.HALEY,Nikki Haley to be Republican VP nominee in 2012,50,3.4,Dec/17/2011 04:25:49
749368,REP.VP.2012.HALEY,Nikki Haley to be Republican VP nominee in 2012,1,3.1,Dec/17/2011 04:25:49
749368,REP.VP.2012.HALEY,Nikki Haley to be Republican VP nominee in 2012,25,3.5,Dec/17/2011 04:25:49
749368,REP.VP.2012.HALEY,Nikki Haley to be Republican VP nominee in 2012,10,3.5,Dec/17/2011 04:25:49
749368,REP.VP.2012.HALEY,Nikki Haley to be Republican VP nominee in 2012,25,3.5,Dec/17/2011 04:25:49
749368,REP.VP.2012.HALEY,Nikki Haley to be Republican VP nominee in 2012,1,3.1,Dec/17/2011 04:25:49
749368,REP.VP.2012.HALEY,Nikki Haley to be Republican VP nominee in 2012,1,3.3,Dec/17/2011 04:25:49
749368,REP.VP.2012.HALEY,Nikki Haley to be Republican VP nominee in 2012,1,3.5,Dec/17/2011 04:25:49
749368,REP.VP.2012.HALEY,Nikki Haley to be Republican VP nominee in 2012,30,3.3,Dec/17/2011 04:25:49
749368,REP.VP.2012.HALEY,Nikki Haley to be Republican VP nominee in 2012,8,3.0,Dec/19/2011 05:05:56
749368,REP.VP.2012.HALEY,Nikki Haley to be Republican VP nominee in 2012,9,2.7,Dec/19/2011 05:06:37
749368,REP.VP.2012.HALEY,Nikki Haley to be Republican VP nominee in 2012,36,2.6,Dec/19/2011 05:07:17
749368,REP.VP.2012.HALEY,Nikki Haley to be Republican VP nominee in 2012,14,3.0,Dec/20/2011 05:49:59
749368,REP.VP.2012.HALEY,Nikki Haley to be Republican VP nominee in 2012,20,2.5,Dec/28/2011 01:40:44
749368,REP.VP.2012.HALEY,Nikki Haley to be Republican VP nominee in 2012,1,2.5,Dec/28/2011 01:40:44
749368,REP.VP.2012.HALEY,Nikki Haley to be Republican VP nominee in 2012,2,2.9,Dec/29/2011 02:32:49
749368,REP.VP.2012.HALEY,Nikki Haley to be Republican VP nominee in 2012,1,2.9,Dec/29/2011 02:32:49
749368,REP.VP.2012.HALEY,Nikki Haley to be Republican VP nominee in 2012,11,3.0,Dec/29/2011 02:34:52
749368,REP.VP.2012.HALEY,Nikki Haley to be Republican VP nominee in 2012,89,3.0,Dec/29/2011 02:34:52
749368,REP.VP.2012.HALEY,Nikki Haley to be Republican VP nominee in 2012,4,2.5,Dec/29/2011 02:48:34
749368,REP.VP.2012.HALEY,Nikki Haley to be Republican VP nominee in 2012,21,2.5,Dec/30/2011 01:41:06
749368,REP.VP.2012.HALEY,Nikki Haley to be Republican VP nominee in 2012,1,2.5,Dec/30/2011 01:41:06
749368,REP.VP.2012.HALEY,Nikki Haley to be Republican VP nominee in 2012,100,3.0,Dec/31/2011 00:15:04
749368,REP.VP.2012.HALEY,Nikki Haley to be Republican VP nominee in 2012,20,2.5,Jan/04/2012 00:40:42
749368,REP.VP.2012.HALEY,Nikki Haley to be Republican VP nominee in 2012,5,2.5,Jan/04/2012 11:27:17
749368,REP.VP.2012.HALEY,Nikki Haley to be Republican VP nominee in 2012,1,2.5,Jan/04/2012 11:27:17
749368,REP.VP.2012.HALEY,Nikki Haley to be Republican VP nominee in 2012,10,2.5,Jan/04/2012 11:27:17
749368,REP.VP.2012.HALEY,Nikki Haley to be Republican VP nominee in 2012,2,2.5,Jan/04/2012 16:28:22
749368,REP.VP.2012.HALEY,Nikki Haley to be Republican VP nominee in 2012,7,2.5,Jan/04/2012 17:30:12
749368,REP.VP.2012.HALEY,Nikki Haley to be Republican VP nominee in 2012,1,2.0,Jan/04/2012 19:18:23
749368,REP.VP.2012.HALEY,Nikki Haley to be Republican VP nominee in 2012,3,2.2,Jan/04/2012 19:18:23
749368,REP.VP.2012.HALEY,Nikki Haley to be Republican VP nominee in 2012,6,2.0,Jan/04/2012 19:18:23
749368,REP.VP.2012.HALEY,Nikki Haley to be Republican VP nominee in 2012,19,2.0,Jan/04/2012 19:21:56
749368,REP.VP.2012.HALEY,Nikki Haley to be Republican VP nominee in 2012,5,1.7,Jan/04/2012 19:29:41
749368,REP.VP.2012.HALEY,Nikki Haley to be Republican VP nominee in 2012,1,1.8,Jan/04/2012 19:29:41
749368,REP.VP.2012.HALEY,Nikki Haley to be Republican VP nominee in 2012,1,1.9,Jan/04/2012 19:29:41
749368,REP.VP.2012.HALEY,Nikki Haley to be Republican VP nominee in 2012,1,1.9,Jan/04/2012 19:29:41
749368,REP.VP.2012.HALEY,Nikki Haley to be Republican VP nominee in 2012,1,1.8,Jan/04/2012 19:29:41
749368,REP.VP.2012.HALEY,Nikki Haley to be Republican VP nominee in 2012,31,2.0,Jan/04/2012 19:49:37
749368,REP.VP.2012.HALEY,Nikki Haley to be Republican VP nominee in 2012,1,2.0,Jan/04/2012 19:49:37
749368,REP.VP.2012.HALEY,Nikki Haley to be Republican VP nominee in 2012,32,2.5,Jan/04/2012 23:35:13
749368,REP.VP.2012.HALEY,Nikki Haley to be Republican VP nominee in 2012,10,2.4,Jan/04/2012 23:35:13
749368,REP.VP.2012.HALEY,Nikki Haley to be Republican VP nominee in 2012,1,2.4,Jan/04/2012 23:35:13
749368,REP.VP.2012.HALEY,Nikki Haley to be Republican VP nominee in 2012,2,2.4,Jan/05/2012 16:16:29
749368,REP.VP.2012.HALEY,Nikki Haley to be Republican VP nominee in 2012,1,2.4,Jan/05/2012 16:16:29
749368,REP.VP.2012.HALEY,Nikki Haley to be Republican VP nominee in 2012,11,2.5,Jan/08/2012 00:10:37
749368,REP.VP.2012.HALEY,Nikki Haley to be Republican VP nominee in 2012,30,2.5,Jan/08/2012 00:10:37
749368,REP.VP.2012.HALEY,Nikki Haley to be Republican VP nominee in 2012,1,2.5,Jan/08/2012 00:10:37
749368,REP.VP.2012.HALEY,Nikki Haley to be Republican VP nominee in 2012,20,2.5,Jan/08/2012 00:10:37
749368,REP.VP.2012.HALEY,Nikki Haley to be Republican VP nominee in 2012,2,2.7,Jan/08/2012 06:46:42
749368,REP.VP.2012.HALEY,Nikki Haley to be Republican VP nominee in 2012,1,2.7,Jan/08/2012 06:46:42
749368,REP.VP.2012.HALEY,Nikki Haley to be Republican VP nominee in 2012,3,2.8,Jan/08/2012 06:47:02
749368,REP.VP.2012.HALEY,Nikki Haley to be Republican VP nominee in 2012,70,2.9,Jan/08/2012 06:47:22
749368,REP.VP.2012.HALEY,Nikki Haley to be Republican VP nominee in 2012,1,2.9,Jan/08/2012 06:47:22
749368,REP.VP.2012.HALEY,Nikki Haley to be Republican VP nominee in 2012,56,3.0,Jan/08/2012 06:49:55
749368,REP.VP.2012.HALEY,Nikki Haley to be Republican VP nominee in 2012,20,3.0,Jan/08/2012 06:49:55
749368,REP.VP.2012.HALEY,Nikki Haley to be Republican VP nominee in 2012,10,3.0,Jan/09/2012 19:38:45
749368,REP.VP.2012.HALEY,Nikki Haley to be Republican VP nominee in 2012,10,3.2,Jan/09/2012 19:38:45
749368,REP.VP.2012.HALEY,Nikki Haley to be Republican VP nominee in 2012,20,3.4,Jan/09/2012 19:39:27
749368,REP.VP.2012.HALEY,Nikki Haley to be Republican VP nominee in 2012,6,3.3,Jan/09/2012 19:39:27
749368,REP.VP.2012.HALEY,Nikki Haley to be Republican VP nominee in 2012,3,3.4,Jan/09/2012 19:39:27
749368,REP.VP.2012.HALEY,Nikki Haley to be Republican VP nominee in 2012,6,2.9,Jan/10/2012 09:58:27
749368,REP.VP.2012.HALEY,Nikki Haley to be Republican VP nominee in 2012,1,2.9,Jan/10/2012 10:39:18
749368,REP.VP.2012.HALEY,Nikki Haley to be Republican VP nominee in 2012,10,3.0,Jan/11/2012 12:02:05
749368,REP.VP.2012.HALEY,Nikki Haley to be Republican VP nominee in 2012,40,3.0,Jan/12/2012 02:06:06
749368,REP.VP.2012.HALEY,Nikki Haley to be Republican VP nominee in 2012,1,3.0,Jan/12/2012 02:06:06
749368,REP.VP.2012.HALEY,Nikki Haley to be Republican VP nominee in 2012,9,3.0,Jan/12/2012 14:10:21
749368,REP.VP.2012.HALEY,Nikki Haley to be Republican VP nominee in 2012,24,2.9,Jan/12/2012 14:10:45
749368,REP.VP.2012.HALEY,Nikki Haley to be Republican VP nominee in 2012,5,3.2,Jan/13/2012 20:42:01
749368,REP.VP.2012.HALEY,Nikki Haley to be Republican VP nominee in 2012,5,2.8,Jan/15/2012 14:40:21
749368,REP.VP.2012.HALEY,Nikki Haley to be Republican VP nominee in 2012,2,2.6,Jan/17/2012 00:31:57
749368,REP.VP.2012.HALEY,Nikki Haley to be Republican VP nominee in 2012,4,2.7,Jan/17/2012 00:31:57
749368,REP.VP.2012.HALEY,Nikki Haley to be Republican VP nominee in 2012,4,2.4,Jan/17/2012 03:58:19
749368,REP.VP.2012.HALEY,Nikki Haley to be Republican VP nominee in 2012,3,2.4,Jan/17/2012 20:02:57
749368,REP.VP.2012.HALEY,Nikki Haley to be Republican VP nominee in 2012,2,2.1,Jan/17/2012 23:05:10
749368,REP.VP.2012.HALEY,Nikki Haley to be Republican VP nominee in 2012,8,2.0,Jan/18/2012 01:58:10
749368,REP.VP.2012.HALEY,Nikki Haley to be Republican VP nominee in 2012,1,2.0,Jan/18/2012 01:58:10
749368,REP.VP.2012.HALEY,Nikki Haley to be Republican VP nominee in 2012,1,1.8,Jan/18/2012 03:42:12
749368,REP.VP.2012.HALEY,Nikki Haley to be Republican VP nominee in 2012,5,2.0,Jan/18/2012 05:19:17
749368,REP.VP.2012.HALEY,Nikki Haley to be Republican VP nominee in 2012,25,2.0,Jan/18/2012 05:41:57
749368,REP.VP.2012.HALEY,Nikki Haley to be Republican VP nominee in 2012,20,2.0,Jan/18/2012 05:42:35
749368,REP.VP.2012.HALEY,Nikki Haley to be Republican VP nominee in 2012,1,2.0,Jan/18/2012 05:42:35
749368,REP.VP.2012.HALEY,Nikki Haley to be Republican VP nominee in 2012,29,2.0,Jan/18/2012 15:35:50
749368,REP.VP.2012.HALEY,Nikki Haley to be Republican VP nominee in 2012,25,1.8,Jan/19/2012 14:54:37
749368,REP.VP.2012.HALEY,Nikki Haley to be Republican VP nominee in 2012,45,1.7,Jan/19/2012 14:54:51
749368,REP.VP.2012.HALEY,Nikki Haley to be Republican VP nominee in 2012,14,2.5,Jan/19/2012 17:51:22
749368,REP.VP.2012.HALEY,Nikki Haley to be Republican VP nominee in 2012,2,2.4,Jan/19/2012 17:51:22
749368,REP.VP.2012.HALEY,Nikki Haley to be Republican VP nominee in 2012,1,2.4,Jan/19/2012 17:51:22
749368,REP.VP.2012.HALEY,Nikki Haley to be Republican VP nominee in 2012,50,2.4,Jan/19/2012 17:51:22
749368,REP.VP.2012.HALEY,Nikki Haley to be Republican VP nominee in 2012,20,2.3,Jan/19/2012 17:51:22
749368,REP.VP.2012.HALEY,Nikki Haley to be Republican VP nominee in 2012,20,2.2,Jan/19/2012 17:51:22
749368,REP.VP.2012.HALEY,Nikki Haley to be Republican VP nominee in 2012,1,2.2,Jan/19/2012 17:51:22
749368,REP.VP.2012.HALEY,Nikki Haley to be Republican VP nominee in 2012,17,2.5,Jan/19/2012 19:10:23
749368,REP.VP.2012.HALEY,Nikki Haley to be Republican VP nominee in 2012,33,2.5,Jan/19/2012 19:31:29
749368,REP.VP.2012.HALEY,Nikki Haley to be Republican VP nominee in 2012,17,2.5,Jan/21/2012 03:57:27
749368,REP.VP.2012.HALEY,Nikki Haley to be Republican VP nominee in 2012,2,2.1,Jan/21/2012 08:33:37
749368,REP.VP.2012.HALEY,Nikki Haley to be Republican VP nominee in 2012,50,2.0,Jan/21/2012 12:26:08
749368,REP.VP.2012.HALEY,Nikki Haley to be Republican VP nominee in 2012,35,1.5,Jan/21/2012 21:22:27
749368,REP.VP.2012.HALEY,Nikki Haley to be Republican VP nominee in 2012,2,1.6,Jan/21/2012 21:22:27
749368,REP.VP.2012.HALEY,Nikki Haley to be Republican VP nominee in 2012,50,1.7,Jan/21/2012 21:22:27
749368,REP.VP.2012.HALEY,Nikki Haley to be Republican VP nominee in 2012,15,1.5,Jan/21/2012 21:38:46
749368,REP.VP.2012.HALEY,Nikki Haley to be Republican VP nominee in 2012,1,1.3,Jan/21/2012 21:39:47
749368,REP.VP.2012.HALEY,Nikki Haley to be Republican VP nominee in 2012,10,1.2,Jan/21/2012 21:40:15
749368,REP.VP.2012.HALEY,Nikki Haley to be Republican VP nominee in 2012,50,1.1,Jan/21/2012 21:40:39
749368,REP.VP.2012.HALEY,Nikki Haley to be Republican VP nominee in 2012,100,1.0,Jan/21/2012 21:40:58
749368,REP.VP.2012.HALEY,Nikki Haley to be Republican VP nominee in 2012,50,1.2,Jan/21/2012 21:40:58
749368,REP.VP.2012.HALEY,Nikki Haley to be Republican VP nominee in 2012,27,1.2,Jan/21/2012 21:41:32
749368,REP.VP.2012.HALEY,Nikki Haley to be Republican VP nominee in 2012,23,1.2,Jan/21/2012 22:04:49
749368,REP.VP.2012.HALEY,Nikki Haley to be Republican VP nominee in 2012,7,1.2,Jan/21/2012 22:04:49
749368,REP.VP.2012.HALEY,Nikki Haley to be Republican VP nominee in 2012,10,1.2,Jan/22/2012 00:37:56
749368,REP.VP.2012.HALEY,Nikki Haley to be Republican VP nominee in 2012,2,2.4,Jan/24/2012 04:07:52
749368,REP.VP.2012.HALEY,Nikki Haley to be Republican VP nominee in 2012,1,1.5,Jan/25/2012 04:30:16
749368,REP.VP.2012.HALEY,Nikki Haley to be Republican VP nominee in 2012,1,1.5,Jan/25/2012 15:21:55
749368,REP.VP.2012.HALEY,Nikki Haley to be Republican VP nominee in 2012,10,1.7,Jan/26/2012 00:24:59
749368,REP.VP.2012.HALEY,Nikki Haley to be Republican VP nominee in 2012,10,1.6,Jan/26/2012 00:24:59
749368,REP.VP.2012.HALEY,Nikki Haley to be Republican VP nominee in 2012,19,1.5,Jan/26/2012 00:24:59
749368,REP.VP.2012.HALEY,Nikki Haley to be Republican VP nominee in 2012,1,1.5,Jan/26/2012 00:24:59
749368,REP.VP.2012.HALEY,Nikki Haley to be Republican VP nominee in 2012,1,1.7,Jan/26/2012 00:24:59
749368,REP.VP.2012.HALEY,Nikki Haley to be Republican VP nominee in 2012,10,1.8,Jan/26/2012 14:11:24
749368,REP.VP.2012.HALEY,Nikki Haley to be Republican VP nominee in 2012,1,1.8,Jan/26/2012 14:11:24
749368,REP.VP.2012.HALEY,Nikki Haley to be Republican VP nominee in 2012,5,1.9,Jan/26/2012 19:41:17
749368,REP.VP.2012.HALEY,Nikki Haley to be Republican VP nominee in 2012,1,1.9,Jan/26/2012 19:41:17
749368,REP.VP.2012.HALEY,Nikki Haley to be Republican VP nominee in 2012,10,2.0,Jan/26/2012 19:41:37
749368,REP.VP.2012.HALEY,Nikki Haley to be Republican VP nominee in 2012,15,2.0,Jan/27/2012 16:39:53
749368,REP.VP.2012.HALEY,Nikki Haley to be Republican VP nominee in 2012,10,2.0,Jan/27/2012 16:39:53
749368,REP.VP.2012.HALEY,Nikki Haley to be Republican VP nominee in 2012,10,1.9,Jan/27/2012 17:20:54
749368,REP.VP.2012.HALEY,Nikki Haley to be Republican VP nominee in 2012,20,2.0,Jan/28/2012 00:14:43
749368,REP.VP.2012.HALEY,Nikki Haley to be Republican VP nominee in 2012,6,2.0,Jan/28/2012 00:20:41
749368,REP.VP.2012.HALEY,Nikki Haley to be Republican VP nominee in 2012,2,1.8,Jan/29/2012 23:32:06
749368,REP.VP.2012.HALEY,Nikki Haley to be Republican VP nominee in 2012,14,2.0,Jan/30/2012 03:42:49
749368,REP.VP.2012.HALEY,Nikki Haley to be Republican VP nominee in 2012,1,2.0,Jan/30/2012 03:42:49
749368,REP.VP.2012.HALEY,Nikki Haley to be Republican VP nominee in 2012,50,2.0,Jan/30/2012 03:42:49
749368,REP.VP.2012.HALEY,Nikki Haley to be Republican VP nominee in 2012,18,1.8,Jan/30/2012 03:42:49
749368,REP.VP.2012.HALEY,Nikki Haley to be Republican VP nominee in 2012,1,1.8,Jan/30/2012 03:42:49
749368,REP.VP.2012.HALEY,Nikki Haley to be Republican VP nominee in 2012,16,2.0,Jan/31/2012 03:19:03
749368,REP.VP.2012.HALEY,Nikki Haley to be Republican VP nominee in 2012,1,1.7,Feb/02/2012 03:33:31
749368,REP.VP.2012.HALEY,Nikki Haley to be Republican VP nominee in 2012,34,2.0,Feb/03/2012 02:45:41
749368,REP.VP.2012.HALEY,Nikki Haley to be Republican VP nominee in 2012,1,2.0,Feb/03/2012 02:45:41
749368,REP.VP.2012.HALEY,Nikki Haley to be Republican VP nominee in 2012,50,2.0,Feb/03/2012 02:45:41
749368,REP.VP.2012.HALEY,Nikki Haley to be Republican VP nominee in 2012,15,2.0,Feb/03/2012 19:35:14
749368,REP.VP.2012.HALEY,Nikki Haley to be Republican VP nominee in 2012,5,2.2,Feb/04/2012 16:54:51
749368,REP.VP.2012.HALEY,Nikki Haley to be Republican VP nominee in 2012,10,2.1,Feb/04/2012 16:54:51
749368,REP.VP.2012.HALEY,Nikki Haley to be Republican VP nominee in 2012,35,2.0,Feb/04/2012 16:54:51
749368,REP.VP.2012.HALEY,Nikki Haley to be Republican VP nominee in 2012,1,2.0,Feb/04/2012 16:54:51
749368,REP.VP.2012.HALEY,Nikki Haley to be Republican VP nominee in 2012,8,1.8,Feb/04/2012 19:01:14
749368,REP.VP.2012.HALEY,Nikki Haley to be Republican VP nominee in 2012,3,1.8,Feb/06/2012 15:37:08
749368,REP.VP.2012.HALEY,Nikki Haley to be Republican VP nominee in 2012,5,1.8,Feb/06/2012 15:37:08
749368,REP.VP.2012.HALEY,Nikki Haley to be Republican VP nominee in 2012,8,1.7,Feb/07/2012 15:45:44
749368,REP.VP.2012.HALEY,Nikki Haley to be Republican VP nominee in 2012,9,1.5,Feb/07/2012 15:45:44
749368,REP.VP.2012.HALEY,Nikki Haley to be Republican VP nominee in 2012,2,1.6,Feb/07/2012 15:45:44
749368,REP.VP.2012.HALEY,Nikki Haley to be Republican VP nominee in 2012,41,1.5,Feb/08/2012 03:53:55
749368,REP.VP.2012.HALEY,Nikki Haley to be Republican VP nominee in 2012,9,1.5,Feb/12/2012 01:00:25
749368,REP.VP.2012.HALEY,Nikki Haley to be Republican VP nominee in 2012,1,1.5,Feb/12/2012 01:00:25
749368,REP.VP.2012.HALEY,Nikki Haley to be Republican VP nominee in 2012,25,1.8,Feb/12/2012 21:21:36
749368,REP.VP.2012.HALEY,Nikki Haley to be Republican VP nominee in 2012,1,1.8,Feb/12/2012 21:21:36
749368,REP.VP.2012.HALEY,Nikki Haley to be Republican VP nominee in 2012,18,1.9,Feb/12/2012 21:21:56
749368,REP.VP.2012.HALEY,Nikki Haley to be Republican VP nominee in 2012,10,2.0,Feb/12/2012 21:22:34
749368,REP.VP.2012.HALEY,Nikki Haley to be Republican VP nominee in 2012,50,2.0,Feb/12/2012 21:22:34
749368,REP.VP.2012.HALEY,Nikki Haley to be Republican VP nominee in 2012,1,2.0,Feb/12/2012 21:22:34
749368,REP.VP.2012.HALEY,Nikki Haley to be Republican VP nominee in 2012,3,2.2,Feb/12/2012 21:23:24
749368,REP.VP.2012.HALEY,Nikki Haley to be Republican VP nominee in 2012,1,2.2,Feb/12/2012 21:23:24
749368,REP.VP.2012.HALEY,Nikki Haley to be Republican VP nominee in 2012,8,2.3,Feb/12/2012 21:23:42
749368,REP.VP.2012.HALEY,Nikki Haley to be Republican VP nominee in 2012,2,2.3,Feb/12/2012 21:23:42
749368,REP.VP.2012.HALEY,Nikki Haley to be Republican VP nominee in 2012,2,2.4,Feb/12/2012 21:24:12
749368,REP.VP.2012.HALEY,Nikki Haley to be Republican VP nominee in 2012,2,2.4,Feb/12/2012 21:24:12
749368,REP.VP.2012.HALEY,Nikki Haley to be Republican VP nominee in 2012,7,2.4,Feb/12/2012 21:24:12
749368,REP.VP.2012.HALEY,Nikki Haley to be Republican VP nominee in 2012,1,2.4,Feb/12/2012 21:24:12
749368,REP.VP.2012.HALEY,Nikki Haley to be Republican VP nominee in 2012,50,2.5,Feb/12/2012 21:25:02
749368,REP.VP.2012.HALEY,Nikki Haley to be Republican VP nominee in 2012,19,2.5,Feb/12/2012 21:25:02
749368,REP.VP.2012.HALEY,Nikki Haley to be Republican VP nominee in 2012,13,1.6,Feb/14/2012 13:38:34
749368,REP.VP.2012.HALEY,Nikki Haley to be Republican VP nominee in 2012,23,1.5,Feb/14/2012 13:49:40
749368,REP.VP.2012.HALEY,Nikki Haley to be Republican VP nominee in 2012,25,1.4,Feb/14/2012 13:49:49
749368,REP.VP.2012.HALEY,Nikki Haley to be Republican VP nominee in 2012,1,1.3,Feb/14/2012 13:50:13
749368,REP.VP.2012.HALEY,Nikki Haley to be Republican VP nominee in 2012,25,1.3,Feb/14/2012 13:50:13
749368,REP.VP.2012.HALEY,Nikki Haley to be Republican VP nominee in 2012,100,1.2,Feb/14/2012 13:50:31
749368,REP.VP.2012.HALEY,Nikki Haley to be Republican VP nominee in 2012,13,0.9,Feb/14/2012 13:50:55
749368,REP.VP.2012.HALEY,Nikki Haley to be Republican VP nominee in 2012,1,1.5,Feb/14/2012 17:38:32
749368,REP.VP.2012.HALEY,Nikki Haley to be Republican VP nominee in 2012,1,2.5,Feb/14/2012 19:51:46
749368,REP.VP.2012.HALEY,Nikki Haley to be Republican VP nominee in 2012,20,2.5,Feb/14/2012 19:51:46
749368,REP.VP.2012.HALEY,Nikki Haley to be Republican VP nominee in 2012,30,2.0,Feb/14/2012 19:51:46
749368,REP.VP.2012.HALEY,Nikki Haley to be Republican VP nominee in 2012,13,1.9,Feb/14/2012 19:51:46
749368,REP.VP.2012.HALEY,Nikki Haley to be Republican VP nominee in 2012,3,2.5,Feb/14/2012 19:51:46
749368,REP.VP.2012.HALEY,Nikki Haley to be Republican VP nominee in 2012,13,2.0,Feb/14/2012 19:51:46
749368,REP.VP.2012.HALEY,Nikki Haley to be Republican VP nominee in 2012,24,1.5,Feb/14/2012 19:51:46
749368,REP.VP.2012.HALEY,Nikki Haley to be Republican VP nominee in 2012,1,1.5,Feb/14/2012 19:51:46
749368,REP.VP.2012.HALEY,Nikki Haley to be Republican VP nominee in 2012,2,1.9,Feb/14/2012 19:51:46
749368,REP.VP.2012.HALEY,Nikki Haley to be Republican VP nominee in 2012,1,2.4,Feb/16/2012 01:35:03
749368,REP.VP.2012.HALEY,Nikki Haley to be Republican VP nominee in 2012,1,2.4,Feb/16/2012 01:35:03
749368,REP.VP.2012.HALEY,Nikki Haley to be Republican VP nominee in 2012,25,1.5,Feb/27/2012 02:53:25
749368,REP.VP.2012.HALEY,Nikki Haley to be Republican VP nominee in 2012,1,1.5,Feb/27/2012 02:53:25
749368,REP.VP.2012.HALEY,Nikki Haley to be Republican VP nominee in 2012,24,1.5,Feb/29/2012 00:48:20
749368,REP.VP.2012.HALEY,Nikki Haley to be Republican VP nominee in 2012,25,1.8,Feb/29/2012 22:53:58
749368,REP.VP.2012.HALEY,Nikki Haley to be Republican VP nominee in 2012,26,1.5,Feb/29/2012 22:53:58
749368,REP.VP.2012.HALEY,Nikki Haley to be Republican VP nominee in 2012,1,1.5,Feb/29/2012 22:53:58
749368,REP.VP.2012.HALEY,Nikki Haley to be Republican VP nominee in 2012,47,2.0,Feb/29/2012 22:53:58
749368,REP.VP.2012.HALEY,Nikki Haley to be Republican VP nominee in 2012,1,1.8,Feb/29/2012 22:53:58
749368,REP.VP.2012.HALEY,Nikki Haley to be Republican VP nominee in 2012,3,2.0,Mar/01/2012 21:30:51
749368,REP.VP.2012.HALEY,Nikki Haley to be Republican VP nominee in 2012,25,2.0,Mar/01/2012 21:30:51
749368,REP.VP.2012.HALEY,Nikki Haley to be Republican VP nominee in 2012,1,2.0,Mar/01/2012 21:30:51
749368,REP.VP.2012.HALEY,Nikki Haley to be Republican VP nominee in 2012,75,1.9,Mar/05/2012 19:54:00
749368,REP.VP.2012.HALEY,Nikki Haley to be Republican VP nominee in 2012,1,1.7,Mar/06/2012 03:11:17
749368,REP.VP.2012.HALEY,Nikki Haley to be Republican VP nominee in 2012,24,1.5,Mar/06/2012 05:03:20
749368,REP.VP.2012.HALEY,Nikki Haley to be Republican VP nominee in 2012,1,1.5,Mar/06/2012 05:03:20
749368,REP.VP.2012.HALEY,Nikki Haley to be Republican VP nominee in 2012,50,1.5,Mar/07/2012 22:39:47
749368,REP.VP.2012.HALEY,Nikki Haley to be Republican VP nominee in 2012,1,1.5,Mar/07/2012 22:39:47
749368,REP.VP.2012.HALEY,Nikki Haley to be Republican VP nominee in 2012,6,1.5,Mar/08/2012 02:33:27
749368,REP.VP.2012.HALEY,Nikki Haley to be Republican VP nominee in 2012,4,1.5,Mar/08/2012 02:33:49
749368,REP.VP.2012.HALEY,Nikki Haley to be Republican VP nominee in 2012,39,1.5,Mar/08/2012 03:33:16
749368,REP.VP.2012.HALEY,Nikki Haley to be Republican VP nominee in 2012,11,1.5,Mar/09/2012 20:54:16
749368,REP.VP.2012.HALEY,Nikki Haley to be Republican VP nominee in 2012,1,1.5,Mar/09/2012 20:54:16
749368,REP.VP.2012.HALEY,Nikki Haley to be Republican VP nominee in 2012,10,1.5,Mar/09/2012 20:54:16
749368,REP.VP.2012.HALEY,Nikki Haley to be Republican VP nominee in 2012,28,1.5,Mar/09/2012 21:07:06
749368,REP.VP.2012.HALEY,Nikki Haley to be Republican VP nominee in 2012,50,2.0,Mar/11/2012 14:23:51
749368,REP.VP.2012.HALEY,Nikki Haley to be Republican VP nominee in 2012,50,1.8,Mar/11/2012 14:23:51
749368,REP.VP.2012.HALEY,Nikki Haley to be Republican VP nominee in 2012,1,1.8,Mar/11/2012 14:23:51
749368,REP.VP.2012.HALEY,Nikki Haley to be Republican VP nominee in 2012,1,2.0,Mar/11/2012 14:23:51
749368,REP.VP.2012.HALEY,Nikki Haley to be Republican VP nominee in 2012,50,2.0,Mar/11/2012 14:23:51
749368,REP.VP.2012.HALEY,Nikki Haley to be Republican VP nominee in 2012,25,1.6,Mar/11/2012 14:23:51
749368,REP.VP.2012.HALEY,Nikki Haley to be Republican VP nominee in 2012,22,1.5,Mar/11/2012 14:23:51
749368,REP.VP.2012.HALEY,Nikki Haley to be Republican VP nominee in 2012,1,1.5,Mar/11/2012 14:23:51
749368,REP.VP.2012.HALEY,Nikki Haley to be Republican VP nominee in 2012,3,2.1,Mar/11/2012 21:47:42
749368,REP.VP.2012.HALEY,Nikki Haley to be Republican VP nominee in 2012,100,2.0,Mar/12/2012 18:39:05
749368,REP.VP.2012.HALEY,Nikki Haley to be Republican VP nominee in 2012,17,2.1,Mar/12/2012 20:39:53
749368,REP.VP.2012.HALEY,Nikki Haley to be Republican VP nominee in 2012,1,2.1,Mar/12/2012 20:39:53
749368,REP.VP.2012.HALEY,Nikki Haley to be Republican VP nominee in 2012,1,2.1,Mar/12/2012 20:39:53
749368,REP.VP.2012.HALEY,Nikki Haley to be Republican VP nominee in 2012,30,2.3,Mar/13/2012 02:22:17
749368,REP.VP.2012.HALEY,Nikki Haley to be Republican VP nominee in 2012,69,2.2,Mar/13/2012 02:22:17
749368,REP.VP.2012.HALEY,Nikki Haley to be Republican VP nominee in 2012,1,2.2,Mar/13/2012 02:22:17
749368,REP.VP.2012.HALEY,Nikki Haley to be Republican VP nominee in 2012,50,2.0,Mar/13/2012 03:59:09
749368,REP.VP.2012.HALEY,Nikki Haley to be Republican VP nominee in 2012,1,2.1,Mar/15/2012 14:42:35
749368,REP.VP.2012.HALEY,Nikki Haley to be Republican VP nominee in 2012,50,2.2,Mar/16/2012 17:50:39
749368,REP.VP.2012.HALEY,Nikki Haley to be Republican VP nominee in 2012,1,2.2,Mar/16/2012 17:50:39
749368,REP.VP.2012.HALEY,Nikki Haley to be Republican VP nominee in 2012,50,2.2,Mar/16/2012 17:50:39
749368,REP.VP.2012.HALEY,Nikki Haley to be Republican VP nominee in 2012,2,2.3,Mar/16/2012 21:00:24
749368,REP.VP.2012.HALEY,Nikki Haley to be Republican VP nominee in 2012,1,2.3,Mar/16/2012 21:00:24
749368,REP.VP.2012.HALEY,Nikki Haley to be Republican VP nominee in 2012,12,2.3,Mar/16/2012 23:15:11
749368,REP.VP.2012.HALEY,Nikki Haley to be Republican VP nominee in 2012,2,2.1,Mar/19/2012 08:58:07
749368,REP.VP.2012.HALEY,Nikki Haley to be Republican VP nominee in 2012,1,2.1,Mar/19/2012 08:58:07
749368,REP.VP.2012.HALEY,Nikki Haley to be Republican VP nominee in 2012,10,2.0,Mar/19/2012 14:46:21
749368,REP.VP.2012.HALEY,Nikki Haley to be Republican VP nominee in 2012,38,2.2,Mar/19/2012 23:18:24
749368,REP.VP.2012.HALEY,Nikki Haley to be Republican VP nominee in 2012,1,2.2,Mar/19/2012 23:18:24
749368,REP.VP.2012.HALEY,Nikki Haley to be Republican VP nominee in 2012,2,2.2,Mar/19/2012 23:18:24
749368,REP.VP.2012.HALEY,Nikki Haley to be Republican VP nominee in 2012,5,2.4,Mar/20/2012 03:01:40
749368,REP.VP.2012.HALEY,Nikki Haley to be Republican VP nominee in 2012,10,2.2,Mar/21/2012 02:46:30
749368,REP.VP.2012.HALEY,Nikki Haley to be Republican VP nominee in 2012,1,2.2,Mar/21/2012 02:46:30
749368,REP.VP.2012.HALEY,Nikki Haley to be Republican VP nominee in 2012,101,2.2,Mar/21/2012 14:20:35
749368,REP.VP.2012.HALEY,Nikki Haley to be Republican VP nominee in 2012,50,2.5,Mar/21/2012 19:47:43
749368,REP.VP.2012.HALEY,Nikki Haley to be Republican VP nominee in 2012,5,2.4,Mar/21/2012 19:47:43
749368,REP.VP.2012.HALEY,Nikki Haley to be Republican VP nominee in 2012,25,2.5,Mar/21/2012 19:47:43
749368,REP.VP.2012.HALEY,Nikki Haley to be Republican VP nominee in 2012,1,2.4,Mar/21/2012 19:47:43
749368,REP.VP.2012.HALEY,Nikki Haley to be Republican VP nominee in 2012,36,2.5,Mar/21/2012 19:47:43
749368,REP.VP.2012.HALEY,Nikki Haley to be Republican VP nominee in 2012,49,2.2,Mar/21/2012 19:47:43
749368,REP.VP.2012.HALEY,Nikki Haley to be Republican VP nominee in 2012,1,2.2,Mar/21/2012 19:47:43
749368,REP.VP.2012.HALEY,Nikki Haley to be Republican VP nominee in 2012,4,2.5,Mar/21/2012 19:48:05
749368,REP.VP.2012.HALEY,Nikki Haley to be Republican VP nominee in 2012,33,2.2,Mar/21/2012 22:39:31
749368,REP.VP.2012.HALEY,Nikki Haley to be Republican VP nominee in 2012,17,2.5,Mar/22/2012 00:23:49
749368,REP.VP.2012.HALEY,Nikki Haley to be Republican VP nominee in 2012,1,2.5,Mar/22/2012 00:23:49
749368,REP.VP.2012.HALEY,Nikki Haley to be Republican VP nominee in 2012,11,2.3,Mar/22/2012 02:14:49
749368,REP.VP.2012.HALEY,Nikki Haley to be Republican VP nominee in 2012,13,2.1,Mar/22/2012 02:14:49
749368,REP.VP.2012.HALEY,Nikki Haley to be Republican VP nominee in 2012,20,2.0,Mar/22/2012 14:36:43
749368,REP.VP.2012.HALEY,Nikki Haley to be Republican VP nominee in 2012,1,2.1,Mar/22/2012 21:41:02
749368,REP.VP.2012.HALEY,Nikki Haley to be Republican VP nominee in 2012,1,2.1,Mar/22/2012 21:41:02
749368,REP.VP.2012.HALEY,Nikki Haley to be Republican VP nominee in 2012,20,2.1,Mar/22/2012 22:52:56
749368,REP.VP.2012.HALEY,Nikki Haley to be Republican VP nominee in 2012,2,2.0,Mar/23/2012 13:41:52
749368,REP.VP.2012.HALEY,Nikki Haley to be Republican VP nominee in 2012,8,2.0,Mar/23/2012 13:59:23
749368,REP.VP.2012.HALEY,Nikki Haley to be Republican VP nominee in 2012,3,2.0,Mar/23/2012 14:00:25
749368,REP.VP.2012.HALEY,Nikki Haley to be Republican VP nominee in 2012,1,2.0,Mar/23/2012 14:02:28
749368,REP.VP.2012.HALEY,Nikki Haley to be Republican VP nominee in 2012,1,2.0,Mar/23/2012 14:06:16
749368,REP.VP.2012.HALEY,Nikki Haley to be Republican VP nominee in 2012,5,2.0,Mar/23/2012 14:33:03
749368,REP.VP.2012.HALEY,Nikki Haley to be Republican VP nominee in 2012,95,2.0,Mar/23/2012 14:33:03
749368,REP.VP.2012.HALEY,Nikki Haley to be Republican VP nominee in 2012,1,2.1,Mar/23/2012 16:38:49
749368,REP.VP.2012.HALEY,Nikki Haley to be Republican VP nominee in 2012,5,2.0,Mar/23/2012 21:47:48
749368,REP.VP.2012.HALEY,Nikki Haley to be Republican VP nominee in 2012,1,1.9,Mar/25/2012 01:16:13
749368,REP.VP.2012.HALEY,Nikki Haley to be Republican VP nominee in 2012,11,1.7,Mar/25/2012 05:25:18
749368,REP.VP.2012.HALEY,Nikki Haley to be Republican VP nominee in 2012,89,1.7,Mar/25/2012 08:57:10
749368,REP.VP.2012.HALEY,Nikki Haley to be Republican VP nominee in 2012,1,1.7,Mar/25/2012 08:57:10
749368,REP.VP.2012.HALEY,Nikki Haley to be Republican VP nominee in 2012,1,1.6,Mar/25/2012 15:11:17
749368,REP.VP.2012.HALEY,Nikki Haley to be Republican VP nominee in 2012,11,1.6,Mar/25/2012 15:11:17
749368,REP.VP.2012.HALEY,Nikki Haley to be Republican VP nominee in 2012,50,1.7,Mar/25/2012 19:18:28
749368,REP.VP.2012.HALEY,Nikki Haley to be Republican VP nominee in 2012,30,1.7,Mar/25/2012 19:18:49
749368,REP.VP.2012.HALEY,Nikki Haley to be Republican VP nominee in 2012,3,1.7,Mar/25/2012 19:19:05
749368,REP.VP.2012.HALEY,Nikki Haley to be Republican VP nominee in 2012,17,1.7,Mar/25/2012 23:37:09
749368,REP.VP.2012.HALEY,Nikki Haley to be Republican VP nominee in 2012,1,1.7,Mar/25/2012 23:37:09
749368,REP.VP.2012.HALEY,Nikki Haley to be Republican VP nominee in 2012,3,1.7,Mar/25/2012 23:37:09
749368,REP.VP.2012.HALEY,Nikki Haley to be Republican VP nominee in 2012,20,1.7,Mar/25/2012 23:37:09
749368,REP.VP.2012.HALEY,Nikki Haley to be Republican VP nominee in 2012,50,1.8,Mar/25/2012 23:37:36
749368,REP.VP.2012.HALEY,Nikki Haley to be Republican VP nominee in 2012,99,1.9,Mar/25/2012 23:37:42
749368,REP.VP.2012.HALEY,Nikki Haley to be Republican VP nominee in 2012,1,1.9,Mar/25/2012 23:37:42
749368,REP.VP.2012.HALEY,Nikki Haley to be Republican VP nominee in 2012,1,1.9,Mar/25/2012 23:37:42
749368,REP.VP.2012.HALEY,Nikki Haley to be Republican VP nominee in 2012,20,2.0,Mar/25/2012 23:37:51
749368,REP.VP.2012.HALEY,Nikki Haley to be Republican VP nominee in 2012,100,2.0,Mar/25/2012 23:37:51
749368,REP.VP.2012.HALEY,Nikki Haley to be Republican VP nominee in 2012,50,2.0,Mar/25/2012 23:37:51
749368,REP.VP.2012.HALEY,Nikki Haley to be Republican VP nominee in 2012,5,1.9,Mar/26/2012 20:58:04
749368,REP.VP.2012.HALEY,Nikki Haley to be Republican VP nominee in 2012,1,1.9,Mar/26/2012 20:58:04
749368,REP.VP.2012.HALEY,Nikki Haley to be Republican VP nominee in 2012,10,1.9,Mar/26/2012 20:58:04
749368,REP.VP.2012.HALEY,Nikki Haley to be Republican VP nominee in 2012,100,2.0,Mar/26/2012 20:58:15
749368,REP.VP.2012.HALEY,Nikki Haley to be Republican VP nominee in 2012,5,2.0,Mar/26/2012 20:58:15
749368,REP.VP.2012.HALEY,Nikki Haley to be Republican VP nominee in 2012,17,2.1,Mar/26/2012 20:58:44
749368,REP.VP.2012.HALEY,Nikki Haley to be Republican VP nominee in 2012,12,2.1,Mar/26/2012 23:23:34
749368,REP.VP.2012.HALEY,Nikki Haley to be Republican VP nominee in 2012,1,2.1,Mar/26/2012 23:23:34
749368,REP.VP.2012.HALEY,Nikki Haley to be Republican VP nominee in 2012,10,2.5,Mar/26/2012 23:28:07
749368,REP.VP.2012.HALEY,Nikki Haley to be Republican VP nominee in 2012,1,1.9,Mar/27/2012 14:09:32
749368,REP.VP.2012.HALEY,Nikki Haley to be Republican VP nominee in 2012,2,1.9,Mar/27/2012 14:09:54
749368,REP.VP.2012.HALEY,Nikki Haley to be Republican VP nominee in 2012,1,1.9,Mar/27/2012 14:13:06
749368,REP.VP.2012.HALEY,Nikki Haley to be Republican VP nominee in 2012,1,1.9,Mar/27/2012 14:38:19
749368,REP.VP.2012.HALEY,Nikki Haley to be Republican VP nominee in 2012,5,1.9,Mar/27/2012 14:46:12
749368,REP.VP.2012.HALEY,Nikki Haley to be Republican VP nominee in 2012,3,1.9,Mar/27/2012 14:47:16
749368,REP.VP.2012.HALEY,Nikki Haley to be Republican VP nominee in 2012,2,1.9,Mar/27/2012 14:48:20
749368,REP.VP.2012.HALEY,Nikki Haley to be Republican VP nominee in 2012,3,1.9,Mar/27/2012 14:49:12
749368,REP.VP.2012.HALEY,Nikki Haley to be Republican VP nominee in 2012,7,1.9,Mar/27/2012 14:51:34
749368,REP.VP.2012.HALEY,Nikki Haley to be Republican VP nominee in 2012,7,1.9,Mar/27/2012 14:52:06
749368,REP.VP.2012.HALEY,Nikki Haley to be Republican VP nominee in 2012,8,1.9,Mar/27/2012 14:52:26
749368,REP.VP.2012.HALEY,Nikki Haley to be Republican VP nominee in 2012,8,1.9,Mar/27/2012 14:52:57
749368,REP.VP.2012.HALEY,Nikki Haley to be Republican VP nominee in 2012,2,1.9,Mar/27/2012 14:53:18
749368,REP.VP.2012.HALEY,Nikki Haley to be Republican VP nominee in 2012,1,1.8,Mar/27/2012 14:53:49
749368,REP.VP.2012.HALEY,Nikki Haley to be Republican VP nominee in 2012,9,1.8,Mar/27/2012 14:55:05
749368,REP.VP.2012.HALEY,Nikki Haley to be Republican VP nominee in 2012,6,1.7,Mar/27/2012 14:56:24
749368,REP.VP.2012.HALEY,Nikki Haley to be Republican VP nominee in 2012,4,1.7,Mar/27/2012 14:56:47
749368,REP.VP.2012.HALEY,Nikki Haley to be Republican VP nominee in 2012,9,1.7,Mar/27/2012 14:58:31
749368,REP.VP.2012.HALEY,Nikki Haley to be Republican VP nominee in 2012,5,1.7,Mar/27/2012 14:58:54
749368,REP.VP.2012.HALEY,Nikki Haley to be Republican VP nominee in 2012,3,1.7,Mar/27/2012 14:59:57
749368,REP.VP.2012.HALEY,Nikki Haley to be Republican VP nominee in 2012,1,1.7,Mar/27/2012 15:20:34
749368,REP.VP.2012.HALEY,Nikki Haley to be Republican VP nominee in 2012,1,1.7,Mar/27/2012 15:52:39
749368,REP.VP.2012.HALEY,Nikki Haley to be Republican VP nominee in 2012,1,1.7,Mar/27/2012 16:06:11
749368,REP.VP.2012.HALEY,Nikki Haley to be Republican VP nominee in 2012,3,1.7,Mar/27/2012 19:03:52
749368,REP.VP.2012.HALEY,Nikki Haley to be Republican VP nominee in 2012,6,1.7,Mar/27/2012 22:07:05
749368,REP.VP.2012.HALEY,Nikki Haley to be Republican VP nominee in 2012,7,1.7,Mar/27/2012 22:07:05
749368,REP.VP.2012.HALEY,Nikki Haley to be Republican VP nominee in 2012,20,1.7,Mar/27/2012 23:42:44
749368,REP.VP.2012.HALEY,Nikki Haley to be Republican VP nominee in 2012,6,1.7,Mar/28/2012 04:21:12
749368,REP.VP.2012.HALEY,Nikki Haley to be Republican VP nominee in 2012,20,1.6,Mar/28/2012 06:19:20
749368,REP.VP.2012.HALEY,Nikki Haley to be Republican VP nominee in 2012,44,1.7,Mar/29/2012 03:11:40
749368,REP.VP.2012.HALEY,Nikki Haley to be Republican VP nominee in 2012,1,1.7,Mar/29/2012 03:11:40
749368,REP.VP.2012.HALEY,Nikki Haley to be Republican VP nominee in 2012,219,1.6,Mar/29/2012 18:04:01
749368,REP.VP.2012.HALEY,Nikki Haley to be Republican VP nominee in 2012,1,1.3,Mar/29/2012 18:04:08
749368,REP.VP.2012.HALEY,Nikki Haley to be Republican VP nominee in 2012,25,1.3,Mar/29/2012 18:04:08
749368,REP.VP.2012.HALEY,Nikki Haley to be Republican VP nominee in 2012,13,1.2,Mar/29/2012 18:04:15
749368,REP.VP.2012.HALEY,Nikki Haley to be Republican VP nominee in 2012,25,1.1,Mar/29/2012 18:04:23
749368,REP.VP.2012.HALEY,Nikki Haley to be Republican VP nominee in 2012,17,1.0,Mar/29/2012 18:06:51
749368,REP.VP.2012.HALEY,Nikki Haley to be Republican VP nominee in 2012,1,1.0,Mar/29/2012 19:09:02
749368,REP.VP.2012.HALEY,Nikki Haley to be Republican VP nominee in 2012,7,1.0,Mar/29/2012 22:28:55
749368,REP.VP.2012.HALEY,Nikki Haley to be Republican VP nominee in 2012,5,1.4,Mar/30/2012 08:36:02
749368,REP.VP.2012.HALEY,Nikki Haley to be Republican VP nominee in 2012,15,1.3,Mar/30/2012 16:57:43
749368,REP.VP.2012.HALEY,Nikki Haley to be Republican VP nominee in 2012,1,1.3,Mar/30/2012 16:57:43
749368,REP.VP.2012.HALEY,Nikki Haley to be Republican VP nominee in 2012,30,1.3,Mar/30/2012 16:57:43
749368,REP.VP.2012.HALEY,Nikki Haley to be Republican VP nominee in 2012,10,1.3,Mar/30/2012 21:50:12
749368,REP.VP.2012.HALEY,Nikki Haley to be Republican VP nominee in 2012,10,1.3,Mar/30/2012 22:05:58
749368,REP.VP.2012.HALEY,Nikki Haley to be Republican VP nominee in 2012,7,1.3,Mar/30/2012 22:06:21
749368,REP.VP.2012.HALEY,Nikki Haley to be Republican VP nominee in 2012,9,1.4,Mar/30/2012 22:23:57
749368,REP.VP.2012.HALEY,Nikki Haley to be Republican VP nominee in 2012,1,1.4,Mar/30/2012 22:23:57
749368,REP.VP.2012.HALEY,Nikki Haley to be Republican VP nominee in 2012,50,1.7,Mar/30/2012 22:24:09
749368,REP.VP.2012.HALEY,Nikki Haley to be Republican VP nominee in 2012,1,1.7,Mar/30/2012 22:24:09
749368,REP.VP.2012.HALEY,Nikki Haley to be Republican VP nominee in 2012,39,2.0,Mar/31/2012 01:04:43
749368,REP.VP.2012.HALEY,Nikki Haley to be Republican VP nominee in 2012,50,2.0,Mar/31/2012 01:04:43
749368,REP.VP.2012.HALEY,Nikki Haley to be Republican VP nominee in 2012,50,2.0,Mar/31/2012 01:04:43
749368,REP.VP.2012.HALEY,Nikki Haley to be Republican VP nominee in 2012,3,1.9,Mar/31/2012 01:04:43
749368,REP.VP.2012.HALEY,Nikki Haley to be Republican VP nominee in 2012,1,1.9,Mar/31/2012 01:04:43
749368,REP.VP.2012.HALEY,Nikki Haley to be Republican VP nominee in 2012,1,1.9,Mar/31/2012 01:04:43
749368,REP.VP.2012.HALEY,Nikki Haley to be Republican VP nominee in 2012,10,2.0,Mar/31/2012 02:51:30
749368,REP.VP.2012.HALEY,Nikki Haley to be Republican VP nominee in 2012,22,2.0,Mar/31/2012 03:06:28
749368,REP.VP.2012.HALEY,Nikki Haley to be Republican VP nominee in 2012,56,2.0,Mar/31/2012 11:54:02
749368,REP.VP.2012.HALEY,Nikki Haley to be Republican VP nominee in 2012,23,1.9,Mar/31/2012 11:54:02
749368,REP.VP.2012.HALEY,Nikki Haley to be Republican VP nominee in 2012,1,1.9,Mar/31/2012 11:54:02
749368,REP.VP.2012.HALEY,Nikki Haley to be Republican VP nominee in 2012,45,1.5,Apr/03/2012 16:09:49
749368,REP.VP.2012.HALEY,Nikki Haley to be Republican VP nominee in 2012,5,1.6,Apr/03/2012 16:09:49
749368,REP.VP.2012.HALEY,Nikki Haley to be Republican VP nominee in 2012,5,1.6,Apr/03/2012 16:09:49
749368,REP.VP.2012.HALEY,Nikki Haley to be Republican VP nominee in 2012,10,1.5,Apr/03/2012 16:09:49
749368,REP.VP.2012.HALEY,Nikki Haley to be Republican VP nominee in 2012,10,1.5,Apr/03/2012 18:52:12
749368,REP.VP.2012.HALEY,Nikki Haley to be Republican VP nominee in 2012,44,2.0,Apr/03/2012 20:16:43
749368,REP.VP.2012.HALEY,Nikki Haley to be Republican VP nominee in 2012,22,2.0,Apr/03/2012 20:16:43
749368,REP.VP.2012.HALEY,Nikki Haley to be Republican VP nominee in 2012,5,1.8,Apr/03/2012 20:16:43
749368,REP.VP.2012.HALEY,Nikki Haley to be Republican VP nominee in 2012,7,1.9,Apr/03/2012 20:16:43
749368,REP.VP.2012.HALEY,Nikki Haley to be Republican VP nominee in 2012,25,1.5,Apr/03/2012 20:16:43
749368,REP.VP.2012.HALEY,Nikki Haley to be Republican VP nominee in 2012,1,1.5,Apr/03/2012 20:16:43
749368,REP.VP.2012.HALEY,Nikki Haley to be Republican VP nominee in 2012,1,1.9,Apr/03/2012 20:16:43
749368,REP.VP.2012.HALEY,Nikki Haley to be Republican VP nominee in 2012,44,1.7,Apr/03/2012 20:16:43
749368,REP.VP.2012.HALEY,Nikki Haley to be Republican VP nominee in 2012,1,1.7,Apr/03/2012 20:16:43
749368,REP.VP.2012.HALEY,Nikki Haley to be Republican VP nominee in 2012,15,1.4,Apr/03/2012 21:40:59
749368,REP.VP.2012.HALEY,Nikki Haley to be Republican VP nominee in 2012,5,1.4,Apr/03/2012 22:31:54
749368,REP.VP.2012.HALEY,Nikki Haley to be Republican VP nominee in 2012,25,1.5,Apr/03/2012 22:32:22
749368,REP.VP.2012.HALEY,Nikki Haley to be Republican VP nominee in 2012,5,1.5,Apr/04/2012 16:12:03
749368,REP.VP.2012.HALEY,Nikki Haley to be Republican VP nominee in 2012,45,1.5,Apr/04/2012 17:02:57
749368,REP.VP.2012.HALEY,Nikki Haley to be Republican VP nominee in 2012,50,1.3,Apr/04/2012 18:16:11
749368,REP.VP.2012.HALEY,Nikki Haley to be Republican VP nominee in 2012,20,1.3,Apr/04/2012 22:32:24
749368,REP.VP.2012.HALEY,Nikki Haley to be Republican VP nominee in 2012,1,1.3,Apr/04/2012 22:32:24
749368,REP.VP.2012.HALEY,Nikki Haley to be Republican VP nominee in 2012,9,0.7,Apr/04/2012 22:52:24
749368,REP.VP.2012.HALEY,Nikki Haley to be Republican VP nominee in 2012,25,1.0,Apr/05/2012 03:25:16
749368,REP.VP.2012.HALEY,Nikki Haley to be Republican VP nominee in 2012,1,1.0,Apr/05/2012 03:25:16
749368,REP.VP.2012.HALEY,Nikki Haley to be Republican VP nominee in 2012,25,1.3,Apr/05/2012 06:10:01
749368,REP.VP.2012.HALEY,Nikki Haley to be Republican VP nominee in 2012,1,1.3,Apr/05/2012 06:10:01
749368,REP.VP.2012.HALEY,Nikki Haley to be Republican VP nominee in 2012,7,1.1,Apr/06/2012 00:07:59
749368,REP.VP.2012.HALEY,Nikki Haley to be Republican VP nominee in 2012,18,1.1,Apr/06/2012 00:41:35
749368,REP.VP.2012.HALEY,Nikki Haley to be Republican VP nominee in 2012,1,1.1,Apr/06/2012 00:41:35
749368,REP.VP.2012.HALEY,Nikki Haley to be Republican VP nominee in 2012,1,1.2,Apr/06/2012 01:07:03
749368,REP.VP.2012.HALEY,Nikki Haley to be Republican VP nominee in 2012,19,1.2,Apr/06/2012 01:08:16
749368,REP.VP.2012.HALEY,Nikki Haley to be Republican VP nominee in 2012,1,1.2,Apr/06/2012 01:08:16
749368,REP.VP.2012.HALEY,Nikki Haley to be Republican VP nominee in 2012,2,1.3,Apr/06/2012 02:15:31
749368,REP.VP.2012.HALEY,Nikki Haley to be Republican VP nominee in 2012,7,1.3,Apr/06/2012 02:33:39
749368,REP.VP.2012.HALEY,Nikki Haley to be Republican VP nominee in 2012,1,1.3,Apr/06/2012 02:33:39
749368,REP.VP.2012.HALEY,Nikki Haley to be Republican VP nominee in 2012,5,1.5,Apr/06/2012 02:33:51
749368,REP.VP.2012.HALEY,Nikki Haley to be Republican VP nominee in 2012,1,1.5,Apr/06/2012 02:33:51
749368,REP.VP.2012.HALEY,Nikki Haley to be Republican VP nominee in 2012,1,1.5,Apr/06/2012 02:33:51
749368,REP.VP.2012.HALEY,Nikki Haley to be Republican VP nominee in 2012,1,1.5,Apr/06/2012 02:33:51
749368,REP.VP.2012.HALEY,Nikki Haley to be Republican VP nominee in 2012,30,1.5,Apr/06/2012 02:33:51
749368,REP.VP.2012.HALEY,Nikki Haley to be Republican VP nominee in 2012,25,1.8,Apr/06/2012 02:34:12
749368,REP.VP.2012.HALEY,Nikki Haley to be Republican VP nominee in 2012,29,1.8,Apr/06/2012 02:34:12
749368,REP.VP.2012.HALEY,Nikki Haley to be Republican VP nominee in 2012,10,1.8,Apr/06/2012 03:04:19
749368,REP.VP.2012.HALEY,Nikki Haley to be Republican VP nominee in 2012,2,1.8,Apr/06/2012 03:15:30
749368,REP.VP.2012.HALEY,Nikki Haley to be Republican VP nominee in 2012,9,1.8,Apr/06/2012 03:59:41
749368,REP.VP.2012.HALEY,Nikki Haley to be Republican VP nominee in 2012,1,1.8,Apr/06/2012 03:59:41
749368,REP.VP.2012.HALEY,Nikki Haley to be Republican VP nominee in 2012,45,1.8,Apr/06/2012 03:59:41
749368,REP.VP.2012.HALEY,Nikki Haley to be Republican VP nominee in 2012,45,1.8,Apr/06/2012 03:59:41
749368,REP.VP.2012.HALEY,Nikki Haley to be Republican VP nominee in 2012,5,1.8,Apr/06/2012 11:28:16
749368,REP.VP.2012.HALEY,Nikki Haley to be Republican VP nominee in 2012,1,1.8,Apr/06/2012 11:28:16
749368,REP.VP.2012.HALEY,Nikki Haley to be Republican VP nominee in 2012,33,1.9,Apr/06/2012 11:28:53
749368,REP.VP.2012.HALEY,Nikki Haley to be Republican VP nominee in 2012,50,1.9,Apr/06/2012 11:28:53
749368,REP.VP.2012.HALEY,Nikki Haley to be Republican VP nominee in 2012,52,1.9,Apr/06/2012 11:28:53
749368,REP.VP.2012.HALEY,Nikki Haley to be Republican VP nominee in 2012,23,2.0,Apr/06/2012 11:29:48
749368,REP.VP.2012.HALEY,Nikki Haley to be Republican VP nominee in 2012,5,2.0,Apr/06/2012 11:31:01
749368,REP.VP.2012.HALEY,Nikki Haley to be Republican VP nominee in 2012,33,2.0,Apr/06/2012 11:31:01
749368,REP.VP.2012.HALEY,Nikki Haley to be Republican VP nominee in 2012,67,2.0,Apr/06/2012 13:38:57
749368,REP.VP.2012.HALEY,Nikki Haley to be Republican VP nominee in 2012,8,2.0,Apr/06/2012 13:38:57
749368,REP.VP.2012.HALEY,Nikki Haley to be Republican VP nominee in 2012,1,2.0,Apr/06/2012 13:38:57
749368,REP.VP.2012.HALEY,Nikki Haley to be Republican VP nominee in 2012,15,2.5,Apr/06/2012 14:06:51
749368,REP.VP.2012.HALEY,Nikki Haley to be Republican VP nominee in 2012,50,2.5,Apr/06/2012 14:06:51
749368,REP.VP.2012.HALEY,Nikki Haley to be Republican VP nominee in 2012,11,2.5,Apr/06/2012 14:06:51
749368,REP.VP.2012.HALEY,Nikki Haley to be Republican VP nominee in 2012,20,2.5,Apr/06/2012 14:06:51
749368,REP.VP.2012.HALEY,Nikki Haley to be Republican VP nominee in 2012,2,2.5,Apr/06/2012 14:06:51
749368,REP.VP.2012.HALEY,Nikki Haley to be Republican VP nominee in 2012,3,1.5,Apr/06/2012 17:43:00
749368,REP.VP.2012.HALEY,Nikki Haley to be Republican VP nominee in 2012,5,2.5,Apr/06/2012 21:44:39
749368,REP.VP.2012.HALEY,Nikki Haley to be Republican VP nominee in 2012,2,1.5,Apr/06/2012 22:42:32
749368,REP.VP.2012.HALEY,Nikki Haley to be Republican VP nominee in 2012,6,1.5,Apr/07/2012 18:24:21
749368,REP.VP.2012.HALEY,Nikki Haley to be Republican VP nominee in 2012,14,1.5,Apr/07/2012 18:38:39
749368,REP.VP.2012.HALEY,Nikki Haley to be Republican VP nominee in 2012,20,1.5,Apr/07/2012 18:38:39
749368,REP.VP.2012.HALEY,Nikki Haley to be Republican VP nominee in 2012,12,1.5,Apr/07/2012 20:52:48
749368,REP.VP.2012.HALEY,Nikki Haley to be Republican VP nominee in 2012,4,1.5,Apr/07/2012 20:58:09
749368,REP.VP.2012.HALEY,Nikki Haley to be Republican VP nominee in 2012,1,1.5,Apr/07/2012 20:58:09
749368,REP.VP.2012.HALEY,Nikki Haley to be Republican VP nominee in 2012,5,1.8,Apr/07/2012 22:05:20
749368,REP.VP.2012.HALEY,Nikki Haley to be Republican VP nominee in 2012,1,1.4,Apr/08/2012 16:37:19
749368,REP.VP.2012.HALEY,Nikki Haley to be Republican VP nominee in 2012,19,1.3,Apr/08/2012 19:31:17
749368,REP.VP.2012.HALEY,Nikki Haley to be Republican VP nominee in 2012,1,1.3,Apr/08/2012 19:31:17
749368,REP.VP.2012.HALEY,Nikki Haley to be Republican VP nominee in 2012,8,1.5,Apr/09/2012 00:13:20
749368,REP.VP.2012.HALEY,Nikki Haley to be Republican VP nominee in 2012,1,1.2,Apr/09/2012 13:56:12
749368,REP.VP.2012.HALEY,Nikki Haley to be Republican VP nominee in 2012,5,1.2,Apr/09/2012 14:23:17
749368,REP.VP.2012.HALEY,Nikki Haley to be Republican VP nominee in 2012,5,1.2,Apr/09/2012 14:23:38
749368,REP.VP.2012.HALEY,Nikki Haley to be Republican VP nominee in 2012,5,1.3,Apr/09/2012 14:26:48
749368,REP.VP.2012.HALEY,Nikki Haley to be Republican VP nominee in 2012,4,1.3,Apr/09/2012 14:32:03
749368,REP.VP.2012.HALEY,Nikki Haley to be Republican VP nominee in 2012,4,1.2,Apr/09/2012 14:32:34
749368,REP.VP.2012.HALEY,Nikki Haley to be Republican VP nominee in 2012,3,1.2,Apr/09/2012 14:32:34
749368,REP.VP.2012.HALEY,Nikki Haley to be Republican VP nominee in 2012,11,1.3,Apr/09/2012 14:32:34
749368,REP.VP.2012.HALEY,Nikki Haley to be Republican VP nominee in 2012,17,1.5,Apr/09/2012 21:15:09
749368,REP.VP.2012.HALEY,Nikki Haley to be Republican VP nominee in 2012,1,1.5,Apr/09/2012 21:15:09
749368,REP.VP.2012.HALEY,Nikki Haley to be Republican VP nominee in 2012,4,1.5,Apr/09/2012 21:15:09
749368,REP.VP.2012.HALEY,Nikki Haley to be Republican VP nominee in 2012,100,1.5,Apr/09/2012 21:15:09
749368,REP.VP.2012.HALEY,Nikki Haley to be Republican VP nominee in 2012,1,1.6,Apr/11/2012 02:16:49
749368,REP.VP.2012.HALEY,Nikki Haley to be Republican VP nominee in 2012,20,1.7,Apr/11/2012 02:17:16
749368,REP.VP.2012.HALEY,Nikki Haley to be Republican VP nominee in 2012,1,1.7,Apr/11/2012 02:17:16
749368,REP.VP.2012.HALEY,Nikki Haley to be Republican VP nominee in 2012,1,1.4,Apr/11/2012 19:35:08
749368,REP.VP.2012.HALEY,Nikki Haley to be Republican VP nominee in 2012,3,1.4,Apr/11/2012 19:36:53
749368,REP.VP.2012.HALEY,Nikki Haley to be Republican VP nominee in 2012,15,1.4,Apr/11/2012 20:32:28
749368,REP.VP.2012.HALEY,Nikki Haley to be Republican VP nominee in 2012,20,1.3,Apr/11/2012 21:06:12
749368,REP.VP.2012.HALEY,Nikki Haley to be Republican VP nominee in 2012,3,1.4,Apr/11/2012 21:06:12
749368,REP.VP.2012.HALEY,Nikki Haley to be Republican VP nominee in 2012,17,1.3,Apr/11/2012 21:15:16
749368,REP.VP.2012.HALEY,Nikki Haley to be Republican VP nominee in 2012,4,1.7,Apr/11/2012 23:53:05
749368,REP.VP.2012.HALEY,Nikki Haley to be Republican VP nominee in 2012,1,1.7,Apr/11/2012 23:53:05
749368,REP.VP.2012.HALEY,Nikki Haley to be Republican VP nominee in 2012,15,1.7,Apr/11/2012 23:53:05
749368,REP.VP.2012.HALEY,Nikki Haley to be Republican VP nominee in 2012,20,1.8,Apr/11/2012 23:53:49
749368,REP.VP.2012.HALEY,Nikki Haley to be Republican VP nominee in 2012,1,1.8,Apr/11/2012 23:53:49
749368,REP.VP.2012.HALEY,Nikki Haley to be Republican VP nominee in 2012,10,1.8,Apr/11/2012 23:53:49
749368,REP.VP.2012.HALEY,Nikki Haley to be Republican VP nominee in 2012,50,1.9,Apr/11/2012 23:54:02
749368,REP.VP.2012.HALEY,Nikki Haley to be Republican VP nominee in 2012,1,1.9,Apr/11/2012 23:54:02
749368,REP.VP.2012.HALEY,Nikki Haley to be Republican VP nominee in 2012,25,2.0,Apr/11/2012 23:54:47
749368,REP.VP.2012.HALEY,Nikki Haley to be Republican VP nominee in 2012,50,2.0,Apr/11/2012 23:54:47
749368,REP.VP.2012.HALEY,Nikki Haley to be Republican VP nominee in 2012,25,2.0,Apr/11/2012 23:54:47
749368,REP.VP.2012.HALEY,Nikki Haley to be Republican VP nominee in 2012,5,1.9,Apr/12/2012 18:31:38
749368,REP.VP.2012.HALEY,Nikki Haley to be Republican VP nominee in 2012,40,1.5,Apr/14/2012 05:57:18
749368,REP.VP.2012.HALEY,Nikki Haley to be Republican VP nominee in 2012,60,1.5,Apr/16/2012 14:51:16
749368,REP.VP.2012.HALEY,Nikki Haley to be Republican VP nominee in 2012,1,1.5,Apr/16/2012 14:51:16
749368,REP.VP.2012.HALEY,Nikki Haley to be Republican VP nominee in 2012,10,1.5,Apr/17/2012 02:25:19
749368,REP.VP.2012.HALEY,Nikki Haley to be Republican VP nominee in 2012,6,1.5,Apr/18/2012 00:34:51
749368,REP.VP.2012.HALEY,Nikki Haley to be Republican VP nominee in 2012,21,1.4,Apr/18/2012 01:43:10
749368,REP.VP.2012.HALEY,Nikki Haley to be Republican VP nominee in 2012,9,1.5,Apr/18/2012 01:43:10
749368,REP.VP.2012.HALEY,Nikki Haley to be Republican VP nominee in 2012,7,1.4,Apr/18/2012 01:43:25
749368,REP.VP.2012.HALEY,Nikki Haley to be Republican VP nominee in 2012,50,1.5,Apr/18/2012 04:00:40
749368,REP.VP.2012.HALEY,Nikki Haley to be Republican VP nominee in 2012,1,1.7,Apr/18/2012 15:46:22
749368,REP.VP.2012.HALEY,Nikki Haley to be Republican VP nominee in 2012,6,1.3,Apr/18/2012 17:55:07
749368,REP.VP.2012.HALEY,Nikki Haley to be Republican VP nominee in 2012,25,1.5,Apr/19/2012 01:17:46
749368,REP.VP.2012.HALEY,Nikki Haley to be Republican VP nominee in 2012,1,1.5,Apr/19/2012 01:17:46
749368,REP.VP.2012.HALEY,Nikki Haley to be Republican VP nominee in 2012,9,1.5,Apr/19/2012 02:31:44
749368,REP.VP.2012.HALEY,Nikki Haley to be Republican VP nominee in 2012,2,1.4,Apr/19/2012 16:55:16
749368,REP.VP.2012.HALEY,Nikki Haley to be Republican VP nominee in 2012,2,1.3,Apr/19/2012 16:55:24
749368,REP.VP.2012.HALEY,Nikki Haley to be Republican VP nominee in 2012,91,1.5,Apr/20/2012 03:12:38
749368,REP.VP.2012.HALEY,Nikki Haley to be Republican VP nominee in 2012,1,1.5,Apr/20/2012 03:12:38
749368,REP.VP.2012.HALEY,Nikki Haley to be Republican VP nominee in 2012,8,1.4,Apr/20/2012 04:36:32
749368,REP.VP.2012.HALEY,Nikki Haley to be Republican VP nominee in 2012,92,1.4,Apr/20/2012 04:54:04
749368,REP.VP.2012.HALEY,Nikki Haley to be Republican VP nominee in 2012,1,1.4,Apr/20/2012 21:32:56
749368,REP.VP.2012.HALEY,Nikki Haley to be Republican VP nominee in 2012,4,1.4,Apr/21/2012 04:03:22
749368,REP.VP.2012.HALEY,Nikki Haley to be Republican VP nominee in 2012,1,1.4,Apr/21/2012 06:01:39
749368,REP.VP.2012.HALEY,Nikki Haley to be Republican VP nominee in 2012,2,1.4,Apr/21/2012 06:19:25
749368,REP.VP.2012.HALEY,Nikki Haley to be Republican VP nominee in 2012,1,1.3,Apr/21/2012 07:23:13
749368,REP.VP.2012.HALEY,Nikki Haley to be Republican VP nominee in 2012,100,1.5,Apr/22/2012 14:25:30
749368,REP.VP.2012.HALEY,Nikki Haley to be Republican VP nominee in 2012,1,1.5,Apr/22/2012 14:25:30
749368,REP.VP.2012.HALEY,Nikki Haley to be Republican VP nominee in 2012,25,1.5,Apr/22/2012 14:25:30
749368,REP.VP.2012.HALEY,Nikki Haley to be Republican VP nominee in 2012,1,1.3,Apr/23/2012 08:22:20
749368,REP.VP.2012.HALEY,Nikki Haley to be Republican VP nominee in 2012,2,1.3,Apr/23/2012 08:22:20
749368,REP.VP.2012.HALEY,Nikki Haley to be Republican VP nominee in 2012,23,1.3,Apr/24/2012 08:32:36
749368,REP.VP.2012.HALEY,Nikki Haley to be Republican VP nominee in 2012,40,1.2,Apr/24/2012 08:32:48
749368,REP.VP.2012.HALEY,Nikki Haley to be Republican VP nominee in 2012,1,1.1,Apr/24/2012 08:32:57
749368,REP.VP.2012.HALEY,Nikki Haley to be Republican VP nominee in 2012,9,1.1,Apr/24/2012 08:32:57
749368,REP.VP.2012.HALEY,Nikki Haley to be Republican VP nominee in 2012,129,1.0,Apr/24/2012 08:33:09
749368,REP.VP.2012.HALEY,Nikki Haley to be Republican VP nominee in 2012,71,1.0,Apr/25/2012 20:12:35
749368,REP.VP.2012.HALEY,Nikki Haley to be Republican VP nominee in 2012,5,0.6,Apr/25/2012 21:18:32
749368,REP.VP.2012.HALEY,Nikki Haley to be Republican VP nominee in 2012,5,0.8,Apr/25/2012 21:39:49
749368,REP.VP.2012.HALEY,Nikki Haley to be Republican VP nominee in 2012,5,0.7,Apr/25/2012 21:39:49
749368,REP.VP.2012.HALEY,Nikki Haley to be Republican VP nominee in 2012,1,0.7,Apr/25/2012 21:39:49
749368,REP.VP.2012.HALEY,Nikki Haley to be Republican VP nominee in 2012,1,0.8,Apr/25/2012 21:39:49
749368,REP.VP.2012.HALEY,Nikki Haley to be Republican VP nominee in 2012,20,0.9,Apr/25/2012 21:40:08
749368,REP.VP.2012.HALEY,Nikki Haley to be Republican VP nominee in 2012,1,0.9,Apr/25/2012 21:40:08
749368,REP.VP.2012.HALEY,Nikki Haley to be Republican VP nominee in 2012,29,1.0,Apr/26/2012 00:30:01
749368,REP.VP.2012.HALEY,Nikki Haley to be Republican VP nominee in 2012,2,1.0,Apr/28/2012 07:42:34
749368,REP.VP.2012.HALEY,Nikki Haley to be Republican VP nominee in 2012,20,1.0,Apr/28/2012 19:43:17
749368,REP.VP.2012.HALEY,Nikki Haley to be Republican VP nominee in 2012,78,1.0,Apr/28/2012 20:26:08
749368,REP.VP.2012.HALEY,Nikki Haley to be Republican VP nominee in 2012,1,1.0,Apr/28/2012 20:26:08
749368,REP.VP.2012.HALEY,Nikki Haley to be Republican VP nominee in 2012,50,1.0,Apr/28/2012 22:05:01
749368,REP.VP.2012.HALEY,Nikki Haley to be Republican VP nominee in 2012,76,1.0,Apr/30/2012 15:10:40
749368,REP.VP.2012.HALEY,Nikki Haley to be Republican VP nominee in 2012,50,1.0,Apr/30/2012 15:10:40
749368,REP.VP.2012.HALEY,Nikki Haley to be Republican VP nominee in 2012,3,1.0,Apr/30/2012 15:10:40
749368,REP.VP.2012.HALEY,Nikki Haley to be Republican VP nominee in 2012,171,1.0,Apr/30/2012 15:40:02
749368,REP.VP.2012.HALEY,Nikki Haley to be Republican VP nominee in 2012,1,1.0,Apr/30/2012 15:40:02
749368,REP.VP.2012.HALEY,Nikki Haley to be Republican VP nominee in 2012,1,1.1,Apr/30/2012 18:27:38
749368,REP.VP.2012.HALEY,Nikki Haley to be Republican VP nominee in 2012,7,1.1,May/01/2012 00:13:06
749368,REP.VP.2012.HALEY,Nikki Haley to be Republican VP nominee in 2012,1,1.1,May/01/2012 00:13:06
749368,REP.VP.2012.HALEY,Nikki Haley to be Republican VP nominee in 2012,28,1.0,May/01/2012 03:07:17
749368,REP.VP.2012.HALEY,Nikki Haley to be Republican VP nominee in 2012,2,1.0,May/01/2012 03:12:00
749368,REP.VP.2012.HALEY,Nikki Haley to be Republican VP nominee in 2012,50,1.0,May/01/2012 03:12:00
749368,REP.VP.2012.HALEY,Nikki Haley to be Republican VP nominee in 2012,20,1.1,May/01/2012 11:34:27
749368,REP.VP.2012.HALEY,Nikki Haley to be Republican VP nominee in 2012,1,1.1,May/01/2012 11:34:27
749368,REP.VP.2012.HALEY,Nikki Haley to be Republican VP nominee in 2012,1,1.1,May/02/2012 17:56:57
749368,REP.VP.2012.HALEY,Nikki Haley to be Republican VP nominee in 2012,1,1.1,May/02/2012 17:57:18
749368,REP.VP.2012.HALEY,Nikki Haley to be Republican VP nominee in 2012,2,1.1,May/02/2012 17:57:59
749368,REP.VP.2012.HALEY,Nikki Haley to be Republican VP nominee in 2012,6,1.1,May/02/2012 17:58:39
749368,REP.VP.2012.HALEY,Nikki Haley to be Republican VP nominee in 2012,4,1.1,May/02/2012 17:59:41
749368,REP.VP.2012.HALEY,Nikki Haley to be Republican VP nominee in 2012,6,1.1,May/02/2012 18:00:03
749368,REP.VP.2012.HALEY,Nikki Haley to be Republican VP nominee in 2012,4,1.1,May/02/2012 18:00:24
749368,REP.VP.2012.HALEY,Nikki Haley to be Republican VP nominee in 2012,1,1.1,May/02/2012 18:01:28
749368,REP.VP.2012.HALEY,Nikki Haley to be Republican VP nominee in 2012,100,1.1,May/02/2012 20:07:55
749368,REP.VP.2012.HALEY,Nikki Haley to be Republican VP nominee in 2012,14,1.2,May/03/2012 09:49:27
749368,REP.VP.2012.HALEY,Nikki Haley to be Republican VP nominee in 2012,1,1.2,May/03/2012 09:49:27
749368,REP.VP.2012.HALEY,Nikki Haley to be Republican VP nominee in 2012,75,1.1,May/03/2012 18:32:46
749368,REP.VP.2012.HALEY,Nikki Haley to be Republican VP nominee in 2012,50,1.0,May/03/2012 18:42:30
749368,REP.VP.2012.HALEY,Nikki Haley to be Republican VP nominee in 2012,98,1.0,May/04/2012 21:02:01
749368,REP.VP.2012.HALEY,Nikki Haley to be Republican VP nominee in 2012,2,1.0,May/05/2012 05:32:22
749368,REP.VP.2012.HALEY,Nikki Haley to be Republican VP nominee in 2012,1,1.0,May/05/2012 05:32:22
749368,REP.VP.2012.HALEY,Nikki Haley to be Republican VP nominee in 2012,50,1.0,May/06/2012 16:03:56
749368,REP.VP.2012.HALEY,Nikki Haley to be Republican VP nominee in 2012,50,1.0,May/06/2012 16:16:59
749368,REP.VP.2012.HALEY,Nikki Haley to be Republican VP nominee in 2012,50,1.0,May/06/2012 17:54:55
749368,REP.VP.2012.HALEY,Nikki Haley to be Republican VP nominee in 2012,50,1.0,May/06/2012 21:46:33
749368,REP.VP.2012.HALEY,Nikki Haley to be Republican VP nominee in 2012,1,1.0,May/06/2012 21:46:33
749368,REP.VP.2012.HALEY,Nikki Haley to be Republican VP nominee in 2012,1,1.0,May/07/2012 01:43:42
749368,REP.VP.2012.HALEY,Nikki Haley to be Republican VP nominee in 2012,5,1.0,May/07/2012 16:40:15
749368,REP.VP.2012.HALEY,Nikki Haley to be Republican VP nominee in 2012,15,1.0,May/07/2012 16:40:36
749368,REP.VP.2012.HALEY,Nikki Haley to be Republican VP nominee in 2012,28,1.0,May/07/2012 18:15:05
749368,REP.VP.2012.HALEY,Nikki Haley to be Republican VP nominee in 2012,72,1.0,May/07/2012 18:15:32
749368,REP.VP.2012.HALEY,Nikki Haley to be Republican VP nominee in 2012,50,0.9,May/08/2012 04:52:57
749368,REP.VP.2012.HALEY,Nikki Haley to be Republican VP nominee in 2012,41,0.9,May/08/2012 17:22:06
749368,REP.VP.2012.HALEY,Nikki Haley to be Republican VP nominee in 2012,50,1.0,May/08/2012 17:45:04
749368,REP.VP.2012.HALEY,Nikki Haley to be Republican VP nominee in 2012,1,1.0,May/08/2012 17:45:04
749368,REP.VP.2012.HALEY,Nikki Haley to be Republican VP nominee in 2012,50,1.0,May/08/2012 17:45:04
749368,REP.VP.2012.HALEY,Nikki Haley to be Republican VP nominee in 2012,40,1.0,May/08/2012 17:45:04
749368,REP.VP.2012.HALEY,Nikki Haley to be Republican VP nominee in 2012,50,1.0,May/09/2012 23:35:35
749368,REP.VP.2012.HALEY,Nikki Haley to be Republican VP nominee in 2012,100,0.9,May/10/2012 02:15:58
749368,REP.VP.2012.HALEY,Nikki Haley to be Republican VP nominee in 2012,100,1.0,May/10/2012 14:18:20
749368,REP.VP.2012.HALEY,Nikki Haley to be Republican VP nominee in 2012,1,1.0,May/10/2012 14:18:20
749368,REP.VP.2012.HALEY,Nikki Haley to be Republican VP nominee in 2012,100,1.0,May/11/2012 00:18:39
749368,REP.VP.2012.HALEY,Nikki Haley to be Republican VP nominee in 2012,1,1.0,May/11/2012 00:18:39
749368,REP.VP.2012.HALEY,Nikki Haley to be Republican VP nominee in 2012,48,1.1,May/11/2012 16:47:54
749368,REP.VP.2012.HALEY,Nikki Haley to be Republican VP nominee in 2012,50,1.2,May/11/2012 18:55:41
749368,REP.VP.2012.HALEY,Nikki Haley to be Republican VP nominee in 2012,1,1.2,May/11/2012 18:55:41
749368,REP.VP.2012.HALEY,Nikki Haley to be Republican VP nominee in 2012,100,1.2,May/11/2012 18:55:41
749368,REP.VP.2012.HALEY,Nikki Haley to be Republican VP nominee in 2012,5,1.3,May/11/2012 20:25:30
749368,REP.VP.2012.HALEY,Nikki Haley to be Republican VP nominee in 2012,1,1.3,May/11/2012 20:25:30
749368,REP.VP.2012.HALEY,Nikki Haley to be Republican VP nominee in 2012,15,1.4,May/11/2012 20:27:31
749368,REP.VP.2012.HALEY,Nikki Haley to be Republican VP nominee in 2012,1,1.4,May/11/2012 20:27:31
749368,REP.VP.2012.HALEY,Nikki Haley to be Republican VP nominee in 2012,32,1.5,May/11/2012 20:28:38
749368,REP.VP.2012.HALEY,Nikki Haley to be Republican VP nominee in 2012,68,1.5,May/11/2012 21:15:42
749368,REP.VP.2012.HALEY,Nikki Haley to be Republican VP nominee in 2012,25,1.5,May/11/2012 21:15:42
749368,REP.VP.2012.HALEY,Nikki Haley to be Republican VP nominee in 2012,50,1.5,May/11/2012 21:15:42
749368,REP.VP.2012.HALEY,Nikki Haley to be Republican VP nominee in 2012,1,1.5,May/11/2012 21:15:42
749368,REP.VP.2012.HALEY,Nikki Haley to be Republican VP nominee in 2012,30,1.5,May/11/2012 22:54:40
749368,REP.VP.2012.HALEY,Nikki Haley to be Republican VP nominee in 2012,50,1.4,May/12/2012 03:54:10
749368,REP.VP.2012.HALEY,Nikki Haley to be Republican VP nominee in 2012,1,1.4,May/12/2012 03:54:10
749368,REP.VP.2012.HALEY,Nikki Haley to be Republican VP nominee in 2012,9,1.4,May/12/2012 05:33:47
749368,REP.VP.2012.HALEY,Nikki Haley to be Republican VP nominee in 2012,24,1.0,May/12/2012 16:05:36
749368,REP.VP.2012.HALEY,Nikki Haley to be Republican VP nominee in 2012,5,1.0,May/12/2012 16:05:36
749368,REP.VP.2012.HALEY,Nikki Haley to be Republican VP nominee in 2012,21,1.0,May/12/2012 16:39:57
749368,REP.VP.2012.HALEY,Nikki Haley to be Republican VP nominee in 2012,1,1.0,May/12/2012 16:39:57
749368,REP.VP.2012.HALEY,Nikki Haley to be Republican VP nominee in 2012,25,1.0,May/13/2012 03:57:11
749368,REP.VP.2012.HALEY,Nikki Haley to be Republican VP nominee in 2012,40,1.0,May/13/2012 07:53:13
749368,REP.VP.2012.HALEY,Nikki Haley to be Republican VP nominee in 2012,1,1.0,May/13/2012 07:53:13
749368,REP.VP.2012.HALEY,Nikki Haley to be Republican VP nominee in 2012,9,1.0,May/13/2012 19:15:12
749368,REP.VP.2012.HALEY,Nikki Haley to be Republican VP nominee in 2012,41,1.0,May/13/2012 23:03:07
749368,REP.VP.2012.HALEY,Nikki Haley to be Republican VP nominee in 2012,100,1.0,May/13/2012 23:03:07
749368,REP.VP.2012.HALEY,Nikki Haley to be Republican VP nominee in 2012,1,1.0,May/13/2012 23:03:07
749368,REP.VP.2012.HALEY,Nikki Haley to be Republican VP nominee in 2012,500,0.9,May/14/2012 14:57:36
749368,REP.VP.2012.HALEY,Nikki Haley to be Republican VP nominee in 2012,500,0.9,May/14/2012 14:59:07
749368,REP.VP.2012.HALEY,Nikki Haley to be Republican VP nominee in 2012,1000,0.9,May/14/2012 15:00:47
749368,REP.VP.2012.HALEY,Nikki Haley to be Republican VP nominee in 2012,100,0.9,May/14/2012 15:02:24
749368,REP.VP.2012.HALEY,Nikki Haley to be Republican VP nominee in 2012,100,1.0,May/14/2012 18:00:28
749368,REP.VP.2012.HALEY,Nikki Haley to be Republican VP nominee in 2012,1,1.0,May/14/2012 18:00:28
749368,REP.VP.2012.HALEY,Nikki Haley to be Republican VP nominee in 2012,24,1.0,May/14/2012 18:07:41
749368,REP.VP.2012.HALEY,Nikki Haley to be Republican VP nominee in 2012,100,1.0,May/14/2012 18:13:00
749368,REP.VP.2012.HALEY,Nikki Haley to be Republican VP nominee in 2012,200,1.0,May/14/2012 18:17:34
749368,REP.VP.2012.HALEY,Nikki Haley to be Republican VP nominee in 2012,100,1.0,May/14/2012 23:39:43
749368,REP.VP.2012.HALEY,Nikki Haley to be Republican VP nominee in 2012,1,1.0,May/14/2012 23:39:43
749368,REP.VP.2012.HALEY,Nikki Haley to be Republican VP nominee in 2012,50,1.1,May/15/2012 01:50:40
749368,REP.VP.2012.HALEY,Nikki Haley to be Republican VP nominee in 2012,25,1.0,May/15/2012 21:04:31
749368,REP.VP.2012.HALEY,Nikki Haley to be Republican VP nominee in 2012,14,1.0,May/15/2012 21:04:31
749368,REP.VP.2012.HALEY,Nikki Haley to be Republican VP nominee in 2012,61,1.0,May/15/2012 21:47:09
749368,REP.VP.2012.HALEY,Nikki Haley to be Republican VP nominee in 2012,1,1.0,May/15/2012 21:47:09
749368,REP.VP.2012.HALEY,Nikki Haley to be Republican VP nominee in 2012,38,1.0,May/16/2012 02:22:48
749368,REP.VP.2012.HALEY,Nikki Haley to be Republican VP nominee in 2012,10,1.0,May/16/2012 08:07:52
749368,REP.VP.2012.HALEY,Nikki Haley to be Republican VP nominee in 2012,10,0.9,May/17/2012 01:14:17
749368,REP.VP.2012.HALEY,Nikki Haley to be Republican VP nominee in 2012,52,1.0,May/17/2012 08:26:17
749368,REP.VP.2012.HALEY,Nikki Haley to be Republican VP nominee in 2012,1,1.0,May/17/2012 08:26:17
749368,REP.VP.2012.HALEY,Nikki Haley to be Republican VP nominee in 2012,27,1.0,May/17/2012 08:26:17
749368,REP.VP.2012.HALEY,Nikki Haley to be Republican VP nominee in 2012,12,1.0,May/17/2012 21:21:48
749368,REP.VP.2012.HALEY,Nikki Haley to be Republican VP nominee in 2012,9,0.7,May/18/2012 04:45:25
749368,REP.VP.2012.HALEY,Nikki Haley to be Republican VP nominee in 2012,8,0.7,May/18/2012 14:04:42
749368,REP.VP.2012.HALEY,Nikki Haley to be Republican VP nominee in 2012,80,0.6,May/18/2012 22:56:54
749368,REP.VP.2012.HALEY,Nikki Haley to be Republican VP nominee in 2012,5,0.5,May/19/2012 08:53:36
749368,REP.VP.2012.HALEY,Nikki Haley to be Republican VP nominee in 2012,1,0.5,May/19/2012 08:53:36
749368,REP.VP.2012.HALEY,Nikki Haley to be Republican VP nominee in 2012,42,0.7,May/21/2012 02:03:34
749368,REP.VP.2012.HALEY,Nikki Haley to be Republican VP nominee in 2012,1,0.7,May/21/2012 02:03:34
749368,REP.VP.2012.HALEY,Nikki Haley to be Republican VP nominee in 2012,357,0.7,May/21/2012 02:03:34
749368,REP.VP.2012.HALEY,Nikki Haley to be Republican VP nominee in 2012,12,0.5,May/21/2012 17:19:19
749368,REP.VP.2012.HALEY,Nikki Haley to be Republican VP nominee in 2012,50,0.8,May/23/2012 05:21:23
749368,REP.VP.2012.HALEY,Nikki Haley to be Republican VP nominee in 2012,1,0.8,May/23/2012 05:21:23
749368,REP.VP.2012.HALEY,Nikki Haley to be Republican VP nominee in 2012,50,0.9,May/23/2012 05:21:37
749368,REP.VP.2012.HALEY,Nikki Haley to be Republican VP nominee in 2012,1,0.9,May/23/2012 05:21:37
749368,REP.VP.2012.HALEY,Nikki Haley to be Republican VP nominee in 2012,2,0.7,May/23/2012 16:01:32
749368,REP.VP.2012.HALEY,Nikki Haley to be Republican VP nominee in 2012,4,0.7,May/23/2012 16:02:29
749368,REP.VP.2012.HALEY,Nikki Haley to be Republican VP nominee in 2012,8,0.7,May/23/2012 16:03:14
749368,REP.VP.2012.HALEY,Nikki Haley to be Republican VP nominee in 2012,2,0.7,May/23/2012 16:03:31
749368,REP.VP.2012.HALEY,Nikki Haley to be Republican VP nominee in 2012,50,0.8,May/23/2012 19:19:58
749368,REP.VP.2012.HALEY,Nikki Haley to be Republican VP nominee in 2012,1,0.8,May/23/2012 19:19:58
749368,REP.VP.2012.HALEY,Nikki Haley to be Republican VP nominee in 2012,50,0.8,May/23/2012 23:50:52
749368,REP.VP.2012.HALEY,Nikki Haley to be Republican VP nominee in 2012,1,0.8,May/23/2012 23:50:52
749368,REP.VP.2012.HALEY,Nikki Haley to be Republican VP nominee in 2012,49,0.8,May/24/2012 02:25:14
749368,REP.VP.2012.HALEY,Nikki Haley to be Republican VP nominee in 2012,20,0.8,May/24/2012 03:00:00
749368,REP.VP.2012.HALEY,Nikki Haley to be Republican VP nominee in 2012,20,0.8,May/24/2012 03:00:23
749368,REP.VP.2012.HALEY,Nikki Haley to be Republican VP nominee in 2012,11,0.8,May/24/2012 04:41:57
749368,REP.VP.2012.HALEY,Nikki Haley to be Republican VP nominee in 2012,1,0.8,May/24/2012 04:41:57
749368,REP.VP.2012.HALEY,Nikki Haley to be Republican VP nominee in 2012,8,0.8,May/24/2012 04:41:57
749368,REP.VP.2012.HALEY,Nikki Haley to be Republican VP nominee in 2012,10,0.8,May/24/2012 06:56:35
749368,REP.VP.2012.HALEY,Nikki Haley to be Republican VP nominee in 2012,32,0.8,May/24/2012 23:38:41
749368,REP.VP.2012.HALEY,Nikki Haley to be Republican VP nominee in 2012,1,0.8,May/24/2012 23:38:41
749368,REP.VP.2012.HALEY,Nikki Haley to be Republican VP nominee in 2012,3,0.8,May/25/2012 14:18:45
749368,REP.VP.2012.HALEY,Nikki Haley to be Republican VP nominee in 2012,20,0.8,May/27/2012 02:59:28
749368,REP.VP.2012.HALEY,Nikki Haley to be Republican VP nominee in 2012,100,0.7,May/27/2012 20:04:43
749368,REP.VP.2012.HALEY,Nikki Haley to be Republican VP nominee in 2012,65,0.7,May/28/2012 02:47:39
749368,REP.VP.2012.HALEY,Nikki Haley to be Republican VP nominee in 2012,69,0.7,May/28/2012 16:16:38
749368,REP.VP.2012.HALEY,Nikki Haley to be Republican VP nominee in 2012,50,0.5,May/28/2012 16:16:51
749368,REP.VP.2012.HALEY,Nikki Haley to be Republican VP nominee in 2012,1,0.5,May/28/2012 22:03:07
749368,REP.VP.2012.HALEY,Nikki Haley to be Republican VP nominee in 2012,50,0.4,May/29/2012 21:21:17
749368,REP.VP.2012.HALEY,Nikki Haley to be Republican VP nominee in 2012,1,0.4,May/30/2012 03:20:00
749368,REP.VP.2012.HALEY,Nikki Haley to be Republican VP nominee in 2012,49,0.5,May/30/2012 12:53:02
749368,REP.VP.2012.HALEY,Nikki Haley to be Republican VP nominee in 2012,1,0.5,May/30/2012 12:53:02
749368,REP.VP.2012.HALEY,Nikki Haley to be Republican VP nominee in 2012,150,0.5,May/30/2012 12:53:02
749368,REP.VP.2012.HALEY,Nikki Haley to be Republican VP nominee in 2012,100,0.5,May/30/2012 12:53:02
749368,REP.VP.2012.HALEY,Nikki Haley to be Republican VP nominee in 2012,40,0.5,May/30/2012 14:25:06
749368,REP.VP.2012.HALEY,Nikki Haley to be Republican VP nominee in 2012,35,0.5,May/30/2012 14:57:00
749368,REP.VP.2012.HALEY,Nikki Haley to be Republican VP nominee in 2012,5,0.5,May/30/2012 18:05:15
749368,REP.VP.2012.HALEY,Nikki Haley to be Republican VP nominee in 2012,10,0.4,May/30/2012 19:40:17
749368,REP.VP.2012.HALEY,Nikki Haley to be Republican VP nominee in 2012,20,0.5,May/31/2012 03:41:36
749368,REP.VP.2012.HALEY,Nikki Haley to be Republican VP nominee in 2012,20,0.5,May/31/2012 04:59:55
749368,REP.VP.2012.HALEY,Nikki Haley to be Republican VP nominee in 2012,20,0.5,May/31/2012 05:00:17
749368,REP.VP.2012.HALEY,Nikki Haley to be Republican VP nominee in 2012,1,0.5,May/31/2012 05:00:17
749368,REP.VP.2012.HALEY,Nikki Haley to be Republican VP nominee in 2012,100,0.5,May/31/2012 05:00:17
749368,REP.VP.2012.HALEY,Nikki Haley to be Republican VP nominee in 2012,79,0.5,May/31/2012 05:00:17
749368,REP.VP.2012.HALEY,Nikki Haley to be Republican VP nominee in 2012,21,0.5,May/31/2012 05:00:39
749368,REP.VP.2012.HALEY,Nikki Haley to be Republican VP nominee in 2012,70,0.4,May/31/2012 05:03:00
749368,REP.VP.2012.HALEY,Nikki Haley to be Republican VP nominee in 2012,13,0.4,May/31/2012 05:08:34
749368,REP.VP.2012.HALEY,Nikki Haley to be Republican VP nominee in 2012,5,0.4,May/31/2012 05:11:58
749368,REP.VP.2012.HALEY,Nikki Haley to be Republican VP nominee in 2012,10,0.5,May/31/2012 21:23:37
749368,REP.VP.2012.HALEY,Nikki Haley to be Republican VP nominee in 2012,90,0.5,Jun/01/2012 07:57:07
749368,REP.VP.2012.HALEY,Nikki Haley to be Republican VP nominee in 2012,99,0.5,Jun/01/2012 07:57:07
749368,REP.VP.2012.HALEY,Nikki Haley to be Republican VP nominee in 2012,1,0.5,Jun/01/2012 07:57:07
749368,REP.VP.2012.HALEY,Nikki Haley to be Republican VP nominee in 2012,100,0.5,Jun/01/2012 07:57:07
749368,REP.VP.2012.HALEY,Nikki Haley to be Republican VP nominee in 2012,100,0.5,Jun/01/2012 07:57:07
749368,REP.VP.2012.HALEY,Nikki Haley to be Republican VP nominee in 2012,23,0.4,Jun/01/2012 14:28:38
749368,REP.VP.2012.HALEY,Nikki Haley to be Republican VP nominee in 2012,40,0.5,Jun/02/2012 17:57:07
749368,REP.VP.2012.HALEY,Nikki Haley to be Republican VP nominee in 2012,83,0.5,Jun/04/2012 22:10:44
749368,REP.VP.2012.HALEY,Nikki Haley to be Republican VP nominee in 2012,1,0.5,Jun/04/2012 22:10:44
749368,REP.VP.2012.HALEY,Nikki Haley to be Republican VP nominee in 2012,100,0.5,Jun/04/2012 22:10:44
749368,REP.VP.2012.HALEY,Nikki Haley to be Republican VP nominee in 2012,150,0.5,Jun/04/2012 22:10:44
749368,REP.VP.2012.HALEY,Nikki Haley to be Republican VP nominee in 2012,100,0.5,Jun/04/2012 22:10:44
749368,REP.VP.2012.HALEY,Nikki Haley to be Republican VP nominee in 2012,50,0.6,Jun/04/2012 22:49:26
749368,REP.VP.2012.HALEY,Nikki Haley to be Republican VP nominee in 2012,1,0.6,Jun/04/2012 22:49:26
749368,REP.VP.2012.HALEY,Nikki Haley to be Republican VP nominee in 2012,66,0.5,Jun/05/2012 14:26:20
749368,REP.VP.2012.HALEY,Nikki Haley to be Republican VP nominee in 2012,10,0.4,Jun/05/2012 20:02:19
749368,REP.VP.2012.HALEY,Nikki Haley to be Republican VP nominee in 2012,18,0.4,Jun/06/2012 19:47:15
749368,REP.VP.2012.HALEY,Nikki Haley to be Republican VP nominee in 2012,100,0.5,Jun/07/2012 17:31:20
749368,REP.VP.2012.HALEY,Nikki Haley to be Republican VP nominee in 2012,50,0.5,Jun/08/2012 00:04:21
749368,REP.VP.2012.HALEY,Nikki Haley to be Republican VP nominee in 2012,50,0.5,Jun/08/2012 00:39:26
749368,REP.VP.2012.HALEY,Nikki Haley to be Republican VP nominee in 2012,134,0.5,Jun/08/2012 16:33:08
749368,REP.VP.2012.HALEY,Nikki Haley to be Republican VP nominee in 2012,100,0.5,Jun/08/2012 16:33:08
749368,REP.VP.2012.HALEY,Nikki Haley to be Republican VP nominee in 2012,100,0.5,Jun/08/2012 16:33:08
749368,REP.VP.2012.HALEY,Nikki Haley to be Republican VP nominee in 2012,100,0.5,Jun/08/2012 16:33:08
749368,REP.VP.2012.HALEY,Nikki Haley to be Republican VP nominee in 2012,1,0.5,Jun/08/2012 16:33:08
749368,REP.VP.2012.HALEY,Nikki Haley to be Republican VP nominee in 2012,100,0.5,Jun/08/2012 16:33:08
749368,REP.VP.2012.HALEY,Nikki Haley to be Republican VP nominee in 2012,40,0.5,Jun/08/2012 16:36:46
749368,REP.VP.2012.HALEY,Nikki Haley to be Republican VP nominee in 2012,1,0.5,Jun/09/2012 23:52:18
749368,REP.VP.2012.HALEY,Nikki Haley to be Republican VP nominee in 2012,21,0.4,Jun/11/2012 22:35:34
749368,REP.VP.2012.HALEY,Nikki Haley to be Republican VP nominee in 2012,1,0.4,Jun/13/2012 12:47:27
749368,REP.VP.2012.HALEY,Nikki Haley to be Republican VP nominee in 2012,1,0.4,Jun/13/2012 17:52:24
749368,REP.VP.2012.HALEY,Nikki Haley to be Republican VP nominee in 2012,40,0.5,Jun/14/2012 02:59:54
749368,REP.VP.2012.HALEY,Nikki Haley to be Republican VP nominee in 2012,20,0.5,Jun/14/2012 03:39:11
749368,REP.VP.2012.HALEY,Nikki Haley to be Republican VP nominee in 2012,25,0.5,Jun/14/2012 13:28:21
749368,REP.VP.2012.HALEY,Nikki Haley to be Republican VP nominee in 2012,30,0.4,Jun/16/2012 20:52:58
749368,REP.VP.2012.HALEY,Nikki Haley to be Republican VP nominee in 2012,50,0.4,Jun/17/2012 01:53:39
749368,REP.VP.2012.HALEY,Nikki Haley to be Republican VP nominee in 2012,5,0.4,Jun/17/2012 19:07:40
749368,REP.VP.2012.HALEY,Nikki Haley to be Republican VP nominee in 2012,10,0.5,Jun/18/2012 20:19:49
749368,REP.VP.2012.HALEY,Nikki Haley to be Republican VP nominee in 2012,16,0.4,Jun/19/2012 21:30:16
749368,REP.VP.2012.HALEY,Nikki Haley to be Republican VP nominee in 2012,36,0.4,Jun/19/2012 21:30:16
749368,REP.VP.2012.HALEY,Nikki Haley to be Republican VP nominee in 2012,25,0.3,Jun/20/2012 01:00:47
749368,REP.VP.2012.HALEY,Nikki Haley to be Republican VP nominee in 2012,20,0.2,Jun/20/2012 01:29:18
749368,REP.VP.2012.HALEY,Nikki Haley to be Republican VP nominee in 2012,10,0.2,Jun/20/2012 01:29:18
749368,REP.VP.2012.HALEY,Nikki Haley to be Republican VP nominee in 2012,132,0.2,Jun/20/2012 02:12:40
749368,REP.VP.2012.HALEY,Nikki Haley to be Republican VP nominee in 2012,868,0.2,Jun/20/2012 14:19:16
749368,REP.VP.2012.HALEY,Nikki Haley to be Republican VP nominee in 2012,1,0.2,Jun/20/2012 14:19:16
749368,REP.VP.2012.HALEY,Nikki Haley to be Republican VP nominee in 2012,131,0.2,Jun/20/2012 15:15:57
749368,REP.VP.2012.HALEY,Nikki Haley to be Republican VP nominee in 2012,339,0.2,Jun/20/2012 17:27:39
749368,REP.VP.2012.HALEY,Nikki Haley to be Republican VP nominee in 2012,1,0.2,Jun/20/2012 17:27:39
749368,REP.VP.2012.HALEY,Nikki Haley to be Republican VP nominee in 2012,10,0.2,Jun/20/2012 18:25:53
749368,REP.VP.2012.HALEY,Nikki Haley to be Republican VP nominee in 2012,2,0.2,Jun/21/2012 00:18:00
749368,REP.VP.2012.HALEY,Nikki Haley to be Republican VP nominee in 2012,1,0.3,Jun/21/2012 02:19:50
749368,REP.VP.2012.HALEY,Nikki Haley to be Republican VP nominee in 2012,49,0.3,Jun/21/2012 02:19:50
749368,REP.VP.2012.HALEY,Nikki Haley to be Republican VP nominee in 2012,27,0.2,Jun/21/2012 03:04:59
749368,REP.VP.2012.HALEY,Nikki Haley to be Republican VP nominee in 2012,1,0.3,Jun/21/2012 05:36:04
749368,REP.VP.2012.HALEY,Nikki Haley to be Republican VP nominee in 2012,1,0.3,Jun/21/2012 05:36:04
749368,REP.VP.2012.HALEY,Nikki Haley to be Republican VP nominee in 2012,5,0.3,Jun/21/2012 05:36:04
749368,REP.VP.2012.HALEY,Nikki Haley to be Republican VP nominee in 2012,3,0.3,Jun/21/2012 23:13:58
749368,REP.VP.2012.HALEY,Nikki Haley to be Republican VP nominee in 2012,51,0.2,Jun/22/2012 07:37:53
749368,REP.VP.2012.HALEY,Nikki Haley to be Republican VP nominee in 2012,70,0.2,Jun/22/2012 21:36:56
749368,REP.VP.2012.HALEY,Nikki Haley to be Republican VP nominee in 2012,30,0.2,Jun/22/2012 21:36:56
749368,REP.VP.2012.HALEY,Nikki Haley to be Republican VP nominee in 2012,7,0.1,Jun/23/2012 03:37:28
749368,REP.VP.2012.HALEY,Nikki Haley to be Republican VP nominee in 2012,5,0.2,Jun/23/2012 05:50:06
749368,REP.VP.2012.HALEY,Nikki Haley to be Republican VP nominee in 2012,45,0.2,Jun/23/2012 17:47:58
749368,REP.VP.2012.HALEY,Nikki Haley to be Republican VP nominee in 2012,1,0.2,Jun/23/2012 17:47:58
749368,REP.VP.2012.HALEY,Nikki Haley to be Republican VP nominee in 2012,105,0.2,Jun/24/2012 19:18:14
749368,REP.VP.2012.HALEY,Nikki Haley to be Republican VP nominee in 2012,5,0.2,Jun/24/2012 19:18:14
749368,REP.VP.2012.HALEY,Nikki Haley to be Republican VP nominee in 2012,5,0.2,Jun/24/2012 19:18:14
749368,REP.VP.2012.HALEY,Nikki Haley to be Republican VP nominee in 2012,135,0.2,Jun/26/2012 03:41:33
749368,REP.VP.2012.HALEY,Nikki Haley to be Republican VP nominee in 2012,1,0.2,Jun/26/2012 03:41:33
749368,REP.VP.2012.HALEY,Nikki Haley to be Republican VP nominee in 2012,100,0.2,Jun/27/2012 05:31:31
749368,REP.VP.2012.HALEY,Nikki Haley to be Republican VP nominee in 2012,1,0.2,Jun/27/2012 05:31:31
749368,REP.VP.2012.HALEY,Nikki Haley to be Republican VP nominee in 2012,20,0.2,Jun/27/2012 18:13:20
749368,REP.VP.2012.HALEY,Nikki Haley to be Republican VP nominee in 2012,80,0.2,Jun/27/2012 18:31:33
749368,REP.VP.2012.HALEY,Nikki Haley to be Republican VP nominee in 2012,100,0.2,Jun/28/2012 04:22:37
749368,REP.VP.2012.HALEY,Nikki Haley to be Republican VP nominee in 2012,1,0.2,Jun/28/2012 04:22:37
749368,REP.VP.2012.HALEY,Nikki Haley to be Republican VP nominee in 2012,97,0.3,Jun/29/2012 14:02:18
749368,REP.VP.2012.HALEY,Nikki Haley to be Republican VP nominee in 2012,1,0.3,Jun/29/2012 14:02:18
749368,REP.VP.2012.HALEY,Nikki Haley to be Republican VP nominee in 2012,2,0.3,Jun/29/2012 14:02:18
749368,REP.VP.2012.HALEY,Nikki Haley to be Republican VP nominee in 2012,38,0.3,Jun/29/2012 14:02:51
749368,REP.VP.2012.HALEY,Nikki Haley to be Republican VP nominee in 2012,1,0.4,Jun/29/2012 14:03:18
749368,REP.VP.2012.HALEY,Nikki Haley to be Republican VP nominee in 2012,50,0.4,Jun/29/2012 14:03:18
749368,REP.VP.2012.HALEY,Nikki Haley to be Republican VP nominee in 2012,11,0.4,Jun/29/2012 14:03:18
749368,REP.VP.2012.HALEY,Nikki Haley to be Republican VP nominee in 2012,18,0.4,Jun/29/2012 14:40:53
749368,REP.VP.2012.HALEY,Nikki Haley to be Republican VP nominee in 2012,50,0.3,Jul/01/2012 21:10:13
749368,REP.VP.2012.HALEY,Nikki Haley to be Republican VP nominee in 2012,1,0.2,Jul/03/2012 21:06:47
749368,REP.VP.2012.HALEY,Nikki Haley to be Republican VP nominee in 2012,10,0.3,Jul/04/2012 16:14:51
749368,REP.VP.2012.HALEY,Nikki Haley to be Republican VP nominee in 2012,1,0.3,Jul/04/2012 16:14:51
749368,REP.VP.2012.HALEY,Nikki Haley to be Republican VP nominee in 2012,50,0.3,Jul/04/2012 16:14:51
749368,REP.VP.2012.HALEY,Nikki Haley to be Republican VP nominee in 2012,11,0.4,Jul/04/2012 16:15:04
749368,REP.VP.2012.HALEY,Nikki Haley to be Republican VP nominee in 2012,1,0.4,Jul/04/2012 16:15:04
749368,REP.VP.2012.HALEY,Nikki Haley to be Republican VP nominee in 2012,50,0.4,Jul/04/2012 16:15:04
749368,REP.VP.2012.HALEY,Nikki Haley to be Republican VP nominee in 2012,100,0.5,Jul/04/2012 16:15:22
749368,REP.VP.2012.HALEY,Nikki Haley to be Republican VP nominee in 2012,1,0.5,Jul/04/2012 16:15:22
749368,REP.VP.2012.HALEY,Nikki Haley to be Republican VP nominee in 2012,299,0.5,Jul/04/2012 16:15:22
749368,REP.VP.2012.HALEY,Nikki Haley to be Republican VP nominee in 2012,11,0.3,Jul/05/2012 02:57:25
749368,REP.VP.2012.HALEY,Nikki Haley to be Republican VP nominee in 2012,89,0.3,Jul/05/2012 11:12:51
749368,REP.VP.2012.HALEY,Nikki Haley to be Republican VP nominee in 2012,1,0.3,Jul/05/2012 11:12:51
749368,REP.VP.2012.HALEY,Nikki Haley to be Republican VP nominee in 2012,250,0.4,Jul/05/2012 16:32:32
749368,REP.VP.2012.HALEY,Nikki Haley to be Republican VP nominee in 2012,1,0.4,Jul/05/2012 16:32:32
749368,REP.VP.2012.HALEY,Nikki Haley to be Republican VP nominee in 2012,11,0.4,Jul/05/2012 16:32:32
749368,REP.VP.2012.HALEY,Nikki Haley to be Republican VP nominee in 2012,250,0.4,Jul/05/2012 18:58:30
749368,REP.VP.2012.HALEY,Nikki Haley to be Republican VP nominee in 2012,1,0.4,Jul/05/2012 18:58:30
749368,REP.VP.2012.HALEY,Nikki Haley to be Republican VP nominee in 2012,201,0.5,Jul/05/2012 18:58:39
749368,REP.VP.2012.HALEY,Nikki Haley to be Republican VP nominee in 2012,100,0.5,Jul/05/2012 18:58:39
749368,REP.VP.2012.HALEY,Nikki Haley to be Republican VP nominee in 2012,1,0.5,Jul/05/2012 18:58:39
749368,REP.VP.2012.HALEY,Nikki Haley to be Republican VP nominee in 2012,50,0.5,Jul/05/2012 18:58:39
749368,REP.VP.2012.HALEY,Nikki Haley to be Republican VP nominee in 2012,100,0.5,Jul/05/2012 18:58:39
749368,REP.VP.2012.HALEY,Nikki Haley to be Republican VP nominee in 2012,50,0.5,Jul/05/2012 18:58:39
749368,REP.VP.2012.HALEY,Nikki Haley to be Republican VP nominee in 2012,50,0.5,Jul/05/2012 18:58:39
749368,REP.VP.2012.HALEY,Nikki Haley to be Republican VP nominee in 2012,50,0.5,Jul/05/2012 18:58:39
749368,REP.VP.2012.HALEY,Nikki Haley to be Republican VP nominee in 2012,1,0.5,Jul/05/2012 18:58:39
749368,REP.VP.2012.HALEY,Nikki Haley to be Republican VP nominee in 2012,100,0.5,Jul/05/2012 18:58:39
749368,REP.VP.2012.HALEY,Nikki Haley to be Republican VP nominee in 2012,100,0.5,Jul/05/2012 18:58:39
749368,REP.VP.2012.HALEY,Nikki Haley to be Republican VP nominee in 2012,1,0.6,Jul/05/2012 19:00:41
749368,REP.VP.2012.HALEY,Nikki Haley to be Republican VP nominee in 2012,50,0.6,Jul/05/2012 19:00:41
749368,REP.VP.2012.HALEY,Nikki Haley to be Republican VP nominee in 2012,1,0.7,Jul/05/2012 19:00:48
749368,REP.VP.2012.HALEY,Nikki Haley to be Republican VP nominee in 2012,50,0.7,Jul/05/2012 19:00:48
749368,REP.VP.2012.HALEY,Nikki Haley to be Republican VP nominee in 2012,1,0.8,Jul/05/2012 19:00:57
749368,REP.VP.2012.HALEY,Nikki Haley to be Republican VP nominee in 2012,50,0.8,Jul/05/2012 19:00:57
749368,REP.VP.2012.HALEY,Nikki Haley to be Republican VP nominee in 2012,1,0.9,Jul/05/2012 19:01:09
749368,REP.VP.2012.HALEY,Nikki Haley to be Republican VP nominee in 2012,1,0.9,Jul/05/2012 19:01:09
749368,REP.VP.2012.HALEY,Nikki Haley to be Republican VP nominee in 2012,100,0.9,Jul/05/2012 19:01:09
749368,REP.VP.2012.HALEY,Nikki Haley to be Republican VP nominee in 2012,50,0.9,Jul/05/2012 19:01:09
749368,REP.VP.2012.HALEY,Nikki Haley to be Republican VP nominee in 2012,5,0.9,Jul/05/2012 19:13:35
749368,REP.VP.2012.HALEY,Nikki Haley to be Republican VP nominee in 2012,245,0.9,Jul/05/2012 19:30:21
749368,REP.VP.2012.HALEY,Nikki Haley to be Republican VP nominee in 2012,250,0.9,Jul/05/2012 19:30:21
749368,REP.VP.2012.HALEY,Nikki Haley to be Republican VP nominee in 2012,1,0.9,Jul/05/2012 19:30:21
749368,REP.VP.2012.HALEY,Nikki Haley to be Republican VP nominee in 2012,100,0.9,Jul/05/2012 19:30:21
749368,REP.VP.2012.HALEY,Nikki Haley to be Republican VP nominee in 2012,10,0.3,Jul/05/2012 23:23:42
749368,REP.VP.2012.HALEY,Nikki Haley to be Republican VP nominee in 2012,20,0.3,Jul/05/2012 23:23:42
749368,REP.VP.2012.HALEY,Nikki Haley to be Republican VP nominee in 2012,60,0.3,Jul/05/2012 23:23:42
749368,REP.VP.2012.HALEY,Nikki Haley to be Republican VP nominee in 2012,10,0.3,Jul/05/2012 23:23:42
749368,REP.VP.2012.HALEY,Nikki Haley to be Republican VP nominee in 2012,1,0.3,Jul/06/2012 01:45:59
749368,REP.VP.2012.HALEY,Nikki Haley to be Republican VP nominee in 2012,62,0.4,Jul/06/2012 01:46:39
749368,REP.VP.2012.HALEY,Nikki Haley to be Republican VP nominee in 2012,1,0.4,Jul/06/2012 01:46:39
749368,REP.VP.2012.HALEY,Nikki Haley to be Republican VP nominee in 2012,30,0.4,Jul/06/2012 01:46:39
749368,REP.VP.2012.HALEY,Nikki Haley to be Republican VP nominee in 2012,17,0.3,Jul/06/2012 01:46:39
749368,REP.VP.2012.HALEY,Nikki Haley to be Republican VP nominee in 2012,1,0.4,Jul/06/2012 01:49:23
749368,REP.VP.2012.HALEY,Nikki Haley to be Republican VP nominee in 2012,499,0.4,Jul/06/2012 02:18:32
749368,REP.VP.2012.HALEY,Nikki Haley to be Republican VP nominee in 2012,7,0.3,Jul/06/2012 16:21:54
