market id,market symbol,market name,trade quantity,trade price,date/time [utc]
754063,REP.VP.2012.TOOMEY,Pat Toomey to be Republican VP nominee in 2012,50,1.0,Nov/21/2011 20:09:53
754063,REP.VP.2012.TOOMEY,Pat Toomey to be Republican VP nominee in 2012,20,1.0,Nov/28/2011 14:21:29
754063,REP.VP.2012.TOOMEY,Pat Toomey to be Republican VP nominee in 2012,30,1.0,Nov/28/2011 14:23:02
754063,REP.VP.2012.TOOMEY,Pat Toomey to be Republican VP nominee in 2012,50,1.0,Nov/30/2011 20:45:34
754063,REP.VP.2012.TOOMEY,Pat Toomey to be Republican VP nominee in 2012,1,1.0,Dec/01/2011 14:23:42
754063,REP.VP.2012.TOOMEY,Pat Toomey to be Republican VP nominee in 2012,49,1.0,Dec/01/2011 14:23:42
754063,REP.VP.2012.TOOMEY,Pat Toomey to be Republican VP nominee in 2012,1,1.0,Dec/02/2011 17:34:50
754063,REP.VP.2012.TOOMEY,Pat Toomey to be Republican VP nominee in 2012,250,1.0,Dec/02/2011 17:34:50
754063,REP.VP.2012.TOOMEY,Pat Toomey to be Republican VP nominee in 2012,51,1.0,Dec/02/2011 17:34:50
754063,REP.VP.2012.TOOMEY,Pat Toomey to be Republican VP nominee in 2012,50,1.0,Dec/05/2011 13:54:52
754063,REP.VP.2012.TOOMEY,Pat Toomey to be Republican VP nominee in 2012,1,1.0,Dec/05/2011 13:54:52
754063,REP.VP.2012.TOOMEY,Pat Toomey to be Republican VP nominee in 2012,1,1.5,Dec/05/2011 23:20:20
754063,REP.VP.2012.TOOMEY,Pat Toomey to be Republican VP nominee in 2012,30,1.5,Dec/05/2011 23:20:20
754063,REP.VP.2012.TOOMEY,Pat Toomey to be Republican VP nominee in 2012,2,2.0,Dec/05/2011 23:46:04
754063,REP.VP.2012.TOOMEY,Pat Toomey to be Republican VP nominee in 2012,50,2.0,Dec/05/2011 23:46:04
754063,REP.VP.2012.TOOMEY,Pat Toomey to be Republican VP nominee in 2012,1,1.5,Dec/08/2011 14:57:34
754063,REP.VP.2012.TOOMEY,Pat Toomey to be Republican VP nominee in 2012,50,1.5,Dec/08/2011 14:57:34
754063,REP.VP.2012.TOOMEY,Pat Toomey to be Republican VP nominee in 2012,100,1.5,Dec/08/2011 14:57:34
754063,REP.VP.2012.TOOMEY,Pat Toomey to be Republican VP nominee in 2012,50,1.5,Dec/11/2011 23:49:34
754063,REP.VP.2012.TOOMEY,Pat Toomey to be Republican VP nominee in 2012,100,1.5,Dec/14/2011 03:56:38
754063,REP.VP.2012.TOOMEY,Pat Toomey to be Republican VP nominee in 2012,1,1.5,Dec/14/2011 04:33:21
754063,REP.VP.2012.TOOMEY,Pat Toomey to be Republican VP nominee in 2012,1,1.8,Dec/14/2011 04:33:37
754063,REP.VP.2012.TOOMEY,Pat Toomey to be Republican VP nominee in 2012,3,1.8,Dec/14/2011 04:33:37
754063,REP.VP.2012.TOOMEY,Pat Toomey to be Republican VP nominee in 2012,1,1.9,Dec/14/2011 04:33:57
754063,REP.VP.2012.TOOMEY,Pat Toomey to be Republican VP nominee in 2012,100,1.9,Dec/14/2011 04:33:57
754063,REP.VP.2012.TOOMEY,Pat Toomey to be Republican VP nominee in 2012,1,1.9,Dec/14/2011 04:33:57
754063,REP.VP.2012.TOOMEY,Pat Toomey to be Republican VP nominee in 2012,100,2.0,Dec/14/2011 04:34:12
754063,REP.VP.2012.TOOMEY,Pat Toomey to be Republican VP nominee in 2012,30,2.0,Dec/23/2011 19:03:46
754063,REP.VP.2012.TOOMEY,Pat Toomey to be Republican VP nominee in 2012,1,2.0,Dec/23/2011 19:03:46
754063,REP.VP.2012.TOOMEY,Pat Toomey to be Republican VP nominee in 2012,1,1.0,Jan/04/2012 19:18:23
754063,REP.VP.2012.TOOMEY,Pat Toomey to be Republican VP nominee in 2012,4,1.3,Jan/04/2012 19:18:23
754063,REP.VP.2012.TOOMEY,Pat Toomey to be Republican VP nominee in 2012,5,0.9,Jan/04/2012 19:18:23
754063,REP.VP.2012.TOOMEY,Pat Toomey to be Republican VP nominee in 2012,9,0.9,Jan/04/2012 19:29:41
754063,REP.VP.2012.TOOMEY,Pat Toomey to be Republican VP nominee in 2012,10,1.0,Jan/05/2012 06:53:38
754063,REP.VP.2012.TOOMEY,Pat Toomey to be Republican VP nominee in 2012,4,0.9,Jan/17/2012 03:58:19
754063,REP.VP.2012.TOOMEY,Pat Toomey to be Republican VP nominee in 2012,1,0.9,Jan/18/2012 03:42:12
754063,REP.VP.2012.TOOMEY,Pat Toomey to be Republican VP nominee in 2012,30,0.9,Jan/18/2012 23:00:39
754063,REP.VP.2012.TOOMEY,Pat Toomey to be Republican VP nominee in 2012,1,0.6,Jan/21/2012 05:35:57
754063,REP.VP.2012.TOOMEY,Pat Toomey to be Republican VP nominee in 2012,2,0.5,Jan/21/2012 05:35:57
754063,REP.VP.2012.TOOMEY,Pat Toomey to be Republican VP nominee in 2012,27,0.5,Jan/22/2012 09:37:44
754063,REP.VP.2012.TOOMEY,Pat Toomey to be Republican VP nominee in 2012,1,0.5,Jan/22/2012 09:37:44
754063,REP.VP.2012.TOOMEY,Pat Toomey to be Republican VP nominee in 2012,30,0.5,Jan/23/2012 17:23:06
754063,REP.VP.2012.TOOMEY,Pat Toomey to be Republican VP nominee in 2012,80,0.5,Jan/24/2012 08:39:27
754063,REP.VP.2012.TOOMEY,Pat Toomey to be Republican VP nominee in 2012,100,0.4,Jan/25/2012 23:42:09
754063,REP.VP.2012.TOOMEY,Pat Toomey to be Republican VP nominee in 2012,3,0.3,Jan/25/2012 23:43:41
754063,REP.VP.2012.TOOMEY,Pat Toomey to be Republican VP nominee in 2012,97,0.3,Jan/26/2012 14:08:49
754063,REP.VP.2012.TOOMEY,Pat Toomey to be Republican VP nominee in 2012,1,0.3,Jan/26/2012 14:08:49
754063,REP.VP.2012.TOOMEY,Pat Toomey to be Republican VP nominee in 2012,10,0.4,Jan/27/2012 01:31:06
754063,REP.VP.2012.TOOMEY,Pat Toomey to be Republican VP nominee in 2012,50,0.3,Jan/27/2012 01:52:56
754063,REP.VP.2012.TOOMEY,Pat Toomey to be Republican VP nominee in 2012,75,0.3,Jan/27/2012 02:35:10
754063,REP.VP.2012.TOOMEY,Pat Toomey to be Republican VP nominee in 2012,100,0.3,Jan/27/2012 04:16:38
754063,REP.VP.2012.TOOMEY,Pat Toomey to be Republican VP nominee in 2012,25,0.3,Jan/27/2012 04:17:41
754063,REP.VP.2012.TOOMEY,Pat Toomey to be Republican VP nominee in 2012,10,0.4,Jan/28/2012 00:38:00
754063,REP.VP.2012.TOOMEY,Pat Toomey to be Republican VP nominee in 2012,10,0.3,Jan/28/2012 03:42:29
754063,REP.VP.2012.TOOMEY,Pat Toomey to be Republican VP nominee in 2012,1,0.3,Jan/29/2012 03:05:52
754063,REP.VP.2012.TOOMEY,Pat Toomey to be Republican VP nominee in 2012,15,0.3,Jan/29/2012 03:05:52
754063,REP.VP.2012.TOOMEY,Pat Toomey to be Republican VP nominee in 2012,25,0.3,Jan/29/2012 23:28:35
754063,REP.VP.2012.TOOMEY,Pat Toomey to be Republican VP nominee in 2012,1,0.3,Feb/01/2012 22:12:20
754063,REP.VP.2012.TOOMEY,Pat Toomey to be Republican VP nominee in 2012,50,0.3,Feb/01/2012 22:12:20
754063,REP.VP.2012.TOOMEY,Pat Toomey to be Republican VP nominee in 2012,50,0.3,Feb/01/2012 22:12:20
754063,REP.VP.2012.TOOMEY,Pat Toomey to be Republican VP nominee in 2012,49,0.3,Feb/01/2012 22:12:20
754063,REP.VP.2012.TOOMEY,Pat Toomey to be Republican VP nominee in 2012,50,0.3,Feb/01/2012 22:12:20
754063,REP.VP.2012.TOOMEY,Pat Toomey to be Republican VP nominee in 2012,25,0.3,Feb/02/2012 19:35:47
754063,REP.VP.2012.TOOMEY,Pat Toomey to be Republican VP nominee in 2012,1,0.3,Feb/02/2012 19:35:47
754063,REP.VP.2012.TOOMEY,Pat Toomey to be Republican VP nominee in 2012,65,0.4,Feb/04/2012 05:59:40
754063,REP.VP.2012.TOOMEY,Pat Toomey to be Republican VP nominee in 2012,25,0.3,Feb/04/2012 05:59:40
754063,REP.VP.2012.TOOMEY,Pat Toomey to be Republican VP nominee in 2012,50,0.3,Feb/04/2012 05:59:40
754063,REP.VP.2012.TOOMEY,Pat Toomey to be Republican VP nominee in 2012,1,0.3,Feb/04/2012 05:59:40
754063,REP.VP.2012.TOOMEY,Pat Toomey to be Republican VP nominee in 2012,50,0.4,Feb/04/2012 05:59:40
754063,REP.VP.2012.TOOMEY,Pat Toomey to be Republican VP nominee in 2012,15,0.4,Feb/05/2012 22:05:09
754063,REP.VP.2012.TOOMEY,Pat Toomey to be Republican VP nominee in 2012,1,0.4,Feb/05/2012 22:05:09
754063,REP.VP.2012.TOOMEY,Pat Toomey to be Republican VP nominee in 2012,19,0.3,Feb/07/2012 15:45:44
754063,REP.VP.2012.TOOMEY,Pat Toomey to be Republican VP nominee in 2012,50,0.4,Feb/08/2012 14:06:17
754063,REP.VP.2012.TOOMEY,Pat Toomey to be Republican VP nominee in 2012,1,0.4,Feb/08/2012 14:06:17
754063,REP.VP.2012.TOOMEY,Pat Toomey to be Republican VP nominee in 2012,49,0.4,Feb/08/2012 14:06:17
754063,REP.VP.2012.TOOMEY,Pat Toomey to be Republican VP nominee in 2012,1,0.3,Feb/13/2012 03:38:04
754063,REP.VP.2012.TOOMEY,Pat Toomey to be Republican VP nominee in 2012,1,0.4,Feb/13/2012 09:39:44
754063,REP.VP.2012.TOOMEY,Pat Toomey to be Republican VP nominee in 2012,1,0.4,Feb/13/2012 09:39:44
754063,REP.VP.2012.TOOMEY,Pat Toomey to be Republican VP nominee in 2012,114,0.3,Feb/13/2012 23:52:57
754063,REP.VP.2012.TOOMEY,Pat Toomey to be Republican VP nominee in 2012,1,0.3,Feb/14/2012 22:55:23
754063,REP.VP.2012.TOOMEY,Pat Toomey to be Republican VP nominee in 2012,36,0.3,Feb/14/2012 22:55:23
754063,REP.VP.2012.TOOMEY,Pat Toomey to be Republican VP nominee in 2012,1,0.5,Feb/14/2012 22:59:43
754063,REP.VP.2012.TOOMEY,Pat Toomey to be Republican VP nominee in 2012,50,0.5,Feb/14/2012 22:59:43
754063,REP.VP.2012.TOOMEY,Pat Toomey to be Republican VP nominee in 2012,5,0.5,Feb/14/2012 22:59:43
754063,REP.VP.2012.TOOMEY,Pat Toomey to be Republican VP nominee in 2012,4,0.4,Feb/14/2012 22:59:43
754063,REP.VP.2012.TOOMEY,Pat Toomey to be Republican VP nominee in 2012,50,0.5,Feb/14/2012 22:59:43
754063,REP.VP.2012.TOOMEY,Pat Toomey to be Republican VP nominee in 2012,20,0.5,Feb/14/2012 22:59:43
754063,REP.VP.2012.TOOMEY,Pat Toomey to be Republican VP nominee in 2012,12,0.2,Feb/22/2012 06:21:22
754063,REP.VP.2012.TOOMEY,Pat Toomey to be Republican VP nominee in 2012,1,0.3,Feb/23/2012 06:52:58
754063,REP.VP.2012.TOOMEY,Pat Toomey to be Republican VP nominee in 2012,25,0.3,Feb/23/2012 06:52:58
754063,REP.VP.2012.TOOMEY,Pat Toomey to be Republican VP nominee in 2012,25,0.4,Feb/24/2012 17:40:29
754063,REP.VP.2012.TOOMEY,Pat Toomey to be Republican VP nominee in 2012,1,0.4,Feb/24/2012 17:40:29
754063,REP.VP.2012.TOOMEY,Pat Toomey to be Republican VP nominee in 2012,50,0.4,Feb/24/2012 17:40:29
754063,REP.VP.2012.TOOMEY,Pat Toomey to be Republican VP nominee in 2012,1,0.4,Mar/04/2012 20:13:45
754063,REP.VP.2012.TOOMEY,Pat Toomey to be Republican VP nominee in 2012,50,0.4,Mar/04/2012 20:13:45
754063,REP.VP.2012.TOOMEY,Pat Toomey to be Republican VP nominee in 2012,45,0.2,Mar/07/2012 22:42:59
754063,REP.VP.2012.TOOMEY,Pat Toomey to be Republican VP nominee in 2012,6,0.2,Mar/08/2012 02:33:27
754063,REP.VP.2012.TOOMEY,Pat Toomey to be Republican VP nominee in 2012,4,0.2,Mar/08/2012 02:33:49
754063,REP.VP.2012.TOOMEY,Pat Toomey to be Republican VP nominee in 2012,50,0.3,Mar/08/2012 14:50:03
754063,REP.VP.2012.TOOMEY,Pat Toomey to be Republican VP nominee in 2012,1,0.3,Mar/08/2012 14:50:03
754063,REP.VP.2012.TOOMEY,Pat Toomey to be Republican VP nominee in 2012,25,0.3,Mar/08/2012 14:50:03
754063,REP.VP.2012.TOOMEY,Pat Toomey to be Republican VP nominee in 2012,50,0.3,Mar/08/2012 14:50:03
754063,REP.VP.2012.TOOMEY,Pat Toomey to be Republican VP nominee in 2012,50,0.3,Mar/08/2012 14:50:03
754063,REP.VP.2012.TOOMEY,Pat Toomey to be Republican VP nominee in 2012,50,0.3,Mar/08/2012 14:50:03
754063,REP.VP.2012.TOOMEY,Pat Toomey to be Republican VP nominee in 2012,50,0.3,Mar/08/2012 14:50:03
754063,REP.VP.2012.TOOMEY,Pat Toomey to be Republican VP nominee in 2012,1,0.4,Mar/09/2012 04:36:28
754063,REP.VP.2012.TOOMEY,Pat Toomey to be Republican VP nominee in 2012,50,0.4,Mar/09/2012 04:36:28
754063,REP.VP.2012.TOOMEY,Pat Toomey to be Republican VP nominee in 2012,50,0.5,Mar/10/2012 13:04:23
754063,REP.VP.2012.TOOMEY,Pat Toomey to be Republican VP nominee in 2012,50,0.5,Mar/10/2012 13:04:23
754063,REP.VP.2012.TOOMEY,Pat Toomey to be Republican VP nominee in 2012,50,0.5,Mar/10/2012 13:04:23
754063,REP.VP.2012.TOOMEY,Pat Toomey to be Republican VP nominee in 2012,50,0.4,Mar/10/2012 13:04:23
754063,REP.VP.2012.TOOMEY,Pat Toomey to be Republican VP nominee in 2012,1,0.4,Mar/10/2012 13:04:23
754063,REP.VP.2012.TOOMEY,Pat Toomey to be Republican VP nominee in 2012,34,0.5,Mar/12/2012 16:14:32
754063,REP.VP.2012.TOOMEY,Pat Toomey to be Republican VP nominee in 2012,1,0.5,Mar/12/2012 16:14:32
754063,REP.VP.2012.TOOMEY,Pat Toomey to be Republican VP nominee in 2012,50,0.5,Mar/15/2012 03:29:48
754063,REP.VP.2012.TOOMEY,Pat Toomey to be Republican VP nominee in 2012,1,0.5,Mar/15/2012 03:29:48
754063,REP.VP.2012.TOOMEY,Pat Toomey to be Republican VP nominee in 2012,1,0.3,Mar/15/2012 14:42:35
754063,REP.VP.2012.TOOMEY,Pat Toomey to be Republican VP nominee in 2012,1,0.4,Mar/15/2012 14:52:04
754063,REP.VP.2012.TOOMEY,Pat Toomey to be Republican VP nominee in 2012,50,0.5,Mar/17/2012 17:35:30
754063,REP.VP.2012.TOOMEY,Pat Toomey to be Republican VP nominee in 2012,2,0.4,Mar/17/2012 17:35:30
754063,REP.VP.2012.TOOMEY,Pat Toomey to be Republican VP nominee in 2012,50,0.5,Mar/17/2012 17:35:30
754063,REP.VP.2012.TOOMEY,Pat Toomey to be Republican VP nominee in 2012,1,0.4,Mar/17/2012 17:35:30
754063,REP.VP.2012.TOOMEY,Pat Toomey to be Republican VP nominee in 2012,40,0.5,Mar/17/2012 17:35:30
754063,REP.VP.2012.TOOMEY,Pat Toomey to be Republican VP nominee in 2012,9,0.4,Mar/17/2012 17:35:30
754063,REP.VP.2012.TOOMEY,Pat Toomey to be Republican VP nominee in 2012,1,0.5,Mar/19/2012 08:58:29
754063,REP.VP.2012.TOOMEY,Pat Toomey to be Republican VP nominee in 2012,2,0.5,Mar/19/2012 08:58:29
754063,REP.VP.2012.TOOMEY,Pat Toomey to be Republican VP nominee in 2012,1,0.5,Mar/22/2012 20:35:34
754063,REP.VP.2012.TOOMEY,Pat Toomey to be Republican VP nominee in 2012,50,0.5,Mar/22/2012 20:35:34
754063,REP.VP.2012.TOOMEY,Pat Toomey to be Republican VP nominee in 2012,200,0.5,Mar/22/2012 20:35:34
754063,REP.VP.2012.TOOMEY,Pat Toomey to be Republican VP nominee in 2012,2,0.4,Mar/23/2012 13:41:52
754063,REP.VP.2012.TOOMEY,Pat Toomey to be Republican VP nominee in 2012,8,0.4,Mar/23/2012 13:59:23
754063,REP.VP.2012.TOOMEY,Pat Toomey to be Republican VP nominee in 2012,3,0.4,Mar/23/2012 14:00:25
754063,REP.VP.2012.TOOMEY,Pat Toomey to be Republican VP nominee in 2012,1,0.4,Mar/23/2012 14:02:28
754063,REP.VP.2012.TOOMEY,Pat Toomey to be Republican VP nominee in 2012,1,0.4,Mar/23/2012 14:06:16
754063,REP.VP.2012.TOOMEY,Pat Toomey to be Republican VP nominee in 2012,1,0.7,Mar/24/2012 17:22:51
754063,REP.VP.2012.TOOMEY,Pat Toomey to be Republican VP nominee in 2012,1,0.5,Mar/24/2012 17:22:51
754063,REP.VP.2012.TOOMEY,Pat Toomey to be Republican VP nominee in 2012,100,0.5,Mar/24/2012 17:22:51
754063,REP.VP.2012.TOOMEY,Pat Toomey to be Republican VP nominee in 2012,50,0.6,Mar/24/2012 17:22:51
754063,REP.VP.2012.TOOMEY,Pat Toomey to be Republican VP nominee in 2012,2,0.6,Mar/24/2012 17:22:51
754063,REP.VP.2012.TOOMEY,Pat Toomey to be Republican VP nominee in 2012,50,0.7,Mar/24/2012 17:22:51
754063,REP.VP.2012.TOOMEY,Pat Toomey to be Republican VP nominee in 2012,20,0.7,Mar/24/2012 17:22:51
754063,REP.VP.2012.TOOMEY,Pat Toomey to be Republican VP nominee in 2012,10,0.7,Mar/24/2012 17:22:51
754063,REP.VP.2012.TOOMEY,Pat Toomey to be Republican VP nominee in 2012,10,0.6,Mar/24/2012 17:22:51
754063,REP.VP.2012.TOOMEY,Pat Toomey to be Republican VP nominee in 2012,50,1.0,Mar/24/2012 17:43:40
754063,REP.VP.2012.TOOMEY,Pat Toomey to be Republican VP nominee in 2012,50,0.9,Mar/24/2012 17:43:40
754063,REP.VP.2012.TOOMEY,Pat Toomey to be Republican VP nominee in 2012,50,1.0,Mar/24/2012 17:43:40
754063,REP.VP.2012.TOOMEY,Pat Toomey to be Republican VP nominee in 2012,100,1.0,Mar/24/2012 17:43:40
754063,REP.VP.2012.TOOMEY,Pat Toomey to be Republican VP nominee in 2012,10,1.0,Mar/24/2012 17:43:40
754063,REP.VP.2012.TOOMEY,Pat Toomey to be Republican VP nominee in 2012,1,0.8,Mar/24/2012 17:43:40
754063,REP.VP.2012.TOOMEY,Pat Toomey to be Republican VP nominee in 2012,50,1.0,Mar/24/2012 17:43:40
754063,REP.VP.2012.TOOMEY,Pat Toomey to be Republican VP nominee in 2012,10,0.9,Mar/24/2012 17:43:40
754063,REP.VP.2012.TOOMEY,Pat Toomey to be Republican VP nominee in 2012,45,1.0,Mar/24/2012 17:43:40
754063,REP.VP.2012.TOOMEY,Pat Toomey to be Republican VP nominee in 2012,50,1.0,Mar/24/2012 17:43:40
754063,REP.VP.2012.TOOMEY,Pat Toomey to be Republican VP nominee in 2012,10,1.0,Mar/24/2012 17:43:40
754063,REP.VP.2012.TOOMEY,Pat Toomey to be Republican VP nominee in 2012,50,1.0,Mar/24/2012 17:43:40
754063,REP.VP.2012.TOOMEY,Pat Toomey to be Republican VP nominee in 2012,10,0.9,Mar/24/2012 17:43:40
754063,REP.VP.2012.TOOMEY,Pat Toomey to be Republican VP nominee in 2012,20,0.8,Mar/24/2012 17:43:40
754063,REP.VP.2012.TOOMEY,Pat Toomey to be Republican VP nominee in 2012,1,1.0,Mar/24/2012 18:17:07
754063,REP.VP.2012.TOOMEY,Pat Toomey to be Republican VP nominee in 2012,90,1.0,Mar/24/2012 18:17:07
754063,REP.VP.2012.TOOMEY,Pat Toomey to be Republican VP nominee in 2012,1,1.4,Mar/24/2012 18:17:07
754063,REP.VP.2012.TOOMEY,Pat Toomey to be Republican VP nominee in 2012,1,1.2,Mar/24/2012 18:17:07
754063,REP.VP.2012.TOOMEY,Pat Toomey to be Republican VP nominee in 2012,15,1.2,Mar/24/2012 18:17:07
754063,REP.VP.2012.TOOMEY,Pat Toomey to be Republican VP nominee in 2012,15,1.1,Mar/24/2012 18:17:07
754063,REP.VP.2012.TOOMEY,Pat Toomey to be Republican VP nominee in 2012,50,1.5,Mar/24/2012 18:17:07
754063,REP.VP.2012.TOOMEY,Pat Toomey to be Republican VP nominee in 2012,20,1.3,Mar/24/2012 18:17:07
754063,REP.VP.2012.TOOMEY,Pat Toomey to be Republican VP nominee in 2012,20,1.4,Mar/24/2012 18:17:07
754063,REP.VP.2012.TOOMEY,Pat Toomey to be Republican VP nominee in 2012,50,1.5,Mar/24/2012 18:17:07
754063,REP.VP.2012.TOOMEY,Pat Toomey to be Republican VP nominee in 2012,35,1.5,Mar/24/2012 18:21:19
754063,REP.VP.2012.TOOMEY,Pat Toomey to be Republican VP nominee in 2012,92,1.5,Mar/24/2012 23:09:04
754063,REP.VP.2012.TOOMEY,Pat Toomey to be Republican VP nominee in 2012,1,1.6,Mar/25/2012 01:08:42
754063,REP.VP.2012.TOOMEY,Pat Toomey to be Republican VP nominee in 2012,50,1.5,Mar/25/2012 05:29:18
754063,REP.VP.2012.TOOMEY,Pat Toomey to be Republican VP nominee in 2012,24,1.6,Mar/25/2012 05:43:54
754063,REP.VP.2012.TOOMEY,Pat Toomey to be Republican VP nominee in 2012,1,1.6,Mar/25/2012 05:43:54
754063,REP.VP.2012.TOOMEY,Pat Toomey to be Republican VP nominee in 2012,12,0.9,Mar/25/2012 15:11:17
754063,REP.VP.2012.TOOMEY,Pat Toomey to be Republican VP nominee in 2012,25,1.1,Mar/25/2012 22:17:36
754063,REP.VP.2012.TOOMEY,Pat Toomey to be Republican VP nominee in 2012,20,1.0,Mar/26/2012 00:25:01
754063,REP.VP.2012.TOOMEY,Pat Toomey to be Republican VP nominee in 2012,1,1.2,Mar/26/2012 07:27:04
754063,REP.VP.2012.TOOMEY,Pat Toomey to be Republican VP nominee in 2012,25,1.2,Mar/26/2012 07:27:04
754063,REP.VP.2012.TOOMEY,Pat Toomey to be Republican VP nominee in 2012,20,1.2,Mar/27/2012 02:23:52
754063,REP.VP.2012.TOOMEY,Pat Toomey to be Republican VP nominee in 2012,1,1.2,Mar/27/2012 02:23:52
754063,REP.VP.2012.TOOMEY,Pat Toomey to be Republican VP nominee in 2012,1,1.1,Mar/27/2012 14:09:32
754063,REP.VP.2012.TOOMEY,Pat Toomey to be Republican VP nominee in 2012,2,1.1,Mar/27/2012 14:09:54
754063,REP.VP.2012.TOOMEY,Pat Toomey to be Republican VP nominee in 2012,1,1.1,Mar/27/2012 14:13:06
754063,REP.VP.2012.TOOMEY,Pat Toomey to be Republican VP nominee in 2012,1,1.1,Mar/27/2012 14:38:19
754063,REP.VP.2012.TOOMEY,Pat Toomey to be Republican VP nominee in 2012,5,1.1,Mar/27/2012 14:46:12
754063,REP.VP.2012.TOOMEY,Pat Toomey to be Republican VP nominee in 2012,3,1.1,Mar/27/2012 14:47:16
754063,REP.VP.2012.TOOMEY,Pat Toomey to be Republican VP nominee in 2012,2,1.1,Mar/27/2012 14:48:20
754063,REP.VP.2012.TOOMEY,Pat Toomey to be Republican VP nominee in 2012,3,1.1,Mar/27/2012 14:49:12
754063,REP.VP.2012.TOOMEY,Pat Toomey to be Republican VP nominee in 2012,7,1.1,Mar/27/2012 14:51:34
754063,REP.VP.2012.TOOMEY,Pat Toomey to be Republican VP nominee in 2012,7,1.1,Mar/27/2012 14:52:06
754063,REP.VP.2012.TOOMEY,Pat Toomey to be Republican VP nominee in 2012,8,1.1,Mar/27/2012 14:52:26
754063,REP.VP.2012.TOOMEY,Pat Toomey to be Republican VP nominee in 2012,8,1.0,Mar/27/2012 14:52:57
754063,REP.VP.2012.TOOMEY,Pat Toomey to be Republican VP nominee in 2012,2,1.0,Mar/27/2012 14:53:18
754063,REP.VP.2012.TOOMEY,Pat Toomey to be Republican VP nominee in 2012,1,1.0,Mar/27/2012 14:53:49
754063,REP.VP.2012.TOOMEY,Pat Toomey to be Republican VP nominee in 2012,9,1.0,Mar/27/2012 14:55:05
754063,REP.VP.2012.TOOMEY,Pat Toomey to be Republican VP nominee in 2012,6,1.0,Mar/27/2012 14:56:24
754063,REP.VP.2012.TOOMEY,Pat Toomey to be Republican VP nominee in 2012,4,1.0,Mar/27/2012 14:56:47
754063,REP.VP.2012.TOOMEY,Pat Toomey to be Republican VP nominee in 2012,9,0.9,Mar/27/2012 14:58:31
754063,REP.VP.2012.TOOMEY,Pat Toomey to be Republican VP nominee in 2012,5,0.9,Mar/27/2012 14:58:54
754063,REP.VP.2012.TOOMEY,Pat Toomey to be Republican VP nominee in 2012,3,0.9,Mar/27/2012 14:59:57
754063,REP.VP.2012.TOOMEY,Pat Toomey to be Republican VP nominee in 2012,1,0.9,Mar/27/2012 15:20:34
754063,REP.VP.2012.TOOMEY,Pat Toomey to be Republican VP nominee in 2012,1,0.9,Mar/27/2012 15:52:39
754063,REP.VP.2012.TOOMEY,Pat Toomey to be Republican VP nominee in 2012,1,0.9,Mar/27/2012 16:06:11
754063,REP.VP.2012.TOOMEY,Pat Toomey to be Republican VP nominee in 2012,3,0.9,Mar/27/2012 19:03:52
754063,REP.VP.2012.TOOMEY,Pat Toomey to be Republican VP nominee in 2012,5,0.6,Mar/27/2012 23:44:35
754063,REP.VP.2012.TOOMEY,Pat Toomey to be Republican VP nominee in 2012,15,0.9,Mar/27/2012 23:44:35
754063,REP.VP.2012.TOOMEY,Pat Toomey to be Republican VP nominee in 2012,1,0.8,Mar/28/2012 14:42:51
754063,REP.VP.2012.TOOMEY,Pat Toomey to be Republican VP nominee in 2012,25,0.8,Mar/28/2012 14:42:51
754063,REP.VP.2012.TOOMEY,Pat Toomey to be Republican VP nominee in 2012,20,0.6,Mar/28/2012 16:15:07
754063,REP.VP.2012.TOOMEY,Pat Toomey to be Republican VP nominee in 2012,6,0.9,Mar/30/2012 01:52:35
754063,REP.VP.2012.TOOMEY,Pat Toomey to be Republican VP nominee in 2012,1,0.9,Mar/30/2012 01:52:35
754063,REP.VP.2012.TOOMEY,Pat Toomey to be Republican VP nominee in 2012,100,1.0,Mar/30/2012 01:53:00
754063,REP.VP.2012.TOOMEY,Pat Toomey to be Republican VP nominee in 2012,50,1.0,Mar/30/2012 01:53:00
754063,REP.VP.2012.TOOMEY,Pat Toomey to be Republican VP nominee in 2012,1,1.2,Apr/01/2012 05:05:34
754063,REP.VP.2012.TOOMEY,Pat Toomey to be Republican VP nominee in 2012,50,1.0,Apr/01/2012 17:59:17
754063,REP.VP.2012.TOOMEY,Pat Toomey to be Republican VP nominee in 2012,1,1.2,Apr/03/2012 20:21:05
754063,REP.VP.2012.TOOMEY,Pat Toomey to be Republican VP nominee in 2012,20,1.1,Apr/03/2012 20:46:37
754063,REP.VP.2012.TOOMEY,Pat Toomey to be Republican VP nominee in 2012,5,1.2,Apr/04/2012 04:15:32
754063,REP.VP.2012.TOOMEY,Pat Toomey to be Republican VP nominee in 2012,5,1.1,Apr/04/2012 16:12:03
754063,REP.VP.2012.TOOMEY,Pat Toomey to be Republican VP nominee in 2012,25,1.1,Apr/04/2012 16:23:45
754063,REP.VP.2012.TOOMEY,Pat Toomey to be Republican VP nominee in 2012,25,1.1,Apr/04/2012 16:23:45
754063,REP.VP.2012.TOOMEY,Pat Toomey to be Republican VP nominee in 2012,50,1.1,Apr/04/2012 16:31:10
754063,REP.VP.2012.TOOMEY,Pat Toomey to be Republican VP nominee in 2012,20,1.1,Apr/04/2012 17:00:55
754063,REP.VP.2012.TOOMEY,Pat Toomey to be Republican VP nominee in 2012,5,1.1,Apr/04/2012 17:04:39
754063,REP.VP.2012.TOOMEY,Pat Toomey to be Republican VP nominee in 2012,1,1.1,Apr/04/2012 17:50:45
754063,REP.VP.2012.TOOMEY,Pat Toomey to be Republican VP nominee in 2012,45,1.1,Apr/04/2012 17:50:45
754063,REP.VP.2012.TOOMEY,Pat Toomey to be Republican VP nominee in 2012,50,1.1,Apr/05/2012 03:42:13
754063,REP.VP.2012.TOOMEY,Pat Toomey to be Republican VP nominee in 2012,20,1.1,Apr/05/2012 03:42:13
754063,REP.VP.2012.TOOMEY,Pat Toomey to be Republican VP nominee in 2012,1,1.1,Apr/05/2012 03:42:13
754063,REP.VP.2012.TOOMEY,Pat Toomey to be Republican VP nominee in 2012,31,1.1,Apr/06/2012 16:21:28
754063,REP.VP.2012.TOOMEY,Pat Toomey to be Republican VP nominee in 2012,1,1.1,Apr/06/2012 19:22:31
754063,REP.VP.2012.TOOMEY,Pat Toomey to be Republican VP nominee in 2012,43,1.2,Apr/06/2012 19:22:31
754063,REP.VP.2012.TOOMEY,Pat Toomey to be Republican VP nominee in 2012,69,1.1,Apr/06/2012 19:22:31
754063,REP.VP.2012.TOOMEY,Pat Toomey to be Republican VP nominee in 2012,50,1.1,Apr/07/2012 11:15:41
754063,REP.VP.2012.TOOMEY,Pat Toomey to be Republican VP nominee in 2012,6,1.0,Apr/07/2012 18:24:21
754063,REP.VP.2012.TOOMEY,Pat Toomey to be Republican VP nominee in 2012,50,1.1,Apr/07/2012 18:56:56
754063,REP.VP.2012.TOOMEY,Pat Toomey to be Republican VP nominee in 2012,20,1.1,Apr/07/2012 20:28:40
754063,REP.VP.2012.TOOMEY,Pat Toomey to be Republican VP nominee in 2012,50,1.1,Apr/08/2012 02:15:52
754063,REP.VP.2012.TOOMEY,Pat Toomey to be Republican VP nominee in 2012,200,1.1,Apr/09/2012 01:39:52
754063,REP.VP.2012.TOOMEY,Pat Toomey to be Republican VP nominee in 2012,1,1.4,Apr/09/2012 06:08:35
754063,REP.VP.2012.TOOMEY,Pat Toomey to be Republican VP nominee in 2012,1,1.2,Apr/09/2012 06:08:35
754063,REP.VP.2012.TOOMEY,Pat Toomey to be Republican VP nominee in 2012,4,1.2,Apr/09/2012 06:08:35
754063,REP.VP.2012.TOOMEY,Pat Toomey to be Republican VP nominee in 2012,5,1.4,Apr/09/2012 06:08:35
754063,REP.VP.2012.TOOMEY,Pat Toomey to be Republican VP nominee in 2012,25,1.2,Apr/09/2012 06:08:35
754063,REP.VP.2012.TOOMEY,Pat Toomey to be Republican VP nominee in 2012,9,1.5,Apr/09/2012 06:08:35
754063,REP.VP.2012.TOOMEY,Pat Toomey to be Republican VP nominee in 2012,5,1.4,Apr/09/2012 06:08:35
754063,REP.VP.2012.TOOMEY,Pat Toomey to be Republican VP nominee in 2012,50,1.5,Apr/09/2012 06:08:35
754063,REP.VP.2012.TOOMEY,Pat Toomey to be Republican VP nominee in 2012,50,1.5,Apr/09/2012 06:08:35
754063,REP.VP.2012.TOOMEY,Pat Toomey to be Republican VP nominee in 2012,50,1.5,Apr/09/2012 06:08:35
754063,REP.VP.2012.TOOMEY,Pat Toomey to be Republican VP nominee in 2012,41,1.5,Apr/09/2012 06:08:52
754063,REP.VP.2012.TOOMEY,Pat Toomey to be Republican VP nominee in 2012,1,1.4,Apr/09/2012 13:56:12
754063,REP.VP.2012.TOOMEY,Pat Toomey to be Republican VP nominee in 2012,5,1.4,Apr/09/2012 14:23:17
754063,REP.VP.2012.TOOMEY,Pat Toomey to be Republican VP nominee in 2012,5,1.4,Apr/09/2012 14:23:38
754063,REP.VP.2012.TOOMEY,Pat Toomey to be Republican VP nominee in 2012,5,1.3,Apr/09/2012 14:26:48
754063,REP.VP.2012.TOOMEY,Pat Toomey to be Republican VP nominee in 2012,4,1.3,Apr/09/2012 14:32:03
754063,REP.VP.2012.TOOMEY,Pat Toomey to be Republican VP nominee in 2012,13,1.3,Apr/09/2012 14:32:34
754063,REP.VP.2012.TOOMEY,Pat Toomey to be Republican VP nominee in 2012,5,1.2,Apr/09/2012 14:32:34
754063,REP.VP.2012.TOOMEY,Pat Toomey to be Republican VP nominee in 2012,50,1.3,Apr/09/2012 16:49:44
754063,REP.VP.2012.TOOMEY,Pat Toomey to be Republican VP nominee in 2012,30,1.4,Apr/10/2012 12:29:14
754063,REP.VP.2012.TOOMEY,Pat Toomey to be Republican VP nominee in 2012,50,1.5,Apr/10/2012 14:35:51
754063,REP.VP.2012.TOOMEY,Pat Toomey to be Republican VP nominee in 2012,500,1.5,Apr/10/2012 18:55:58
754063,REP.VP.2012.TOOMEY,Pat Toomey to be Republican VP nominee in 2012,11,1.1,Apr/11/2012 18:39:58
754063,REP.VP.2012.TOOMEY,Pat Toomey to be Republican VP nominee in 2012,22,1.0,Apr/11/2012 18:40:12
754063,REP.VP.2012.TOOMEY,Pat Toomey to be Republican VP nominee in 2012,94,1.0,Apr/11/2012 18:40:12
754063,REP.VP.2012.TOOMEY,Pat Toomey to be Republican VP nominee in 2012,1,0.9,Apr/11/2012 19:35:08
754063,REP.VP.2012.TOOMEY,Pat Toomey to be Republican VP nominee in 2012,3,0.9,Apr/11/2012 19:36:53
754063,REP.VP.2012.TOOMEY,Pat Toomey to be Republican VP nominee in 2012,2,1.0,Apr/11/2012 22:33:34
754063,REP.VP.2012.TOOMEY,Pat Toomey to be Republican VP nominee in 2012,1,1.0,Apr/11/2012 22:36:19
754063,REP.VP.2012.TOOMEY,Pat Toomey to be Republican VP nominee in 2012,30,1.0,Apr/12/2012 01:39:31
754063,REP.VP.2012.TOOMEY,Pat Toomey to be Republican VP nominee in 2012,22,0.9,Apr/12/2012 02:21:24
754063,REP.VP.2012.TOOMEY,Pat Toomey to be Republican VP nominee in 2012,1,1.0,Apr/12/2012 14:35:12
754063,REP.VP.2012.TOOMEY,Pat Toomey to be Republican VP nominee in 2012,1,1.0,Apr/12/2012 14:35:12
754063,REP.VP.2012.TOOMEY,Pat Toomey to be Republican VP nominee in 2012,98,1.0,Apr/12/2012 14:35:12
754063,REP.VP.2012.TOOMEY,Pat Toomey to be Republican VP nominee in 2012,1,0.9,Apr/13/2012 16:26:19
754063,REP.VP.2012.TOOMEY,Pat Toomey to be Republican VP nominee in 2012,3,0.9,Apr/13/2012 17:06:25
754063,REP.VP.2012.TOOMEY,Pat Toomey to be Republican VP nominee in 2012,1,0.9,Apr/13/2012 17:06:25
754063,REP.VP.2012.TOOMEY,Pat Toomey to be Republican VP nominee in 2012,2,1.0,Apr/13/2012 19:32:26
754063,REP.VP.2012.TOOMEY,Pat Toomey to be Republican VP nominee in 2012,48,1.0,Apr/13/2012 19:32:26
754063,REP.VP.2012.TOOMEY,Pat Toomey to be Republican VP nominee in 2012,1,1.0,Apr/13/2012 19:32:50
754063,REP.VP.2012.TOOMEY,Pat Toomey to be Republican VP nominee in 2012,41,1.0,Apr/13/2012 19:32:50
754063,REP.VP.2012.TOOMEY,Pat Toomey to be Republican VP nominee in 2012,22,1.1,Apr/14/2012 05:59:12
754063,REP.VP.2012.TOOMEY,Pat Toomey to be Republican VP nominee in 2012,33,1.0,Apr/14/2012 05:59:12
754063,REP.VP.2012.TOOMEY,Pat Toomey to be Republican VP nominee in 2012,4,1.0,Apr/14/2012 13:11:51
754063,REP.VP.2012.TOOMEY,Pat Toomey to be Republican VP nominee in 2012,1,0.9,Apr/17/2012 02:30:36
754063,REP.VP.2012.TOOMEY,Pat Toomey to be Republican VP nominee in 2012,3,0.8,Apr/18/2012 15:55:09
754063,REP.VP.2012.TOOMEY,Pat Toomey to be Republican VP nominee in 2012,1,0.8,Apr/18/2012 17:09:50
754063,REP.VP.2012.TOOMEY,Pat Toomey to be Republican VP nominee in 2012,47,0.8,Apr/18/2012 17:09:50
754063,REP.VP.2012.TOOMEY,Pat Toomey to be Republican VP nominee in 2012,50,0.9,Apr/18/2012 17:09:50
754063,REP.VP.2012.TOOMEY,Pat Toomey to be Republican VP nominee in 2012,50,1.0,Apr/18/2012 17:09:50
754063,REP.VP.2012.TOOMEY,Pat Toomey to be Republican VP nominee in 2012,1,0.9,Apr/18/2012 17:09:50
754063,REP.VP.2012.TOOMEY,Pat Toomey to be Republican VP nominee in 2012,19,0.9,Apr/18/2012 17:09:50
754063,REP.VP.2012.TOOMEY,Pat Toomey to be Republican VP nominee in 2012,1,1.0,Apr/18/2012 17:09:50
754063,REP.VP.2012.TOOMEY,Pat Toomey to be Republican VP nominee in 2012,41,1.0,Apr/18/2012 17:09:50
754063,REP.VP.2012.TOOMEY,Pat Toomey to be Republican VP nominee in 2012,100,1.0,Apr/19/2012 21:12:42
754063,REP.VP.2012.TOOMEY,Pat Toomey to be Republican VP nominee in 2012,1,0.9,Apr/20/2012 21:32:56
754063,REP.VP.2012.TOOMEY,Pat Toomey to be Republican VP nominee in 2012,4,0.9,Apr/21/2012 04:05:23
754063,REP.VP.2012.TOOMEY,Pat Toomey to be Republican VP nominee in 2012,1,0.9,Apr/21/2012 06:01:39
754063,REP.VP.2012.TOOMEY,Pat Toomey to be Republican VP nominee in 2012,2,0.9,Apr/21/2012 06:19:25
754063,REP.VP.2012.TOOMEY,Pat Toomey to be Republican VP nominee in 2012,1,0.9,Apr/21/2012 07:23:13
754063,REP.VP.2012.TOOMEY,Pat Toomey to be Republican VP nominee in 2012,100,1.0,Apr/21/2012 15:01:06
754063,REP.VP.2012.TOOMEY,Pat Toomey to be Republican VP nominee in 2012,1,1.0,Apr/21/2012 15:01:06
754063,REP.VP.2012.TOOMEY,Pat Toomey to be Republican VP nominee in 2012,4,1.0,Apr/21/2012 15:01:06
754063,REP.VP.2012.TOOMEY,Pat Toomey to be Republican VP nominee in 2012,4,1.0,Apr/21/2012 15:01:06
754063,REP.VP.2012.TOOMEY,Pat Toomey to be Republican VP nominee in 2012,1,1.1,Apr/21/2012 15:12:49
754063,REP.VP.2012.TOOMEY,Pat Toomey to be Republican VP nominee in 2012,1,1.1,Apr/21/2012 15:12:49
754063,REP.VP.2012.TOOMEY,Pat Toomey to be Republican VP nominee in 2012,1,1.2,Apr/22/2012 19:24:54
754063,REP.VP.2012.TOOMEY,Pat Toomey to be Republican VP nominee in 2012,1,1.2,Apr/22/2012 19:24:54
754063,REP.VP.2012.TOOMEY,Pat Toomey to be Republican VP nominee in 2012,198,1.3,Apr/22/2012 19:24:54
754063,REP.VP.2012.TOOMEY,Pat Toomey to be Republican VP nominee in 2012,1,1.2,Apr/23/2012 04:09:37
754063,REP.VP.2012.TOOMEY,Pat Toomey to be Republican VP nominee in 2012,1,1.2,Apr/23/2012 04:09:37
754063,REP.VP.2012.TOOMEY,Pat Toomey to be Republican VP nominee in 2012,9,1.1,Apr/23/2012 15:19:40
754063,REP.VP.2012.TOOMEY,Pat Toomey to be Republican VP nominee in 2012,1,1.3,Apr/23/2012 20:51:59
754063,REP.VP.2012.TOOMEY,Pat Toomey to be Republican VP nominee in 2012,1,1.2,Apr/24/2012 02:49:53
754063,REP.VP.2012.TOOMEY,Pat Toomey to be Republican VP nominee in 2012,81,1.1,Apr/24/2012 03:25:00
754063,REP.VP.2012.TOOMEY,Pat Toomey to be Republican VP nominee in 2012,203,0.9,Apr/24/2012 03:25:00
754063,REP.VP.2012.TOOMEY,Pat Toomey to be Republican VP nominee in 2012,50,1.0,Apr/24/2012 03:25:00
754063,REP.VP.2012.TOOMEY,Pat Toomey to be Republican VP nominee in 2012,20,0.9,Apr/25/2012 19:54:29
754063,REP.VP.2012.TOOMEY,Pat Toomey to be Republican VP nominee in 2012,5,0.9,Apr/25/2012 21:06:51
754063,REP.VP.2012.TOOMEY,Pat Toomey to be Republican VP nominee in 2012,5,0.9,Apr/25/2012 21:13:13
754063,REP.VP.2012.TOOMEY,Pat Toomey to be Republican VP nominee in 2012,5,0.9,Apr/25/2012 21:19:12
754063,REP.VP.2012.TOOMEY,Pat Toomey to be Republican VP nominee in 2012,26,0.9,Apr/25/2012 22:47:10
754063,REP.VP.2012.TOOMEY,Pat Toomey to be Republican VP nominee in 2012,2,0.9,Apr/25/2012 22:47:19
754063,REP.VP.2012.TOOMEY,Pat Toomey to be Republican VP nominee in 2012,25,0.9,Apr/26/2012 12:14:48
754063,REP.VP.2012.TOOMEY,Pat Toomey to be Republican VP nominee in 2012,100,1.0,Apr/26/2012 16:28:14
754063,REP.VP.2012.TOOMEY,Pat Toomey to be Republican VP nominee in 2012,25,1.5,Apr/26/2012 16:28:14
754063,REP.VP.2012.TOOMEY,Pat Toomey to be Republican VP nominee in 2012,50,1.0,Apr/26/2012 16:28:14
754063,REP.VP.2012.TOOMEY,Pat Toomey to be Republican VP nominee in 2012,1,1.0,Apr/26/2012 16:28:14
754063,REP.VP.2012.TOOMEY,Pat Toomey to be Republican VP nominee in 2012,1,1.1,Apr/26/2012 16:28:14
754063,REP.VP.2012.TOOMEY,Pat Toomey to be Republican VP nominee in 2012,1,1.2,Apr/26/2012 16:28:14
754063,REP.VP.2012.TOOMEY,Pat Toomey to be Republican VP nominee in 2012,3,1.5,Apr/26/2012 16:28:14
754063,REP.VP.2012.TOOMEY,Pat Toomey to be Republican VP nominee in 2012,1,0.9,Apr/26/2012 16:28:14
754063,REP.VP.2012.TOOMEY,Pat Toomey to be Republican VP nominee in 2012,65,0.9,Apr/26/2012 16:28:14
754063,REP.VP.2012.TOOMEY,Pat Toomey to be Republican VP nominee in 2012,4,1.1,Apr/26/2012 16:28:14
754063,REP.VP.2012.TOOMEY,Pat Toomey to be Republican VP nominee in 2012,50,1.5,Apr/26/2012 16:28:14
754063,REP.VP.2012.TOOMEY,Pat Toomey to be Republican VP nominee in 2012,100,1.5,Apr/26/2012 16:28:14
754063,REP.VP.2012.TOOMEY,Pat Toomey to be Republican VP nominee in 2012,1,1.5,Apr/26/2012 16:28:14
754063,REP.VP.2012.TOOMEY,Pat Toomey to be Republican VP nominee in 2012,50,1.5,Apr/26/2012 16:28:14
754063,REP.VP.2012.TOOMEY,Pat Toomey to be Republican VP nominee in 2012,50,1.5,Apr/26/2012 16:28:14
754063,REP.VP.2012.TOOMEY,Pat Toomey to be Republican VP nominee in 2012,50,1.2,Apr/26/2012 16:28:14
754063,REP.VP.2012.TOOMEY,Pat Toomey to be Republican VP nominee in 2012,1,1.5,Apr/26/2012 16:28:14
754063,REP.VP.2012.TOOMEY,Pat Toomey to be Republican VP nominee in 2012,160,1.5,Apr/28/2012 15:37:51
754063,REP.VP.2012.TOOMEY,Pat Toomey to be Republican VP nominee in 2012,100,1.5,Apr/28/2012 15:38:47
754063,REP.VP.2012.TOOMEY,Pat Toomey to be Republican VP nominee in 2012,50,1.5,Apr/28/2012 22:05:43
754063,REP.VP.2012.TOOMEY,Pat Toomey to be Republican VP nominee in 2012,8,1.6,Apr/30/2012 10:29:33
754063,REP.VP.2012.TOOMEY,Pat Toomey to be Republican VP nominee in 2012,1,1.5,Apr/30/2012 23:35:03
754063,REP.VP.2012.TOOMEY,Pat Toomey to be Republican VP nominee in 2012,100,2.0,May/01/2012 03:23:28
754063,REP.VP.2012.TOOMEY,Pat Toomey to be Republican VP nominee in 2012,1,2.0,May/01/2012 03:23:28
754063,REP.VP.2012.TOOMEY,Pat Toomey to be Republican VP nominee in 2012,42,1.6,May/01/2012 03:23:28
754063,REP.VP.2012.TOOMEY,Pat Toomey to be Republican VP nominee in 2012,50,2.0,May/01/2012 03:23:28
754063,REP.VP.2012.TOOMEY,Pat Toomey to be Republican VP nominee in 2012,1,1.6,May/01/2012 03:23:28
754063,REP.VP.2012.TOOMEY,Pat Toomey to be Republican VP nominee in 2012,3,1.9,May/01/2012 03:23:28
754063,REP.VP.2012.TOOMEY,Pat Toomey to be Republican VP nominee in 2012,15,1.9,May/01/2012 03:23:28
754063,REP.VP.2012.TOOMEY,Pat Toomey to be Republican VP nominee in 2012,40,1.9,May/01/2012 03:23:28
754063,REP.VP.2012.TOOMEY,Pat Toomey to be Republican VP nominee in 2012,5,1.9,May/01/2012 03:23:28
754063,REP.VP.2012.TOOMEY,Pat Toomey to be Republican VP nominee in 2012,50,1.5,May/01/2012 05:59:02
754063,REP.VP.2012.TOOMEY,Pat Toomey to be Republican VP nominee in 2012,1,2.5,May/01/2012 06:54:24
754063,REP.VP.2012.TOOMEY,Pat Toomey to be Republican VP nominee in 2012,50,2.5,May/01/2012 06:54:24
754063,REP.VP.2012.TOOMEY,Pat Toomey to be Republican VP nominee in 2012,100,2.5,May/01/2012 06:54:24
754063,REP.VP.2012.TOOMEY,Pat Toomey to be Republican VP nominee in 2012,5,1.1,May/01/2012 06:54:44
754063,REP.VP.2012.TOOMEY,Pat Toomey to be Republican VP nominee in 2012,1,1.9,May/02/2012 17:56:57
754063,REP.VP.2012.TOOMEY,Pat Toomey to be Republican VP nominee in 2012,1,1.9,May/02/2012 17:57:18
754063,REP.VP.2012.TOOMEY,Pat Toomey to be Republican VP nominee in 2012,2,1.9,May/02/2012 17:57:59
754063,REP.VP.2012.TOOMEY,Pat Toomey to be Republican VP nominee in 2012,6,1.9,May/02/2012 17:58:39
754063,REP.VP.2012.TOOMEY,Pat Toomey to be Republican VP nominee in 2012,4,1.9,May/02/2012 17:59:41
754063,REP.VP.2012.TOOMEY,Pat Toomey to be Republican VP nominee in 2012,6,1.9,May/02/2012 18:00:03
754063,REP.VP.2012.TOOMEY,Pat Toomey to be Republican VP nominee in 2012,4,1.9,May/02/2012 18:00:24
754063,REP.VP.2012.TOOMEY,Pat Toomey to be Republican VP nominee in 2012,1,1.9,May/02/2012 18:01:28
754063,REP.VP.2012.TOOMEY,Pat Toomey to be Republican VP nominee in 2012,300,1.9,May/02/2012 19:05:50
754063,REP.VP.2012.TOOMEY,Pat Toomey to be Republican VP nominee in 2012,100,1.9,May/02/2012 19:09:58
754063,REP.VP.2012.TOOMEY,Pat Toomey to be Republican VP nominee in 2012,200,1.9,May/02/2012 21:57:52
754063,REP.VP.2012.TOOMEY,Pat Toomey to be Republican VP nominee in 2012,12,1.9,May/03/2012 05:02:41
754063,REP.VP.2012.TOOMEY,Pat Toomey to be Republican VP nominee in 2012,5,1.9,May/03/2012 11:02:26
754063,REP.VP.2012.TOOMEY,Pat Toomey to be Republican VP nominee in 2012,50,2.0,May/03/2012 11:36:16
754063,REP.VP.2012.TOOMEY,Pat Toomey to be Republican VP nominee in 2012,1,2.0,May/03/2012 11:36:16
754063,REP.VP.2012.TOOMEY,Pat Toomey to be Republican VP nominee in 2012,50,2.3,May/03/2012 16:59:06
754063,REP.VP.2012.TOOMEY,Pat Toomey to be Republican VP nominee in 2012,50,1.9,May/03/2012 18:31:39
754063,REP.VP.2012.TOOMEY,Pat Toomey to be Republican VP nominee in 2012,50,1.9,May/03/2012 20:50:44
754063,REP.VP.2012.TOOMEY,Pat Toomey to be Republican VP nominee in 2012,20,2.0,May/04/2012 05:23:08
754063,REP.VP.2012.TOOMEY,Pat Toomey to be Republican VP nominee in 2012,100,1.9,May/04/2012 21:01:19
754063,REP.VP.2012.TOOMEY,Pat Toomey to be Republican VP nominee in 2012,150,1.9,May/04/2012 21:05:44
754063,REP.VP.2012.TOOMEY,Pat Toomey to be Republican VP nominee in 2012,50,1.9,May/05/2012 01:59:23
754063,REP.VP.2012.TOOMEY,Pat Toomey to be Republican VP nominee in 2012,358,1.9,May/06/2012 10:44:42
754063,REP.VP.2012.TOOMEY,Pat Toomey to be Republican VP nominee in 2012,1,1.9,May/06/2012 15:53:45
754063,REP.VP.2012.TOOMEY,Pat Toomey to be Republican VP nominee in 2012,11,1.9,May/06/2012 15:53:45
754063,REP.VP.2012.TOOMEY,Pat Toomey to be Republican VP nominee in 2012,50,2.0,May/06/2012 15:53:45
754063,REP.VP.2012.TOOMEY,Pat Toomey to be Republican VP nominee in 2012,1,2.0,May/06/2012 15:53:45
754063,REP.VP.2012.TOOMEY,Pat Toomey to be Republican VP nominee in 2012,5,2.0,May/06/2012 15:53:45
754063,REP.VP.2012.TOOMEY,Pat Toomey to be Republican VP nominee in 2012,50,2.0,May/06/2012 17:54:16
754063,REP.VP.2012.TOOMEY,Pat Toomey to be Republican VP nominee in 2012,100,2.0,May/06/2012 18:39:01
754063,REP.VP.2012.TOOMEY,Pat Toomey to be Republican VP nominee in 2012,782,2.0,May/06/2012 22:59:57
754063,REP.VP.2012.TOOMEY,Pat Toomey to be Republican VP nominee in 2012,1,2.1,May/07/2012 00:16:53
754063,REP.VP.2012.TOOMEY,Pat Toomey to be Republican VP nominee in 2012,50,2.1,May/07/2012 00:16:53
754063,REP.VP.2012.TOOMEY,Pat Toomey to be Republican VP nominee in 2012,1,2.1,May/07/2012 01:43:42
754063,REP.VP.2012.TOOMEY,Pat Toomey to be Republican VP nominee in 2012,5,2.1,May/07/2012 17:52:10
754063,REP.VP.2012.TOOMEY,Pat Toomey to be Republican VP nominee in 2012,100,2.1,May/07/2012 18:14:27
754063,REP.VP.2012.TOOMEY,Pat Toomey to be Republican VP nominee in 2012,50,2.1,May/07/2012 20:30:45
754063,REP.VP.2012.TOOMEY,Pat Toomey to be Republican VP nominee in 2012,100,2.1,May/07/2012 21:20:48
754063,REP.VP.2012.TOOMEY,Pat Toomey to be Republican VP nominee in 2012,100,2.1,May/07/2012 22:40:16
754063,REP.VP.2012.TOOMEY,Pat Toomey to be Republican VP nominee in 2012,219,2.1,May/08/2012 12:46:54
754063,REP.VP.2012.TOOMEY,Pat Toomey to be Republican VP nominee in 2012,50,2.1,May/08/2012 23:04:32
754063,REP.VP.2012.TOOMEY,Pat Toomey to be Republican VP nominee in 2012,25,2.1,May/09/2012 22:50:43
754063,REP.VP.2012.TOOMEY,Pat Toomey to be Republican VP nominee in 2012,1,2.2,May/09/2012 22:52:55
754063,REP.VP.2012.TOOMEY,Pat Toomey to be Republican VP nominee in 2012,5,2.2,May/10/2012 01:54:09
754063,REP.VP.2012.TOOMEY,Pat Toomey to be Republican VP nominee in 2012,19,2.2,May/10/2012 14:10:23
754063,REP.VP.2012.TOOMEY,Pat Toomey to be Republican VP nominee in 2012,1,2.2,May/10/2012 14:10:23
754063,REP.VP.2012.TOOMEY,Pat Toomey to be Republican VP nominee in 2012,50,2.2,May/10/2012 16:43:04
754063,REP.VP.2012.TOOMEY,Pat Toomey to be Republican VP nominee in 2012,1,2.3,May/11/2012 04:06:34
754063,REP.VP.2012.TOOMEY,Pat Toomey to be Republican VP nominee in 2012,25,2.3,May/11/2012 04:06:34
754063,REP.VP.2012.TOOMEY,Pat Toomey to be Republican VP nominee in 2012,10,2.4,May/11/2012 04:06:34
754063,REP.VP.2012.TOOMEY,Pat Toomey to be Republican VP nominee in 2012,1,2.5,May/11/2012 04:06:34
754063,REP.VP.2012.TOOMEY,Pat Toomey to be Republican VP nominee in 2012,1,2.4,May/11/2012 04:06:34
754063,REP.VP.2012.TOOMEY,Pat Toomey to be Republican VP nominee in 2012,50,2.5,May/11/2012 04:06:34
754063,REP.VP.2012.TOOMEY,Pat Toomey to be Republican VP nominee in 2012,100,2.5,May/11/2012 04:06:34
754063,REP.VP.2012.TOOMEY,Pat Toomey to be Republican VP nominee in 2012,62,2.5,May/11/2012 14:05:51
754063,REP.VP.2012.TOOMEY,Pat Toomey to be Republican VP nominee in 2012,13,2.5,May/11/2012 14:05:51
754063,REP.VP.2012.TOOMEY,Pat Toomey to be Republican VP nominee in 2012,13,2.5,May/11/2012 18:57:55
754063,REP.VP.2012.TOOMEY,Pat Toomey to be Republican VP nominee in 2012,100,2.5,May/11/2012 22:14:04
754063,REP.VP.2012.TOOMEY,Pat Toomey to be Republican VP nominee in 2012,50,2.5,May/12/2012 04:52:48
754063,REP.VP.2012.TOOMEY,Pat Toomey to be Republican VP nominee in 2012,75,2.5,May/12/2012 16:04:41
754063,REP.VP.2012.TOOMEY,Pat Toomey to be Republican VP nominee in 2012,1,2.5,May/12/2012 20:09:33
754063,REP.VP.2012.TOOMEY,Pat Toomey to be Republican VP nominee in 2012,50,2.5,May/13/2012 03:58:56
754063,REP.VP.2012.TOOMEY,Pat Toomey to be Republican VP nominee in 2012,50,2.5,May/13/2012 19:14:40
754063,REP.VP.2012.TOOMEY,Pat Toomey to be Republican VP nominee in 2012,100,2.5,May/13/2012 19:25:12
754063,REP.VP.2012.TOOMEY,Pat Toomey to be Republican VP nominee in 2012,2,2.6,May/13/2012 23:00:19
754063,REP.VP.2012.TOOMEY,Pat Toomey to be Republican VP nominee in 2012,100,2.5,May/14/2012 14:56:25
754063,REP.VP.2012.TOOMEY,Pat Toomey to be Republican VP nominee in 2012,125,2.5,May/14/2012 16:36:53
754063,REP.VP.2012.TOOMEY,Pat Toomey to be Republican VP nominee in 2012,100,2.5,May/14/2012 20:09:23
754063,REP.VP.2012.TOOMEY,Pat Toomey to be Republican VP nominee in 2012,100,2.5,May/14/2012 20:58:29
754063,REP.VP.2012.TOOMEY,Pat Toomey to be Republican VP nominee in 2012,53,2.5,May/14/2012 22:45:09
754063,REP.VP.2012.TOOMEY,Pat Toomey to be Republican VP nominee in 2012,47,2.5,May/14/2012 22:45:09
754063,REP.VP.2012.TOOMEY,Pat Toomey to be Republican VP nominee in 2012,303,2.5,May/15/2012 10:39:27
754063,REP.VP.2012.TOOMEY,Pat Toomey to be Republican VP nominee in 2012,25,2.5,May/15/2012 21:03:15
754063,REP.VP.2012.TOOMEY,Pat Toomey to be Republican VP nominee in 2012,100,2.5,May/16/2012 02:22:01
754063,REP.VP.2012.TOOMEY,Pat Toomey to be Republican VP nominee in 2012,1,2.6,May/16/2012 19:33:42
754063,REP.VP.2012.TOOMEY,Pat Toomey to be Republican VP nominee in 2012,23,2.6,May/16/2012 19:33:42
754063,REP.VP.2012.TOOMEY,Pat Toomey to be Republican VP nominee in 2012,7,2.8,May/16/2012 19:34:14
754063,REP.VP.2012.TOOMEY,Pat Toomey to be Republican VP nominee in 2012,2,2.8,May/16/2012 19:34:14
754063,REP.VP.2012.TOOMEY,Pat Toomey to be Republican VP nominee in 2012,8,2.9,May/16/2012 19:34:43
754063,REP.VP.2012.TOOMEY,Pat Toomey to be Republican VP nominee in 2012,43,2.9,May/16/2012 19:34:43
754063,REP.VP.2012.TOOMEY,Pat Toomey to be Republican VP nominee in 2012,1,2.9,May/16/2012 19:34:43
754063,REP.VP.2012.TOOMEY,Pat Toomey to be Republican VP nominee in 2012,5,2.9,May/16/2012 19:34:43
754063,REP.VP.2012.TOOMEY,Pat Toomey to be Republican VP nominee in 2012,50,3.0,May/16/2012 19:35:16
754063,REP.VP.2012.TOOMEY,Pat Toomey to be Republican VP nominee in 2012,100,3.0,May/16/2012 19:35:16
754063,REP.VP.2012.TOOMEY,Pat Toomey to be Republican VP nominee in 2012,1,3.0,May/16/2012 19:35:16
754063,REP.VP.2012.TOOMEY,Pat Toomey to be Republican VP nominee in 2012,9,3.0,May/16/2012 19:35:16
754063,REP.VP.2012.TOOMEY,Pat Toomey to be Republican VP nominee in 2012,1,3.0,May/16/2012 23:52:07
754063,REP.VP.2012.TOOMEY,Pat Toomey to be Republican VP nominee in 2012,100,3.0,May/16/2012 23:52:07
754063,REP.VP.2012.TOOMEY,Pat Toomey to be Republican VP nominee in 2012,1,3.1,May/17/2012 00:37:13
754063,REP.VP.2012.TOOMEY,Pat Toomey to be Republican VP nominee in 2012,10,3.1,May/17/2012 00:37:13
754063,REP.VP.2012.TOOMEY,Pat Toomey to be Republican VP nominee in 2012,1,3.2,May/17/2012 00:37:23
754063,REP.VP.2012.TOOMEY,Pat Toomey to be Republican VP nominee in 2012,11,3.2,May/17/2012 00:37:23
754063,REP.VP.2012.TOOMEY,Pat Toomey to be Republican VP nominee in 2012,3,3.5,May/17/2012 00:37:39
754063,REP.VP.2012.TOOMEY,Pat Toomey to be Republican VP nominee in 2012,50,3.5,May/17/2012 00:37:39
754063,REP.VP.2012.TOOMEY,Pat Toomey to be Republican VP nominee in 2012,100,3.0,May/18/2012 01:11:50
754063,REP.VP.2012.TOOMEY,Pat Toomey to be Republican VP nominee in 2012,9,2.6,May/18/2012 04:45:25
754063,REP.VP.2012.TOOMEY,Pat Toomey to be Republican VP nominee in 2012,85,2.8,May/18/2012 17:06:47
754063,REP.VP.2012.TOOMEY,Pat Toomey to be Republican VP nominee in 2012,91,2.9,May/18/2012 22:30:12
754063,REP.VP.2012.TOOMEY,Pat Toomey to be Republican VP nominee in 2012,11,2.9,May/19/2012 09:09:39
754063,REP.VP.2012.TOOMEY,Pat Toomey to be Republican VP nominee in 2012,1,2.9,May/19/2012 09:09:39
754063,REP.VP.2012.TOOMEY,Pat Toomey to be Republican VP nominee in 2012,9,2.9,May/19/2012 09:09:39
754063,REP.VP.2012.TOOMEY,Pat Toomey to be Republican VP nominee in 2012,1,3.0,May/19/2012 11:34:42
754063,REP.VP.2012.TOOMEY,Pat Toomey to be Republican VP nominee in 2012,12,3.0,May/19/2012 11:34:42
754063,REP.VP.2012.TOOMEY,Pat Toomey to be Republican VP nominee in 2012,6,3.1,May/19/2012 11:35:09
754063,REP.VP.2012.TOOMEY,Pat Toomey to be Republican VP nominee in 2012,50,3.1,May/19/2012 11:35:09
754063,REP.VP.2012.TOOMEY,Pat Toomey to be Republican VP nominee in 2012,200,3.0,May/19/2012 15:02:20
754063,REP.VP.2012.TOOMEY,Pat Toomey to be Republican VP nominee in 2012,10,3.0,May/19/2012 22:41:09
754063,REP.VP.2012.TOOMEY,Pat Toomey to be Republican VP nominee in 2012,1,3.1,May/19/2012 22:46:59
754063,REP.VP.2012.TOOMEY,Pat Toomey to be Republican VP nominee in 2012,7,3.1,May/19/2012 22:46:59
754063,REP.VP.2012.TOOMEY,Pat Toomey to be Republican VP nominee in 2012,200,3.1,May/19/2012 23:30:04
754063,REP.VP.2012.TOOMEY,Pat Toomey to be Republican VP nominee in 2012,200,3.1,May/19/2012 23:43:16
754063,REP.VP.2012.TOOMEY,Pat Toomey to be Republican VP nominee in 2012,14,3.2,May/20/2012 21:44:43
754063,REP.VP.2012.TOOMEY,Pat Toomey to be Republican VP nominee in 2012,1,3.2,May/20/2012 21:44:43
754063,REP.VP.2012.TOOMEY,Pat Toomey to be Republican VP nominee in 2012,12,3.2,May/21/2012 17:19:19
754063,REP.VP.2012.TOOMEY,Pat Toomey to be Republican VP nominee in 2012,10,3.2,May/22/2012 02:41:29
754063,REP.VP.2012.TOOMEY,Pat Toomey to be Republican VP nominee in 2012,5,3.2,May/23/2012 02:52:27
754063,REP.VP.2012.TOOMEY,Pat Toomey to be Republican VP nominee in 2012,3,3.2,May/23/2012 13:53:12
754063,REP.VP.2012.TOOMEY,Pat Toomey to be Republican VP nominee in 2012,40,3.2,May/23/2012 15:56:45
754063,REP.VP.2012.TOOMEY,Pat Toomey to be Republican VP nominee in 2012,2,3.2,May/23/2012 16:01:32
754063,REP.VP.2012.TOOMEY,Pat Toomey to be Republican VP nominee in 2012,4,3.2,May/23/2012 16:02:29
754063,REP.VP.2012.TOOMEY,Pat Toomey to be Republican VP nominee in 2012,8,3.2,May/23/2012 16:03:14
754063,REP.VP.2012.TOOMEY,Pat Toomey to be Republican VP nominee in 2012,2,3.2,May/23/2012 16:03:31
754063,REP.VP.2012.TOOMEY,Pat Toomey to be Republican VP nominee in 2012,100,3.2,May/23/2012 16:06:48
754063,REP.VP.2012.TOOMEY,Pat Toomey to be Republican VP nominee in 2012,100,3.2,May/23/2012 16:22:08
754063,REP.VP.2012.TOOMEY,Pat Toomey to be Republican VP nominee in 2012,10,3.3,May/23/2012 18:39:05
754063,REP.VP.2012.TOOMEY,Pat Toomey to be Republican VP nominee in 2012,1,3.3,May/23/2012 18:39:05
754063,REP.VP.2012.TOOMEY,Pat Toomey to be Republican VP nominee in 2012,1,3.4,May/23/2012 18:39:24
754063,REP.VP.2012.TOOMEY,Pat Toomey to be Republican VP nominee in 2012,3,3.4,May/23/2012 18:39:24
754063,REP.VP.2012.TOOMEY,Pat Toomey to be Republican VP nominee in 2012,1,3.5,May/23/2012 18:39:24
754063,REP.VP.2012.TOOMEY,Pat Toomey to be Republican VP nominee in 2012,50,3.5,May/23/2012 18:39:24
754063,REP.VP.2012.TOOMEY,Pat Toomey to be Republican VP nominee in 2012,46,3.5,May/23/2012 18:39:24
754063,REP.VP.2012.TOOMEY,Pat Toomey to be Republican VP nominee in 2012,4,3.5,May/23/2012 18:39:48
754063,REP.VP.2012.TOOMEY,Pat Toomey to be Republican VP nominee in 2012,4,3.4,May/23/2012 19:23:48
754063,REP.VP.2012.TOOMEY,Pat Toomey to be Republican VP nominee in 2012,4,3.3,May/23/2012 19:23:48
754063,REP.VP.2012.TOOMEY,Pat Toomey to be Republican VP nominee in 2012,2,3.2,May/24/2012 23:32:17
754063,REP.VP.2012.TOOMEY,Pat Toomey to be Republican VP nominee in 2012,50,3.2,May/25/2012 14:18:03
754063,REP.VP.2012.TOOMEY,Pat Toomey to be Republican VP nominee in 2012,347,3.2,May/25/2012 21:38:26
754063,REP.VP.2012.TOOMEY,Pat Toomey to be Republican VP nominee in 2012,204,3.2,May/25/2012 23:10:40
754063,REP.VP.2012.TOOMEY,Pat Toomey to be Republican VP nominee in 2012,100,3.2,May/27/2012 20:03:46
754063,REP.VP.2012.TOOMEY,Pat Toomey to be Republican VP nominee in 2012,36,3.2,May/28/2012 02:53:34
754063,REP.VP.2012.TOOMEY,Pat Toomey to be Republican VP nominee in 2012,2,2.1,May/29/2012 21:28:24
754063,REP.VP.2012.TOOMEY,Pat Toomey to be Republican VP nominee in 2012,1,2.0,May/29/2012 22:15:54
754063,REP.VP.2012.TOOMEY,Pat Toomey to be Republican VP nominee in 2012,200,2.0,May/29/2012 22:15:54
754063,REP.VP.2012.TOOMEY,Pat Toomey to be Republican VP nominee in 2012,11,2.0,May/30/2012 04:48:48
754063,REP.VP.2012.TOOMEY,Pat Toomey to be Republican VP nominee in 2012,38,2.2,May/30/2012 04:48:48
754063,REP.VP.2012.TOOMEY,Pat Toomey to be Republican VP nominee in 2012,1,2.0,May/30/2012 04:48:48
754063,REP.VP.2012.TOOMEY,Pat Toomey to be Republican VP nominee in 2012,50,2.0,May/30/2012 04:48:48
754063,REP.VP.2012.TOOMEY,Pat Toomey to be Republican VP nominee in 2012,100,1.9,May/30/2012 16:29:30
754063,REP.VP.2012.TOOMEY,Pat Toomey to be Republican VP nominee in 2012,15,1.9,May/30/2012 16:30:01
754063,REP.VP.2012.TOOMEY,Pat Toomey to be Republican VP nominee in 2012,10,2.0,May/30/2012 22:01:27
754063,REP.VP.2012.TOOMEY,Pat Toomey to be Republican VP nominee in 2012,15,2.0,May/30/2012 22:19:40
754063,REP.VP.2012.TOOMEY,Pat Toomey to be Republican VP nominee in 2012,1,2.0,May/30/2012 22:19:40
754063,REP.VP.2012.TOOMEY,Pat Toomey to be Republican VP nominee in 2012,4,2.0,May/30/2012 22:19:40
754063,REP.VP.2012.TOOMEY,Pat Toomey to be Republican VP nominee in 2012,46,2.0,May/30/2012 22:23:35
754063,REP.VP.2012.TOOMEY,Pat Toomey to be Republican VP nominee in 2012,50,2.0,May/30/2012 22:23:35
754063,REP.VP.2012.TOOMEY,Pat Toomey to be Republican VP nominee in 2012,50,2.1,May/31/2012 03:09:09
754063,REP.VP.2012.TOOMEY,Pat Toomey to be Republican VP nominee in 2012,1,2.1,May/31/2012 03:09:09
754063,REP.VP.2012.TOOMEY,Pat Toomey to be Republican VP nominee in 2012,12,2.2,May/31/2012 05:02:31
754063,REP.VP.2012.TOOMEY,Pat Toomey to be Republican VP nominee in 2012,1,2.2,May/31/2012 05:02:31
754063,REP.VP.2012.TOOMEY,Pat Toomey to be Republican VP nominee in 2012,70,2.0,May/31/2012 05:03:00
754063,REP.VP.2012.TOOMEY,Pat Toomey to be Republican VP nominee in 2012,13,2.0,May/31/2012 05:08:34
754063,REP.VP.2012.TOOMEY,Pat Toomey to be Republican VP nominee in 2012,1,2.3,May/31/2012 05:08:43
754063,REP.VP.2012.TOOMEY,Pat Toomey to be Republican VP nominee in 2012,11,2.3,May/31/2012 05:08:43
754063,REP.VP.2012.TOOMEY,Pat Toomey to be Republican VP nominee in 2012,5,2.0,May/31/2012 05:11:58
754063,REP.VP.2012.TOOMEY,Pat Toomey to be Republican VP nominee in 2012,11,2.4,May/31/2012 10:02:42
754063,REP.VP.2012.TOOMEY,Pat Toomey to be Republican VP nominee in 2012,11,2.5,May/31/2012 10:02:42
754063,REP.VP.2012.TOOMEY,Pat Toomey to be Republican VP nominee in 2012,1,2.4,May/31/2012 10:02:42
754063,REP.VP.2012.TOOMEY,Pat Toomey to be Republican VP nominee in 2012,1,2.5,May/31/2012 10:02:42
754063,REP.VP.2012.TOOMEY,Pat Toomey to be Republican VP nominee in 2012,1,2.5,May/31/2012 10:02:42
754063,REP.VP.2012.TOOMEY,Pat Toomey to be Republican VP nominee in 2012,49,2.5,May/31/2012 10:06:03
754063,REP.VP.2012.TOOMEY,Pat Toomey to be Republican VP nominee in 2012,1,2.5,May/31/2012 10:06:03
754063,REP.VP.2012.TOOMEY,Pat Toomey to be Republican VP nominee in 2012,100,2.4,May/31/2012 10:17:17
754063,REP.VP.2012.TOOMEY,Pat Toomey to be Republican VP nominee in 2012,1,2.5,May/31/2012 10:17:17
754063,REP.VP.2012.TOOMEY,Pat Toomey to be Republican VP nominee in 2012,49,2.5,May/31/2012 10:17:17
754063,REP.VP.2012.TOOMEY,Pat Toomey to be Republican VP nominee in 2012,50,2.5,May/31/2012 10:21:44
754063,REP.VP.2012.TOOMEY,Pat Toomey to be Republican VP nominee in 2012,49,2.5,May/31/2012 10:21:44
754063,REP.VP.2012.TOOMEY,Pat Toomey to be Republican VP nominee in 2012,1,2.5,May/31/2012 10:21:44
754063,REP.VP.2012.TOOMEY,Pat Toomey to be Republican VP nominee in 2012,1,2.6,May/31/2012 10:32:21
754063,REP.VP.2012.TOOMEY,Pat Toomey to be Republican VP nominee in 2012,11,2.6,May/31/2012 10:32:21
754063,REP.VP.2012.TOOMEY,Pat Toomey to be Republican VP nominee in 2012,11,2.7,May/31/2012 10:32:21
754063,REP.VP.2012.TOOMEY,Pat Toomey to be Republican VP nominee in 2012,11,2.8,May/31/2012 10:32:21
754063,REP.VP.2012.TOOMEY,Pat Toomey to be Republican VP nominee in 2012,11,2.9,May/31/2012 10:32:21
754063,REP.VP.2012.TOOMEY,Pat Toomey to be Republican VP nominee in 2012,1,2.8,May/31/2012 10:32:21
754063,REP.VP.2012.TOOMEY,Pat Toomey to be Republican VP nominee in 2012,1,2.9,May/31/2012 10:32:21
754063,REP.VP.2012.TOOMEY,Pat Toomey to be Republican VP nominee in 2012,52,2.9,May/31/2012 10:32:21
754063,REP.VP.2012.TOOMEY,Pat Toomey to be Republican VP nominee in 2012,1,2.7,May/31/2012 10:32:21
754063,REP.VP.2012.TOOMEY,Pat Toomey to be Republican VP nominee in 2012,1,2.9,May/31/2012 10:32:54
754063,REP.VP.2012.TOOMEY,Pat Toomey to be Republican VP nominee in 2012,1,2.0,May/31/2012 10:44:03
754063,REP.VP.2012.TOOMEY,Pat Toomey to be Republican VP nominee in 2012,15,2.4,May/31/2012 14:08:17
754063,REP.VP.2012.TOOMEY,Pat Toomey to be Republican VP nominee in 2012,23,1.9,Jun/01/2012 14:28:38
754063,REP.VP.2012.TOOMEY,Pat Toomey to be Republican VP nominee in 2012,1,1.5,Jun/01/2012 21:34:20
754063,REP.VP.2012.TOOMEY,Pat Toomey to be Republican VP nominee in 2012,4,1.1,Jun/02/2012 11:05:38
754063,REP.VP.2012.TOOMEY,Pat Toomey to be Republican VP nominee in 2012,5,1.1,Jun/02/2012 11:05:38
754063,REP.VP.2012.TOOMEY,Pat Toomey to be Republican VP nominee in 2012,1,1.5,Jun/02/2012 17:54:03
754063,REP.VP.2012.TOOMEY,Pat Toomey to be Republican VP nominee in 2012,49,1.5,Jun/02/2012 17:54:03
754063,REP.VP.2012.TOOMEY,Pat Toomey to be Republican VP nominee in 2012,50,1.5,Jun/02/2012 17:54:03
754063,REP.VP.2012.TOOMEY,Pat Toomey to be Republican VP nominee in 2012,10,1.0,Jun/05/2012 20:02:19
754063,REP.VP.2012.TOOMEY,Pat Toomey to be Republican VP nominee in 2012,100,1.0,Jun/05/2012 22:04:27
754063,REP.VP.2012.TOOMEY,Pat Toomey to be Republican VP nominee in 2012,15,1.0,Jun/05/2012 23:59:51
754063,REP.VP.2012.TOOMEY,Pat Toomey to be Republican VP nominee in 2012,11,1.5,Jun/06/2012 06:59:24
754063,REP.VP.2012.TOOMEY,Pat Toomey to be Republican VP nominee in 2012,1,1.5,Jun/06/2012 06:59:24
754063,REP.VP.2012.TOOMEY,Pat Toomey to be Republican VP nominee in 2012,3,1.4,Jun/06/2012 06:59:24
754063,REP.VP.2012.TOOMEY,Pat Toomey to be Republican VP nominee in 2012,9,1.4,Jun/06/2012 06:59:24
754063,REP.VP.2012.TOOMEY,Pat Toomey to be Republican VP nominee in 2012,1,1.1,Jun/06/2012 06:59:24
754063,REP.VP.2012.TOOMEY,Pat Toomey to be Republican VP nominee in 2012,25,1.1,Jun/06/2012 06:59:24
754063,REP.VP.2012.TOOMEY,Pat Toomey to be Republican VP nominee in 2012,100,1.5,Jun/06/2012 06:59:24
754063,REP.VP.2012.TOOMEY,Pat Toomey to be Republican VP nominee in 2012,1,1.0,Jun/06/2012 06:59:24
754063,REP.VP.2012.TOOMEY,Pat Toomey to be Republican VP nominee in 2012,35,1.0,Jun/06/2012 06:59:24
754063,REP.VP.2012.TOOMEY,Pat Toomey to be Republican VP nominee in 2012,11,1.4,Jun/06/2012 06:59:24
754063,REP.VP.2012.TOOMEY,Pat Toomey to be Republican VP nominee in 2012,10,1.0,Jun/07/2012 03:13:48
754063,REP.VP.2012.TOOMEY,Pat Toomey to be Republican VP nominee in 2012,25,1.1,Jun/07/2012 18:05:09
754063,REP.VP.2012.TOOMEY,Pat Toomey to be Republican VP nominee in 2012,1,1.1,Jun/07/2012 18:05:09
754063,REP.VP.2012.TOOMEY,Pat Toomey to be Republican VP nominee in 2012,73,1.1,Jun/07/2012 21:17:20
754063,REP.VP.2012.TOOMEY,Pat Toomey to be Republican VP nominee in 2012,1,1.1,Jun/07/2012 21:17:20
754063,REP.VP.2012.TOOMEY,Pat Toomey to be Republican VP nominee in 2012,3,1.4,Jun/07/2012 21:17:41
754063,REP.VP.2012.TOOMEY,Pat Toomey to be Republican VP nominee in 2012,30,1.4,Jun/07/2012 21:17:41
754063,REP.VP.2012.TOOMEY,Pat Toomey to be Republican VP nominee in 2012,50,1.5,Jun/07/2012 21:18:07
754063,REP.VP.2012.TOOMEY,Pat Toomey to be Republican VP nominee in 2012,100,1.5,Jun/07/2012 21:18:07
754063,REP.VP.2012.TOOMEY,Pat Toomey to be Republican VP nominee in 2012,1,1.5,Jun/07/2012 21:18:07
754063,REP.VP.2012.TOOMEY,Pat Toomey to be Republican VP nominee in 2012,30,1.1,Jun/08/2012 14:35:02
754063,REP.VP.2012.TOOMEY,Pat Toomey to be Republican VP nominee in 2012,9,1.0,Jun/08/2012 17:07:08
754063,REP.VP.2012.TOOMEY,Pat Toomey to be Republican VP nominee in 2012,1,1.0,Jun/08/2012 20:18:52
754063,REP.VP.2012.TOOMEY,Pat Toomey to be Republican VP nominee in 2012,11,1.0,Jun/08/2012 20:18:52
754063,REP.VP.2012.TOOMEY,Pat Toomey to be Republican VP nominee in 2012,1,1.4,Jun/08/2012 21:05:39
754063,REP.VP.2012.TOOMEY,Pat Toomey to be Republican VP nominee in 2012,75,1.0,Jun/08/2012 23:33:46
754063,REP.VP.2012.TOOMEY,Pat Toomey to be Republican VP nominee in 2012,25,1.0,Jun/09/2012 02:23:47
754063,REP.VP.2012.TOOMEY,Pat Toomey to be Republican VP nominee in 2012,50,1.0,Jun/09/2012 13:00:03
754063,REP.VP.2012.TOOMEY,Pat Toomey to be Republican VP nominee in 2012,1,1.0,Jun/09/2012 23:54:12
754063,REP.VP.2012.TOOMEY,Pat Toomey to be Republican VP nominee in 2012,24,1.0,Jun/10/2012 16:02:31
754063,REP.VP.2012.TOOMEY,Pat Toomey to be Republican VP nominee in 2012,75,1.0,Jun/10/2012 16:02:31
754063,REP.VP.2012.TOOMEY,Pat Toomey to be Republican VP nominee in 2012,1,1.0,Jun/10/2012 16:02:31
754063,REP.VP.2012.TOOMEY,Pat Toomey to be Republican VP nominee in 2012,25,1.0,Jun/11/2012 03:44:24
754063,REP.VP.2012.TOOMEY,Pat Toomey to be Republican VP nominee in 2012,21,0.9,Jun/11/2012 22:35:34
754063,REP.VP.2012.TOOMEY,Pat Toomey to be Republican VP nominee in 2012,100,0.9,Jun/12/2012 07:24:21
754063,REP.VP.2012.TOOMEY,Pat Toomey to be Republican VP nominee in 2012,20,0.9,Jun/12/2012 12:31:23
754063,REP.VP.2012.TOOMEY,Pat Toomey to be Republican VP nominee in 2012,80,1.0,Jun/12/2012 12:34:09
754063,REP.VP.2012.TOOMEY,Pat Toomey to be Republican VP nominee in 2012,1,0.9,Jun/13/2012 12:47:27
754063,REP.VP.2012.TOOMEY,Pat Toomey to be Republican VP nominee in 2012,30,0.9,Jun/14/2012 14:34:09
754063,REP.VP.2012.TOOMEY,Pat Toomey to be Republican VP nominee in 2012,50,0.9,Jun/14/2012 14:34:09
754063,REP.VP.2012.TOOMEY,Pat Toomey to be Republican VP nominee in 2012,30,0.9,Jun/14/2012 19:14:17
754063,REP.VP.2012.TOOMEY,Pat Toomey to be Republican VP nominee in 2012,70,0.9,Jun/14/2012 19:14:17
754063,REP.VP.2012.TOOMEY,Pat Toomey to be Republican VP nominee in 2012,50,0.8,Jun/16/2012 19:45:44
754063,REP.VP.2012.TOOMEY,Pat Toomey to be Republican VP nominee in 2012,1,0.8,Jun/16/2012 19:45:44
754063,REP.VP.2012.TOOMEY,Pat Toomey to be Republican VP nominee in 2012,50,0.7,Jun/16/2012 19:45:44
754063,REP.VP.2012.TOOMEY,Pat Toomey to be Republican VP nominee in 2012,1,0.7,Jun/16/2012 19:45:44
754063,REP.VP.2012.TOOMEY,Pat Toomey to be Republican VP nominee in 2012,25,0.5,Jun/17/2012 17:02:58
754063,REP.VP.2012.TOOMEY,Pat Toomey to be Republican VP nominee in 2012,50,0.8,Jun/18/2012 12:53:13
754063,REP.VP.2012.TOOMEY,Pat Toomey to be Republican VP nominee in 2012,1,0.8,Jun/18/2012 12:53:13
754063,REP.VP.2012.TOOMEY,Pat Toomey to be Republican VP nominee in 2012,73,0.9,Jun/18/2012 12:53:43
754063,REP.VP.2012.TOOMEY,Pat Toomey to be Republican VP nominee in 2012,1,0.9,Jun/18/2012 12:53:43
754063,REP.VP.2012.TOOMEY,Pat Toomey to be Republican VP nominee in 2012,25,0.9,Jun/18/2012 12:53:43
754063,REP.VP.2012.TOOMEY,Pat Toomey to be Republican VP nominee in 2012,50,0.8,Jun/18/2012 22:31:53
754063,REP.VP.2012.TOOMEY,Pat Toomey to be Republican VP nominee in 2012,50,0.8,Jun/19/2012 15:35:25
754063,REP.VP.2012.TOOMEY,Pat Toomey to be Republican VP nominee in 2012,25,0.8,Jun/19/2012 17:27:40
754063,REP.VP.2012.TOOMEY,Pat Toomey to be Republican VP nominee in 2012,1,0.6,Jun/19/2012 22:33:57
754063,REP.VP.2012.TOOMEY,Pat Toomey to be Republican VP nominee in 2012,50,0.7,Jun/20/2012 00:14:15
754063,REP.VP.2012.TOOMEY,Pat Toomey to be Republican VP nominee in 2012,250,0.6,Jun/20/2012 02:31:04
754063,REP.VP.2012.TOOMEY,Pat Toomey to be Republican VP nominee in 2012,4,0.6,Jun/20/2012 02:31:04
754063,REP.VP.2012.TOOMEY,Pat Toomey to be Republican VP nominee in 2012,50,0.6,Jun/20/2012 05:29:16
754063,REP.VP.2012.TOOMEY,Pat Toomey to be Republican VP nominee in 2012,7,0.5,Jun/20/2012 11:01:00
754063,REP.VP.2012.TOOMEY,Pat Toomey to be Republican VP nominee in 2012,8,0.5,Jun/20/2012 18:46:24
754063,REP.VP.2012.TOOMEY,Pat Toomey to be Republican VP nominee in 2012,25,0.5,Jun/20/2012 18:46:24
754063,REP.VP.2012.TOOMEY,Pat Toomey to be Republican VP nominee in 2012,2,0.3,Jun/21/2012 00:18:00
754063,REP.VP.2012.TOOMEY,Pat Toomey to be Republican VP nominee in 2012,1,0.4,Jun/21/2012 02:08:49
754063,REP.VP.2012.TOOMEY,Pat Toomey to be Republican VP nominee in 2012,2,0.4,Jun/21/2012 02:08:49
754063,REP.VP.2012.TOOMEY,Pat Toomey to be Republican VP nominee in 2012,97,0.5,Jun/21/2012 02:09:07
754063,REP.VP.2012.TOOMEY,Pat Toomey to be Republican VP nominee in 2012,3,0.3,Jun/21/2012 03:29:45
754063,REP.VP.2012.TOOMEY,Pat Toomey to be Republican VP nominee in 2012,50,0.2,Jun/21/2012 20:43:38
754063,REP.VP.2012.TOOMEY,Pat Toomey to be Republican VP nominee in 2012,4,0.3,Jun/21/2012 23:16:33
754063,REP.VP.2012.TOOMEY,Pat Toomey to be Republican VP nominee in 2012,25,0.3,Jun/22/2012 02:20:42
754063,REP.VP.2012.TOOMEY,Pat Toomey to be Republican VP nominee in 2012,1,0.3,Jun/22/2012 02:20:42
754063,REP.VP.2012.TOOMEY,Pat Toomey to be Republican VP nominee in 2012,21,0.3,Jun/22/2012 02:20:42
754063,REP.VP.2012.TOOMEY,Pat Toomey to be Republican VP nominee in 2012,3,0.3,Jun/22/2012 14:34:21
754063,REP.VP.2012.TOOMEY,Pat Toomey to be Republican VP nominee in 2012,100,0.3,Jun/22/2012 14:34:21
754063,REP.VP.2012.TOOMEY,Pat Toomey to be Republican VP nominee in 2012,150,0.3,Jun/22/2012 15:28:53
754063,REP.VP.2012.TOOMEY,Pat Toomey to be Republican VP nominee in 2012,5,0.3,Jun/22/2012 15:33:38
754063,REP.VP.2012.TOOMEY,Pat Toomey to be Republican VP nominee in 2012,1,0.3,Jun/22/2012 15:33:38
754063,REP.VP.2012.TOOMEY,Pat Toomey to be Republican VP nominee in 2012,1,0.4,Jun/22/2012 18:00:29
754063,REP.VP.2012.TOOMEY,Pat Toomey to be Republican VP nominee in 2012,43,0.4,Jun/22/2012 18:00:29
754063,REP.VP.2012.TOOMEY,Pat Toomey to be Republican VP nominee in 2012,16,0.4,Jun/22/2012 18:00:29
754063,REP.VP.2012.TOOMEY,Pat Toomey to be Republican VP nominee in 2012,20,0.4,Jun/22/2012 18:00:29
754063,REP.VP.2012.TOOMEY,Pat Toomey to be Republican VP nominee in 2012,25,0.4,Jun/22/2012 18:00:29
754063,REP.VP.2012.TOOMEY,Pat Toomey to be Republican VP nominee in 2012,7,0.3,Jun/23/2012 03:37:28
754063,REP.VP.2012.TOOMEY,Pat Toomey to be Republican VP nominee in 2012,1,0.4,Jun/24/2012 07:23:22
754063,REP.VP.2012.TOOMEY,Pat Toomey to be Republican VP nominee in 2012,2,0.4,Jun/24/2012 07:23:22
754063,REP.VP.2012.TOOMEY,Pat Toomey to be Republican VP nominee in 2012,60,0.3,Jun/24/2012 07:24:02
754063,REP.VP.2012.TOOMEY,Pat Toomey to be Republican VP nominee in 2012,87,0.3,Jun/24/2012 07:24:02
754063,REP.VP.2012.TOOMEY,Pat Toomey to be Republican VP nominee in 2012,132,0.5,Jun/24/2012 18:41:48
754063,REP.VP.2012.TOOMEY,Pat Toomey to be Republican VP nominee in 2012,70,0.4,Jun/24/2012 18:41:48
754063,REP.VP.2012.TOOMEY,Pat Toomey to be Republican VP nominee in 2012,1,0.4,Jun/24/2012 18:41:48
754063,REP.VP.2012.TOOMEY,Pat Toomey to be Republican VP nominee in 2012,1,0.4,Jun/25/2012 18:48:23
754063,REP.VP.2012.TOOMEY,Pat Toomey to be Republican VP nominee in 2012,15,0.4,Jun/25/2012 18:48:23
754063,REP.VP.2012.TOOMEY,Pat Toomey to be Republican VP nominee in 2012,100,0.5,Jun/25/2012 18:48:23
754063,REP.VP.2012.TOOMEY,Pat Toomey to be Republican VP nominee in 2012,100,0.5,Jun/25/2012 18:48:23
754063,REP.VP.2012.TOOMEY,Pat Toomey to be Republican VP nominee in 2012,1,0.5,Jun/25/2012 18:48:23
754063,REP.VP.2012.TOOMEY,Pat Toomey to be Republican VP nominee in 2012,100,0.5,Jun/25/2012 18:48:23
754063,REP.VP.2012.TOOMEY,Pat Toomey to be Republican VP nominee in 2012,71,0.5,Jun/25/2012 18:48:23
754063,REP.VP.2012.TOOMEY,Pat Toomey to be Republican VP nominee in 2012,50,0.6,Jun/26/2012 02:17:03
754063,REP.VP.2012.TOOMEY,Pat Toomey to be Republican VP nominee in 2012,1,0.6,Jun/26/2012 02:17:33
754063,REP.VP.2012.TOOMEY,Pat Toomey to be Republican VP nominee in 2012,2,0.7,Jun/26/2012 02:17:47
754063,REP.VP.2012.TOOMEY,Pat Toomey to be Republican VP nominee in 2012,50,0.7,Jun/26/2012 02:17:47
754063,REP.VP.2012.TOOMEY,Pat Toomey to be Republican VP nominee in 2012,1,0.7,Jun/26/2012 02:17:47
754063,REP.VP.2012.TOOMEY,Pat Toomey to be Republican VP nominee in 2012,10,0.7,Jun/26/2012 02:17:47
754063,REP.VP.2012.TOOMEY,Pat Toomey to be Republican VP nominee in 2012,1,0.8,Jun/26/2012 02:17:59
754063,REP.VP.2012.TOOMEY,Pat Toomey to be Republican VP nominee in 2012,50,0.8,Jun/26/2012 02:17:59
754063,REP.VP.2012.TOOMEY,Pat Toomey to be Republican VP nominee in 2012,2,0.8,Jun/26/2012 02:17:59
754063,REP.VP.2012.TOOMEY,Pat Toomey to be Republican VP nominee in 2012,32,0.9,Jun/26/2012 02:19:24
754063,REP.VP.2012.TOOMEY,Pat Toomey to be Republican VP nominee in 2012,1,0.9,Jun/26/2012 02:19:24
754063,REP.VP.2012.TOOMEY,Pat Toomey to be Republican VP nominee in 2012,1,0.8,Jun/26/2012 14:37:01
754063,REP.VP.2012.TOOMEY,Pat Toomey to be Republican VP nominee in 2012,10,0.8,Jun/26/2012 14:37:01
754063,REP.VP.2012.TOOMEY,Pat Toomey to be Republican VP nominee in 2012,130,0.9,Jun/26/2012 14:37:01
754063,REP.VP.2012.TOOMEY,Pat Toomey to be Republican VP nominee in 2012,1,0.9,Jun/26/2012 14:37:01
754063,REP.VP.2012.TOOMEY,Pat Toomey to be Republican VP nominee in 2012,50,1.0,Jun/26/2012 14:37:01
754063,REP.VP.2012.TOOMEY,Pat Toomey to be Republican VP nominee in 2012,100,1.0,Jun/26/2012 14:37:01
754063,REP.VP.2012.TOOMEY,Pat Toomey to be Republican VP nominee in 2012,3,0.9,Jun/26/2012 14:37:01
754063,REP.VP.2012.TOOMEY,Pat Toomey to be Republican VP nominee in 2012,500,1.0,Jun/26/2012 14:37:01
754063,REP.VP.2012.TOOMEY,Pat Toomey to be Republican VP nominee in 2012,18,0.9,Jun/26/2012 14:37:01
754063,REP.VP.2012.TOOMEY,Pat Toomey to be Republican VP nominee in 2012,1,1.0,Jun/26/2012 14:37:01
754063,REP.VP.2012.TOOMEY,Pat Toomey to be Republican VP nominee in 2012,300,1.0,Jun/26/2012 14:58:15
754063,REP.VP.2012.TOOMEY,Pat Toomey to be Republican VP nominee in 2012,210,1.0,Jun/26/2012 23:05:45
754063,REP.VP.2012.TOOMEY,Pat Toomey to be Republican VP nominee in 2012,10,1.0,Jun/27/2012 03:55:34
754063,REP.VP.2012.TOOMEY,Pat Toomey to be Republican VP nominee in 2012,50,1.0,Jun/27/2012 18:10:24
754063,REP.VP.2012.TOOMEY,Pat Toomey to be Republican VP nominee in 2012,10,1.0,Jun/27/2012 18:13:45
754063,REP.VP.2012.TOOMEY,Pat Toomey to be Republican VP nominee in 2012,4,1.0,Jun/27/2012 20:32:50
754063,REP.VP.2012.TOOMEY,Pat Toomey to be Republican VP nominee in 2012,1,1.0,Jun/27/2012 22:03:08
754063,REP.VP.2012.TOOMEY,Pat Toomey to be Republican VP nominee in 2012,100,1.0,Jun/28/2012 03:17:28
754063,REP.VP.2012.TOOMEY,Pat Toomey to be Republican VP nominee in 2012,2,1.0,Jun/28/2012 17:31:04
754063,REP.VP.2012.TOOMEY,Pat Toomey to be Republican VP nominee in 2012,100,1.0,Jun/28/2012 20:11:56
754063,REP.VP.2012.TOOMEY,Pat Toomey to be Republican VP nominee in 2012,99,1.0,Jun/29/2012 02:03:16
754063,REP.VP.2012.TOOMEY,Pat Toomey to be Republican VP nominee in 2012,10,0.9,Jun/29/2012 22:09:17
754063,REP.VP.2012.TOOMEY,Pat Toomey to be Republican VP nominee in 2012,1,1.0,Jul/03/2012 13:47:52
754063,REP.VP.2012.TOOMEY,Pat Toomey to be Republican VP nominee in 2012,1,1.0,Jul/03/2012 13:47:52
754063,REP.VP.2012.TOOMEY,Pat Toomey to be Republican VP nominee in 2012,100,1.0,Jul/03/2012 13:47:52
754063,REP.VP.2012.TOOMEY,Pat Toomey to be Republican VP nominee in 2012,25,1.0,Jul/03/2012 13:47:52
754063,REP.VP.2012.TOOMEY,Pat Toomey to be Republican VP nominee in 2012,73,1.0,Jul/03/2012 13:47:52
754063,REP.VP.2012.TOOMEY,Pat Toomey to be Republican VP nominee in 2012,100,1.0,Jul/03/2012 13:47:52
754063,REP.VP.2012.TOOMEY,Pat Toomey to be Republican VP nominee in 2012,420,0.8,Jul/04/2012 22:22:21
754063,REP.VP.2012.TOOMEY,Pat Toomey to be Republican VP nominee in 2012,1,0.7,Jul/06/2012 03:49:53
754063,REP.VP.2012.TOOMEY,Pat Toomey to be Republican VP nominee in 2012,2,0.5,Jul/06/2012 03:59:47
754063,REP.VP.2012.TOOMEY,Pat Toomey to be Republican VP nominee in 2012,5,0.5,Jul/06/2012 03:59:47
754063,REP.VP.2012.TOOMEY,Pat Toomey to be Republican VP nominee in 2012,19,0.5,Jul/06/2012 14:33:11
754063,REP.VP.2012.TOOMEY,Pat Toomey to be Republican VP nominee in 2012,50,0.5,Jul/06/2012 14:36:41
754063,REP.VP.2012.TOOMEY,Pat Toomey to be Republican VP nominee in 2012,3,0.5,Jul/06/2012 14:37:02
754063,REP.VP.2012.TOOMEY,Pat Toomey to be Republican VP nominee in 2012,10,0.4,Jul/06/2012 17:37:50
754063,REP.VP.2012.TOOMEY,Pat Toomey to be Republican VP nominee in 2012,6,0.4,Jul/06/2012 21:02:03
754063,REP.VP.2012.TOOMEY,Pat Toomey to be Republican VP nominee in 2012,19,0.4,Jul/06/2012 21:38:10
754063,REP.VP.2012.TOOMEY,Pat Toomey to be Republican VP nominee in 2012,31,0.4,Jul/06/2012 21:41:26
754063,REP.VP.2012.TOOMEY,Pat Toomey to be Republican VP nominee in 2012,2,0.4,Jul/06/2012 21:47:14
754063,REP.VP.2012.TOOMEY,Pat Toomey to be Republican VP nominee in 2012,30,0.3,Jul/06/2012 21:50:51
754063,REP.VP.2012.TOOMEY,Pat Toomey to be Republican VP nominee in 2012,30,0.3,Jul/09/2012 15:29:44
754063,REP.VP.2012.TOOMEY,Pat Toomey to be Republican VP nominee in 2012,65,0.3,Jul/09/2012 15:29:44
754063,REP.VP.2012.TOOMEY,Pat Toomey to be Republican VP nominee in 2012,30,0.2,Jul/09/2012 15:29:44
754063,REP.VP.2012.TOOMEY,Pat Toomey to be Republican VP nominee in 2012,1000,0.2,Jul/09/2012 15:55:15
754063,REP.VP.2012.TOOMEY,Pat Toomey to be Republican VP nominee in 2012,1,0.2,Jul/09/2012 18:13:39
754063,REP.VP.2012.TOOMEY,Pat Toomey to be Republican VP nominee in 2012,75,0.2,Jul/09/2012 18:13:39
754063,REP.VP.2012.TOOMEY,Pat Toomey to be Republican VP nominee in 2012,1,0.5,Jul/09/2012 19:27:38
754063,REP.VP.2012.TOOMEY,Pat Toomey to be Republican VP nominee in 2012,1,0.3,Jul/09/2012 19:27:38
754063,REP.VP.2012.TOOMEY,Pat Toomey to be Republican VP nominee in 2012,100,0.5,Jul/09/2012 19:27:38
754063,REP.VP.2012.TOOMEY,Pat Toomey to be Republican VP nominee in 2012,500,0.5,Jul/09/2012 19:27:38
754063,REP.VP.2012.TOOMEY,Pat Toomey to be Republican VP nominee in 2012,50,0.3,Jul/09/2012 19:27:38
754063,REP.VP.2012.TOOMEY,Pat Toomey to be Republican VP nominee in 2012,50,0.4,Jul/09/2012 19:27:38
754063,REP.VP.2012.TOOMEY,Pat Toomey to be Republican VP nominee in 2012,50,0.4,Jul/09/2012 19:27:38
754063,REP.VP.2012.TOOMEY,Pat Toomey to be Republican VP nominee in 2012,1,0.4,Jul/09/2012 19:27:38
754063,REP.VP.2012.TOOMEY,Pat Toomey to be Republican VP nominee in 2012,20,0.5,Jul/09/2012 19:27:38
754063,REP.VP.2012.TOOMEY,Pat Toomey to be Republican VP nominee in 2012,50,0.6,Jul/10/2012 14:23:46
754063,REP.VP.2012.TOOMEY,Pat Toomey to be Republican VP nominee in 2012,1,0.8,Jul/10/2012 14:23:46
754063,REP.VP.2012.TOOMEY,Pat Toomey to be Republican VP nominee in 2012,1,0.6,Jul/10/2012 14:23:46
754063,REP.VP.2012.TOOMEY,Pat Toomey to be Republican VP nominee in 2012,1,0.7,Jul/10/2012 14:23:46
754063,REP.VP.2012.TOOMEY,Pat Toomey to be Republican VP nominee in 2012,50,0.7,Jul/10/2012 14:23:46
754063,REP.VP.2012.TOOMEY,Pat Toomey to be Republican VP nominee in 2012,50,0.8,Jul/10/2012 14:23:46
754063,REP.VP.2012.TOOMEY,Pat Toomey to be Republican VP nominee in 2012,20,0.6,Jul/10/2012 16:40:51
754063,REP.VP.2012.TOOMEY,Pat Toomey to be Republican VP nominee in 2012,20,0.6,Jul/10/2012 16:42:50
754063,REP.VP.2012.TOOMEY,Pat Toomey to be Republican VP nominee in 2012,25,0.6,Jul/11/2012 14:18:03
754063,REP.VP.2012.TOOMEY,Pat Toomey to be Republican VP nominee in 2012,82,0.6,Jul/11/2012 16:43:17
754063,REP.VP.2012.TOOMEY,Pat Toomey to be Republican VP nominee in 2012,118,0.6,Jul/11/2012 16:43:17
754063,REP.VP.2012.TOOMEY,Pat Toomey to be Republican VP nominee in 2012,5,0.6,Jul/12/2012 19:30:43
754063,REP.VP.2012.TOOMEY,Pat Toomey to be Republican VP nominee in 2012,100,0.6,Jul/12/2012 21:33:15
754063,REP.VP.2012.TOOMEY,Pat Toomey to be Republican VP nominee in 2012,1,0.7,Jul/12/2012 23:34:33
754063,REP.VP.2012.TOOMEY,Pat Toomey to be Republican VP nominee in 2012,6,0.7,Jul/12/2012 23:34:33
754063,REP.VP.2012.TOOMEY,Pat Toomey to be Republican VP nominee in 2012,100,0.7,Jul/12/2012 23:34:33
754063,REP.VP.2012.TOOMEY,Pat Toomey to be Republican VP nominee in 2012,20,0.6,Jul/12/2012 23:38:30
754063,REP.VP.2012.TOOMEY,Pat Toomey to be Republican VP nominee in 2012,2,0.6,Jul/12/2012 23:38:56
754063,REP.VP.2012.TOOMEY,Pat Toomey to be Republican VP nominee in 2012,10,0.6,Jul/12/2012 23:40:09
754063,REP.VP.2012.TOOMEY,Pat Toomey to be Republican VP nominee in 2012,65,0.2,Jul/13/2012 00:59:14
754063,REP.VP.2012.TOOMEY,Pat Toomey to be Republican VP nominee in 2012,335,0.6,Jul/13/2012 00:59:14
754063,REP.VP.2012.TOOMEY,Pat Toomey to be Republican VP nominee in 2012,50,0.4,Jul/13/2012 03:50:51
754063,REP.VP.2012.TOOMEY,Pat Toomey to be Republican VP nominee in 2012,49,0.5,Jul/13/2012 21:21:44
754063,REP.VP.2012.TOOMEY,Pat Toomey to be Republican VP nominee in 2012,1,0.5,Jul/13/2012 21:21:44
754063,REP.VP.2012.TOOMEY,Pat Toomey to be Republican VP nominee in 2012,44,0.2,Jul/16/2012 14:38:41
754063,REP.VP.2012.TOOMEY,Pat Toomey to be Republican VP nominee in 2012,100,0.2,Jul/16/2012 14:55:01
754063,REP.VP.2012.TOOMEY,Pat Toomey to be Republican VP nominee in 2012,1,0.2,Jul/16/2012 14:55:01
754063,REP.VP.2012.TOOMEY,Pat Toomey to be Republican VP nominee in 2012,56,0.2,Jul/16/2012 14:55:01
754063,REP.VP.2012.TOOMEY,Pat Toomey to be Republican VP nominee in 2012,250,0.2,Jul/16/2012 18:01:19
754063,REP.VP.2012.TOOMEY,Pat Toomey to be Republican VP nominee in 2012,1,0.2,Jul/16/2012 18:01:19
754063,REP.VP.2012.TOOMEY,Pat Toomey to be Republican VP nominee in 2012,100,0.2,Jul/16/2012 23:52:53
754063,REP.VP.2012.TOOMEY,Pat Toomey to be Republican VP nominee in 2012,1,0.2,Jul/16/2012 23:52:53
754063,REP.VP.2012.TOOMEY,Pat Toomey to be Republican VP nominee in 2012,1,0.3,Jul/17/2012 03:38:29
754063,REP.VP.2012.TOOMEY,Pat Toomey to be Republican VP nominee in 2012,51,0.3,Jul/17/2012 03:38:29
754063,REP.VP.2012.TOOMEY,Pat Toomey to be Republican VP nominee in 2012,100,0.3,Jul/17/2012 23:00:13
754063,REP.VP.2012.TOOMEY,Pat Toomey to be Republican VP nominee in 2012,1,0.3,Jul/17/2012 23:00:13
754063,REP.VP.2012.TOOMEY,Pat Toomey to be Republican VP nominee in 2012,100,0.4,Jul/17/2012 23:00:23
754063,REP.VP.2012.TOOMEY,Pat Toomey to be Republican VP nominee in 2012,39,0.4,Jul/17/2012 23:00:23
754063,REP.VP.2012.TOOMEY,Pat Toomey to be Republican VP nominee in 2012,1,0.4,Jul/17/2012 23:00:23
754063,REP.VP.2012.TOOMEY,Pat Toomey to be Republican VP nominee in 2012,10,0.4,Jul/17/2012 23:00:23
754063,REP.VP.2012.TOOMEY,Pat Toomey to be Republican VP nominee in 2012,50,0.3,Jul/18/2012 17:29:27
754063,REP.VP.2012.TOOMEY,Pat Toomey to be Republican VP nominee in 2012,1,0.3,Jul/18/2012 17:29:27
754063,REP.VP.2012.TOOMEY,Pat Toomey to be Republican VP nominee in 2012,100,0.3,Jul/18/2012 17:29:27
754063,REP.VP.2012.TOOMEY,Pat Toomey to be Republican VP nominee in 2012,100,0.3,Jul/19/2012 00:39:57
754063,REP.VP.2012.TOOMEY,Pat Toomey to be Republican VP nominee in 2012,20,0.2,Jul/19/2012 08:32:54
754063,REP.VP.2012.TOOMEY,Pat Toomey to be Republican VP nominee in 2012,20,0.3,Jul/20/2012 02:26:41
754063,REP.VP.2012.TOOMEY,Pat Toomey to be Republican VP nominee in 2012,100,0.3,Jul/20/2012 14:39:45
754063,REP.VP.2012.TOOMEY,Pat Toomey to be Republican VP nominee in 2012,100,0.3,Jul/20/2012 14:39:45
754063,REP.VP.2012.TOOMEY,Pat Toomey to be Republican VP nominee in 2012,1,0.3,Jul/20/2012 14:39:45
754063,REP.VP.2012.TOOMEY,Pat Toomey to be Republican VP nominee in 2012,100,0.3,Jul/20/2012 14:39:45
754063,REP.VP.2012.TOOMEY,Pat Toomey to be Republican VP nominee in 2012,200,0.3,Jul/20/2012 21:35:47
754063,REP.VP.2012.TOOMEY,Pat Toomey to be Republican VP nominee in 2012,1,0.3,Jul/23/2012 07:45:15
754063,REP.VP.2012.TOOMEY,Pat Toomey to be Republican VP nominee in 2012,100,0.3,Jul/23/2012 07:45:15
754063,REP.VP.2012.TOOMEY,Pat Toomey to be Republican VP nominee in 2012,65,0.2,Jul/23/2012 14:04:30
754063,REP.VP.2012.TOOMEY,Pat Toomey to be Republican VP nominee in 2012,35,0.2,Jul/23/2012 14:04:30
754063,REP.VP.2012.TOOMEY,Pat Toomey to be Republican VP nominee in 2012,100,0.2,Jul/24/2012 14:40:08
754063,REP.VP.2012.TOOMEY,Pat Toomey to be Republican VP nominee in 2012,49,0.3,Jul/24/2012 16:25:29
754063,REP.VP.2012.TOOMEY,Pat Toomey to be Republican VP nominee in 2012,1,0.3,Jul/24/2012 16:25:29
754063,REP.VP.2012.TOOMEY,Pat Toomey to be Republican VP nominee in 2012,1,0.3,Jul/24/2012 16:25:29
754063,REP.VP.2012.TOOMEY,Pat Toomey to be Republican VP nominee in 2012,3,0.3,Jul/24/2012 16:25:29
754063,REP.VP.2012.TOOMEY,Pat Toomey to be Republican VP nominee in 2012,5,0.4,Jul/25/2012 02:25:34
754063,REP.VP.2012.TOOMEY,Pat Toomey to be Republican VP nominee in 2012,1,0.4,Jul/26/2012 04:22:21
754063,REP.VP.2012.TOOMEY,Pat Toomey to be Republican VP nominee in 2012,1,0.3,Jul/26/2012 12:10:36
754063,REP.VP.2012.TOOMEY,Pat Toomey to be Republican VP nominee in 2012,16,0.3,Jul/26/2012 15:46:22
754063,REP.VP.2012.TOOMEY,Pat Toomey to be Republican VP nominee in 2012,80,0.3,Jul/26/2012 15:48:42
754063,REP.VP.2012.TOOMEY,Pat Toomey to be Republican VP nominee in 2012,1,0.3,Jul/30/2012 19:31:54
754063,REP.VP.2012.TOOMEY,Pat Toomey to be Republican VP nominee in 2012,56,0.3,Jul/31/2012 15:24:55
754063,REP.VP.2012.TOOMEY,Pat Toomey to be Republican VP nominee in 2012,40,0.3,Jul/31/2012 15:24:55
754063,REP.VP.2012.TOOMEY,Pat Toomey to be Republican VP nominee in 2012,1,0.3,Jul/31/2012 15:24:55
754063,REP.VP.2012.TOOMEY,Pat Toomey to be Republican VP nominee in 2012,3,0.3,Jul/31/2012 15:24:55
754063,REP.VP.2012.TOOMEY,Pat Toomey to be Republican VP nominee in 2012,100,0.2,Jul/31/2012 15:24:55
754063,REP.VP.2012.TOOMEY,Pat Toomey to be Republican VP nominee in 2012,50,0.2,Jul/31/2012 15:24:55
754063,REP.VP.2012.TOOMEY,Pat Toomey to be Republican VP nominee in 2012,100,0.2,Jul/31/2012 15:25:26
754063,REP.VP.2012.TOOMEY,Pat Toomey to be Republican VP nominee in 2012,55,0.2,Jul/31/2012 15:26:29
754063,REP.VP.2012.TOOMEY,Pat Toomey to be Republican VP nominee in 2012,1,0.2,Jul/31/2012 15:36:47
754063,REP.VP.2012.TOOMEY,Pat Toomey to be Republican VP nominee in 2012,695,0.2,Jul/31/2012 15:36:47
754063,REP.VP.2012.TOOMEY,Pat Toomey to be Republican VP nominee in 2012,44,0.3,Jul/31/2012 16:21:28
754063,REP.VP.2012.TOOMEY,Pat Toomey to be Republican VP nominee in 2012,56,0.3,Jul/31/2012 16:21:28
754063,REP.VP.2012.TOOMEY,Pat Toomey to be Republican VP nominee in 2012,2,0.3,Aug/01/2012 18:55:12
754063,REP.VP.2012.TOOMEY,Pat Toomey to be Republican VP nominee in 2012,2,0.3,Aug/02/2012 11:20:07
754063,REP.VP.2012.TOOMEY,Pat Toomey to be Republican VP nominee in 2012,100,0.3,Aug/02/2012 11:20:07
754063,REP.VP.2012.TOOMEY,Pat Toomey to be Republican VP nominee in 2012,100,0.3,Aug/02/2012 11:20:07
754063,REP.VP.2012.TOOMEY,Pat Toomey to be Republican VP nominee in 2012,100,0.3,Aug/02/2012 11:20:07
754063,REP.VP.2012.TOOMEY,Pat Toomey to be Republican VP nominee in 2012,100,0.3,Aug/02/2012 11:20:07
754063,REP.VP.2012.TOOMEY,Pat Toomey to be Republican VP nominee in 2012,100,0.3,Aug/02/2012 11:20:07
754063,REP.VP.2012.TOOMEY,Pat Toomey to be Republican VP nominee in 2012,1,0.3,Aug/02/2012 11:20:07
754063,REP.VP.2012.TOOMEY,Pat Toomey to be Republican VP nominee in 2012,42,0.3,Aug/02/2012 11:20:07
754063,REP.VP.2012.TOOMEY,Pat Toomey to be Republican VP nominee in 2012,100,0.3,Aug/02/2012 11:20:07
754063,REP.VP.2012.TOOMEY,Pat Toomey to be Republican VP nominee in 2012,100,0.3,Aug/02/2012 11:20:07
754063,REP.VP.2012.TOOMEY,Pat Toomey to be Republican VP nominee in 2012,55,0.3,Aug/02/2012 11:20:07
754063,REP.VP.2012.TOOMEY,Pat Toomey to be Republican VP nominee in 2012,1,0.4,Aug/03/2012 07:14:38
754063,REP.VP.2012.TOOMEY,Pat Toomey to be Republican VP nominee in 2012,98,0.3,Aug/03/2012 07:14:38
754063,REP.VP.2012.TOOMEY,Pat Toomey to be Republican VP nominee in 2012,100,0.3,Aug/03/2012 07:14:38
754063,REP.VP.2012.TOOMEY,Pat Toomey to be Republican VP nominee in 2012,1,0.3,Aug/03/2012 07:14:38
754063,REP.VP.2012.TOOMEY,Pat Toomey to be Republican VP nominee in 2012,1,0.2,Aug/03/2012 21:56:01
754063,REP.VP.2012.TOOMEY,Pat Toomey to be Republican VP nominee in 2012,3,0.2,Aug/03/2012 21:56:56
754063,REP.VP.2012.TOOMEY,Pat Toomey to be Republican VP nominee in 2012,1,0.2,Aug/03/2012 22:01:15
754063,REP.VP.2012.TOOMEY,Pat Toomey to be Republican VP nominee in 2012,1,0.2,Aug/03/2012 22:03:19
754063,REP.VP.2012.TOOMEY,Pat Toomey to be Republican VP nominee in 2012,2,0.2,Aug/03/2012 22:22:58
754063,REP.VP.2012.TOOMEY,Pat Toomey to be Republican VP nominee in 2012,1,0.2,Aug/03/2012 22:24:10
754063,REP.VP.2012.TOOMEY,Pat Toomey to be Republican VP nominee in 2012,1,0.2,Aug/03/2012 22:31:40
754063,REP.VP.2012.TOOMEY,Pat Toomey to be Republican VP nominee in 2012,20,0.2,Aug/04/2012 00:52:31
754063,REP.VP.2012.TOOMEY,Pat Toomey to be Republican VP nominee in 2012,1,0.2,Aug/04/2012 02:01:15
754063,REP.VP.2012.TOOMEY,Pat Toomey to be Republican VP nominee in 2012,1,0.2,Aug/04/2012 02:02:48
754063,REP.VP.2012.TOOMEY,Pat Toomey to be Republican VP nominee in 2012,1,0.2,Aug/04/2012 02:22:59
754063,REP.VP.2012.TOOMEY,Pat Toomey to be Republican VP nominee in 2012,29,0.2,Aug/05/2012 09:58:53
754063,REP.VP.2012.TOOMEY,Pat Toomey to be Republican VP nominee in 2012,271,0.2,Aug/05/2012 09:58:53
754063,REP.VP.2012.TOOMEY,Pat Toomey to be Republican VP nominee in 2012,1,0.3,Aug/07/2012 13:38:41
754063,REP.VP.2012.TOOMEY,Pat Toomey to be Republican VP nominee in 2012,1,0.3,Aug/07/2012 13:38:41
754063,REP.VP.2012.TOOMEY,Pat Toomey to be Republican VP nominee in 2012,11,0.2,Aug/07/2012 15:35:35
754063,REP.VP.2012.TOOMEY,Pat Toomey to be Republican VP nominee in 2012,50,0.2,Aug/07/2012 15:35:35
754063,REP.VP.2012.TOOMEY,Pat Toomey to be Republican VP nominee in 2012,100,0.2,Aug/07/2012 15:35:35
754063,REP.VP.2012.TOOMEY,Pat Toomey to be Republican VP nominee in 2012,3,0.1,Aug/07/2012 18:14:15
754063,REP.VP.2012.TOOMEY,Pat Toomey to be Republican VP nominee in 2012,5,0.1,Aug/07/2012 18:17:48
754063,REP.VP.2012.TOOMEY,Pat Toomey to be Republican VP nominee in 2012,40,0.1,Aug/07/2012 18:29:47
754063,REP.VP.2012.TOOMEY,Pat Toomey to be Republican VP nominee in 2012,2,0.1,Aug/07/2012 21:06:40
754063,REP.VP.2012.TOOMEY,Pat Toomey to be Republican VP nominee in 2012,100,0.2,Aug/07/2012 21:12:06
754063,REP.VP.2012.TOOMEY,Pat Toomey to be Republican VP nominee in 2012,1,0.2,Aug/07/2012 21:12:06
754063,REP.VP.2012.TOOMEY,Pat Toomey to be Republican VP nominee in 2012,1,0.1,Aug/07/2012 21:16:03
754063,REP.VP.2012.TOOMEY,Pat Toomey to be Republican VP nominee in 2012,100,0.3,Aug/07/2012 21:27:39
754063,REP.VP.2012.TOOMEY,Pat Toomey to be Republican VP nominee in 2012,200,0.3,Aug/07/2012 21:27:39
754063,REP.VP.2012.TOOMEY,Pat Toomey to be Republican VP nominee in 2012,111,0.3,Aug/07/2012 21:27:39
754063,REP.VP.2012.TOOMEY,Pat Toomey to be Republican VP nominee in 2012,1,0.3,Aug/07/2012 21:27:39
754063,REP.VP.2012.TOOMEY,Pat Toomey to be Republican VP nominee in 2012,25,0.3,Aug/07/2012 21:27:39
754063,REP.VP.2012.TOOMEY,Pat Toomey to be Republican VP nominee in 2012,33,0.3,Aug/07/2012 21:27:39
754063,REP.VP.2012.TOOMEY,Pat Toomey to be Republican VP nominee in 2012,100,0.2,Aug/07/2012 21:40:50
754063,REP.VP.2012.TOOMEY,Pat Toomey to be Republican VP nominee in 2012,138,0.1,Aug/07/2012 21:46:48
754063,REP.VP.2012.TOOMEY,Pat Toomey to be Republican VP nominee in 2012,100,0.2,Aug/07/2012 22:00:59
754063,REP.VP.2012.TOOMEY,Pat Toomey to be Republican VP nominee in 2012,11,0.3,Aug/08/2012 03:16:53
754063,REP.VP.2012.TOOMEY,Pat Toomey to be Republican VP nominee in 2012,38,0.3,Aug/08/2012 03:16:53
754063,REP.VP.2012.TOOMEY,Pat Toomey to be Republican VP nominee in 2012,1,0.3,Aug/08/2012 03:16:53
754063,REP.VP.2012.TOOMEY,Pat Toomey to be Republican VP nominee in 2012,1,0.2,Aug/08/2012 14:36:57
754063,REP.VP.2012.TOOMEY,Pat Toomey to be Republican VP nominee in 2012,89,0.3,Aug/08/2012 15:40:58
754063,REP.VP.2012.TOOMEY,Pat Toomey to be Republican VP nominee in 2012,1,0.3,Aug/08/2012 15:40:58
754063,REP.VP.2012.TOOMEY,Pat Toomey to be Republican VP nominee in 2012,10,0.2,Aug/08/2012 17:17:55
754063,REP.VP.2012.TOOMEY,Pat Toomey to be Republican VP nominee in 2012,40,0.2,Aug/08/2012 17:55:31
754063,REP.VP.2012.TOOMEY,Pat Toomey to be Republican VP nominee in 2012,26,0.2,Aug/08/2012 19:02:14
754063,REP.VP.2012.TOOMEY,Pat Toomey to be Republican VP nominee in 2012,123,0.2,Aug/08/2012 22:04:20
754063,REP.VP.2012.TOOMEY,Pat Toomey to be Republican VP nominee in 2012,200,0.2,Aug/08/2012 22:04:20
754063,REP.VP.2012.TOOMEY,Pat Toomey to be Republican VP nominee in 2012,277,0.2,Aug/08/2012 22:12:22
754063,REP.VP.2012.TOOMEY,Pat Toomey to be Republican VP nominee in 2012,56,0.3,Aug/08/2012 22:34:36
754063,REP.VP.2012.TOOMEY,Pat Toomey to be Republican VP nominee in 2012,23,0.2,Aug/09/2012 07:14:13
754063,REP.VP.2012.TOOMEY,Pat Toomey to be Republican VP nominee in 2012,31,0.1,Aug/09/2012 07:15:02
754063,REP.VP.2012.TOOMEY,Pat Toomey to be Republican VP nominee in 2012,2,0.1,Aug/09/2012 20:33:06
754063,REP.VP.2012.TOOMEY,Pat Toomey to be Republican VP nominee in 2012,200,0.2,Aug/09/2012 22:12:04
754063,REP.VP.2012.TOOMEY,Pat Toomey to be Republican VP nominee in 2012,50,0.2,Aug/09/2012 22:40:22
754063,REP.VP.2012.TOOMEY,Pat Toomey to be Republican VP nominee in 2012,1,0.2,Aug/09/2012 22:40:22
754063,REP.VP.2012.TOOMEY,Pat Toomey to be Republican VP nominee in 2012,18,0.2,Aug/09/2012 22:40:22
754063,REP.VP.2012.TOOMEY,Pat Toomey to be Republican VP nominee in 2012,31,0.2,Aug/09/2012 22:40:22
754063,REP.VP.2012.TOOMEY,Pat Toomey to be Republican VP nominee in 2012,5,0.1,Aug/10/2012 04:45:08
754063,REP.VP.2012.TOOMEY,Pat Toomey to be Republican VP nominee in 2012,68,0.2,Aug/10/2012 07:33:10
754063,REP.VP.2012.TOOMEY,Pat Toomey to be Republican VP nominee in 2012,82,0.2,Aug/10/2012 07:33:10
754063,REP.VP.2012.TOOMEY,Pat Toomey to be Republican VP nominee in 2012,3,0.1,Aug/11/2012 01:01:13
754063,REP.VP.2012.TOOMEY,Pat Toomey to be Republican VP nominee in 2012,6,0.1,Aug/11/2012 03:18:01
754063,REP.VP.2012.TOOMEY,Pat Toomey to be Republican VP nominee in 2012,65,0.1,Aug/11/2012 03:20:50
754063,REP.VP.2012.TOOMEY,Pat Toomey to be Republican VP nominee in 2012,8,0.1,Aug/11/2012 03:21:11
754063,REP.VP.2012.TOOMEY,Pat Toomey to be Republican VP nominee in 2012,68,0.1,Aug/11/2012 03:24:53
754063,REP.VP.2012.TOOMEY,Pat Toomey to be Republican VP nominee in 2012,1,0.1,Aug/11/2012 03:26:25
754063,REP.VP.2012.TOOMEY,Pat Toomey to be Republican VP nominee in 2012,31,0.1,Aug/11/2012 03:27:07
754063,REP.VP.2012.TOOMEY,Pat Toomey to be Republican VP nominee in 2012,29,0.1,Aug/11/2012 03:38:09
754063,REP.VP.2012.TOOMEY,Pat Toomey to be Republican VP nominee in 2012,10,0.1,Aug/11/2012 04:06:46
754063,REP.VP.2012.TOOMEY,Pat Toomey to be Republican VP nominee in 2012,17,0.1,Aug/11/2012 20:59:31
