market id,market symbol,market name,trade quantity,trade price,date/time [utc]
744237,REP.VP.2012.KASICH,John Kasich to be Republican VP nominee in 2012,1,1.6,Jan/27/2011 03:20:52
744237,REP.VP.2012.KASICH,John Kasich to be Republican VP nominee in 2012,1,1.6,Feb/02/2011 15:31:18
744237,REP.VP.2012.KASICH,John Kasich to be Republican VP nominee in 2012,1,1.6,Feb/05/2011 19:28:24
744237,REP.VP.2012.KASICH,John Kasich to be Republican VP nominee in 2012,1,1.7,Feb/09/2011 03:17:39
744237,REP.VP.2012.KASICH,John Kasich to be Republican VP nominee in 2012,5,2.1,Mar/19/2011 05:40:25
744237,REP.VP.2012.KASICH,John Kasich to be Republican VP nominee in 2012,1,2.2,Apr/01/2011 04:16:37
744237,REP.VP.2012.KASICH,John Kasich to be Republican VP nominee in 2012,3,2.5,Apr/06/2011 01:02:42
744237,REP.VP.2012.KASICH,John Kasich to be Republican VP nominee in 2012,2,2.9,Apr/06/2011 01:02:42
744237,REP.VP.2012.KASICH,John Kasich to be Republican VP nominee in 2012,5,2.2,Apr/16/2011 15:36:45
744237,REP.VP.2012.KASICH,John Kasich to be Republican VP nominee in 2012,5,2.1,Apr/25/2011 02:20:12
744237,REP.VP.2012.KASICH,John Kasich to be Republican VP nominee in 2012,2,1.6,May/24/2011 16:53:42
744237,REP.VP.2012.KASICH,John Kasich to be Republican VP nominee in 2012,5,1.6,May/28/2011 18:19:55
744237,REP.VP.2012.KASICH,John Kasich to be Republican VP nominee in 2012,5,1.5,Jun/08/2011 02:48:18
744237,REP.VP.2012.KASICH,John Kasich to be Republican VP nominee in 2012,5,1.5,Jun/20/2011 20:19:46
744237,REP.VP.2012.KASICH,John Kasich to be Republican VP nominee in 2012,10,1.5,Jun/20/2011 20:19:46
744237,REP.VP.2012.KASICH,John Kasich to be Republican VP nominee in 2012,5,0.5,Jul/01/2011 17:23:09
744237,REP.VP.2012.KASICH,John Kasich to be Republican VP nominee in 2012,7,0.5,Jul/01/2011 19:36:51
744237,REP.VP.2012.KASICH,John Kasich to be Republican VP nominee in 2012,3,0.5,Jul/01/2011 20:04:36
744237,REP.VP.2012.KASICH,John Kasich to be Republican VP nominee in 2012,3,0.9,Jul/16/2011 05:14:25
744237,REP.VP.2012.KASICH,John Kasich to be Republican VP nominee in 2012,5,0.9,Jul/16/2011 05:15:35
744237,REP.VP.2012.KASICH,John Kasich to be Republican VP nominee in 2012,14,0.9,Jul/16/2011 05:15:57
744237,REP.VP.2012.KASICH,John Kasich to be Republican VP nominee in 2012,1,0.9,Jul/16/2011 05:15:57
744237,REP.VP.2012.KASICH,John Kasich to be Republican VP nominee in 2012,10,0.8,Aug/03/2011 14:53:56
744237,REP.VP.2012.KASICH,John Kasich to be Republican VP nominee in 2012,10,0.8,Aug/09/2011 14:32:30
744237,REP.VP.2012.KASICH,John Kasich to be Republican VP nominee in 2012,1,0.7,Aug/12/2011 02:31:46
744237,REP.VP.2012.KASICH,John Kasich to be Republican VP nominee in 2012,9,0.7,Aug/14/2011 21:15:56
744237,REP.VP.2012.KASICH,John Kasich to be Republican VP nominee in 2012,5,0.9,Aug/16/2011 02:12:15
744237,REP.VP.2012.KASICH,John Kasich to be Republican VP nominee in 2012,10,1.4,Aug/16/2011 02:16:15
744237,REP.VP.2012.KASICH,John Kasich to be Republican VP nominee in 2012,10,1.0,Aug/16/2011 02:16:15
744237,REP.VP.2012.KASICH,John Kasich to be Republican VP nominee in 2012,5,0.9,Aug/16/2011 02:16:15
744237,REP.VP.2012.KASICH,John Kasich to be Republican VP nominee in 2012,10,1.0,Aug/16/2011 02:16:15
744237,REP.VP.2012.KASICH,John Kasich to be Republican VP nominee in 2012,10,1.5,Aug/23/2011 22:43:06
744237,REP.VP.2012.KASICH,John Kasich to be Republican VP nominee in 2012,1,1.8,Aug/24/2011 01:57:04
744237,REP.VP.2012.KASICH,John Kasich to be Republican VP nominee in 2012,10,1.9,Aug/24/2011 01:57:17
744237,REP.VP.2012.KASICH,John Kasich to be Republican VP nominee in 2012,10,2.0,Aug/24/2011 01:57:30
744237,REP.VP.2012.KASICH,John Kasich to be Republican VP nominee in 2012,10,2.0,Aug/24/2011 01:57:30
744237,REP.VP.2012.KASICH,John Kasich to be Republican VP nominee in 2012,5,2.0,Aug/24/2011 01:57:30
744237,REP.VP.2012.KASICH,John Kasich to be Republican VP nominee in 2012,1,2.4,Aug/28/2011 02:31:46
744237,REP.VP.2012.KASICH,John Kasich to be Republican VP nominee in 2012,3,2.4,Sep/01/2011 02:11:27
744237,REP.VP.2012.KASICH,John Kasich to be Republican VP nominee in 2012,7,2.4,Sep/02/2011 02:02:15
744237,REP.VP.2012.KASICH,John Kasich to be Republican VP nominee in 2012,1,2.5,Sep/02/2011 02:02:15
744237,REP.VP.2012.KASICH,John Kasich to be Republican VP nominee in 2012,30,4.0,Sep/05/2011 01:46:13
744237,REP.VP.2012.KASICH,John Kasich to be Republican VP nominee in 2012,39,3.0,Sep/05/2011 01:46:13
744237,REP.VP.2012.KASICH,John Kasich to be Republican VP nominee in 2012,7,3.4,Sep/05/2011 01:46:13
744237,REP.VP.2012.KASICH,John Kasich to be Republican VP nominee in 2012,50,3.5,Sep/05/2011 01:46:13
744237,REP.VP.2012.KASICH,John Kasich to be Republican VP nominee in 2012,24,4.5,Sep/05/2011 01:46:13
744237,REP.VP.2012.KASICH,John Kasich to be Republican VP nominee in 2012,1,3.4,Sep/05/2011 16:37:01
744237,REP.VP.2012.KASICH,John Kasich to be Republican VP nominee in 2012,20,3.0,Sep/13/2011 14:14:32
744237,REP.VP.2012.KASICH,John Kasich to be Republican VP nominee in 2012,5,3.1,Sep/13/2011 14:14:32
744237,REP.VP.2012.KASICH,John Kasich to be Republican VP nominee in 2012,5,2.5,Sep/15/2011 22:25:09
744237,REP.VP.2012.KASICH,John Kasich to be Republican VP nominee in 2012,2,2.0,Sep/19/2011 20:06:02
744237,REP.VP.2012.KASICH,John Kasich to be Republican VP nominee in 2012,10,1.8,Sep/29/2011 02:46:52
744237,REP.VP.2012.KASICH,John Kasich to be Republican VP nominee in 2012,1,1.3,Sep/30/2011 09:08:07
744237,REP.VP.2012.KASICH,John Kasich to be Republican VP nominee in 2012,1,1.3,Sep/30/2011 09:09:22
744237,REP.VP.2012.KASICH,John Kasich to be Republican VP nominee in 2012,10,1.2,Sep/30/2011 22:34:09
744237,REP.VP.2012.KASICH,John Kasich to be Republican VP nominee in 2012,2,1.1,Sep/30/2011 22:34:09
744237,REP.VP.2012.KASICH,John Kasich to be Republican VP nominee in 2012,8,1.0,Oct/01/2011 18:24:46
744237,REP.VP.2012.KASICH,John Kasich to be Republican VP nominee in 2012,20,2.0,Oct/01/2011 18:24:58
744237,REP.VP.2012.KASICH,John Kasich to be Republican VP nominee in 2012,2,0.6,Oct/05/2011 00:33:02
744237,REP.VP.2012.KASICH,John Kasich to be Republican VP nominee in 2012,20,2.0,Oct/06/2011 00:40:31
744237,REP.VP.2012.KASICH,John Kasich to be Republican VP nominee in 2012,1,2.0,Oct/06/2011 00:40:31
744237,REP.VP.2012.KASICH,John Kasich to be Republican VP nominee in 2012,20,2.0,Oct/06/2011 00:40:31
744237,REP.VP.2012.KASICH,John Kasich to be Republican VP nominee in 2012,1,2.4,Oct/06/2011 18:26:23
744237,REP.VP.2012.KASICH,John Kasich to be Republican VP nominee in 2012,2,2.4,Oct/06/2011 18:26:23
744237,REP.VP.2012.KASICH,John Kasich to be Republican VP nominee in 2012,20,2.5,Oct/06/2011 18:26:33
744237,REP.VP.2012.KASICH,John Kasich to be Republican VP nominee in 2012,13,2.5,Oct/06/2011 18:26:33
744237,REP.VP.2012.KASICH,John Kasich to be Republican VP nominee in 2012,2,2.9,Oct/06/2011 18:26:46
744237,REP.VP.2012.KASICH,John Kasich to be Republican VP nominee in 2012,2,3.0,Oct/06/2011 18:26:56
744237,REP.VP.2012.KASICH,John Kasich to be Republican VP nominee in 2012,20,3.0,Oct/06/2011 18:26:56
744237,REP.VP.2012.KASICH,John Kasich to be Republican VP nominee in 2012,20,3.0,Oct/06/2011 18:26:56
744237,REP.VP.2012.KASICH,John Kasich to be Republican VP nominee in 2012,20,3.0,Oct/06/2011 18:26:56
744237,REP.VP.2012.KASICH,John Kasich to be Republican VP nominee in 2012,15,3.0,Oct/06/2011 18:26:56
744237,REP.VP.2012.KASICH,John Kasich to be Republican VP nominee in 2012,10,3.0,Oct/06/2011 18:47:34
744237,REP.VP.2012.KASICH,John Kasich to be Republican VP nominee in 2012,1,1.8,Oct/12/2011 07:05:57
744237,REP.VP.2012.KASICH,John Kasich to be Republican VP nominee in 2012,19,1.8,Oct/12/2011 07:48:38
744237,REP.VP.2012.KASICH,John Kasich to be Republican VP nominee in 2012,1,1.6,Oct/12/2011 11:22:37
744237,REP.VP.2012.KASICH,John Kasich to be Republican VP nominee in 2012,1,1.5,Oct/12/2011 11:22:48
744237,REP.VP.2012.KASICH,John Kasich to be Republican VP nominee in 2012,1,1.1,Oct/12/2011 11:22:48
744237,REP.VP.2012.KASICH,John Kasich to be Republican VP nominee in 2012,1,1.0,Oct/12/2011 11:24:26
744237,REP.VP.2012.KASICH,John Kasich to be Republican VP nominee in 2012,1,1.1,Oct/12/2011 11:24:26
744237,REP.VP.2012.KASICH,John Kasich to be Republican VP nominee in 2012,1,1.0,Oct/12/2011 11:24:31
744237,REP.VP.2012.KASICH,John Kasich to be Republican VP nominee in 2012,3,1.0,Oct/12/2011 11:24:31
744237,REP.VP.2012.KASICH,John Kasich to be Republican VP nominee in 2012,4,0.8,Oct/12/2011 11:25:37
744237,REP.VP.2012.KASICH,John Kasich to be Republican VP nominee in 2012,2,1.0,Oct/12/2011 11:25:37
744237,REP.VP.2012.KASICH,John Kasich to be Republican VP nominee in 2012,1,0.8,Oct/12/2011 11:27:30
744237,REP.VP.2012.KASICH,John Kasich to be Republican VP nominee in 2012,8,0.6,Oct/12/2011 11:27:30
744237,REP.VP.2012.KASICH,John Kasich to be Republican VP nominee in 2012,1,0.7,Oct/12/2011 11:27:30
744237,REP.VP.2012.KASICH,John Kasich to be Republican VP nominee in 2012,6,0.9,Oct/13/2011 18:40:58
744237,REP.VP.2012.KASICH,John Kasich to be Republican VP nominee in 2012,94,0.9,Oct/13/2011 18:48:15
744237,REP.VP.2012.KASICH,John Kasich to be Republican VP nominee in 2012,6,0.9,Oct/13/2011 18:48:15
744237,REP.VP.2012.KASICH,John Kasich to be Republican VP nominee in 2012,2,1.0,Oct/19/2011 12:23:44
744237,REP.VP.2012.KASICH,John Kasich to be Republican VP nominee in 2012,1,0.8,Oct/22/2011 22:02:21
744237,REP.VP.2012.KASICH,John Kasich to be Republican VP nominee in 2012,1,0.7,Oct/23/2011 10:44:09
744237,REP.VP.2012.KASICH,John Kasich to be Republican VP nominee in 2012,1,0.7,Oct/23/2011 10:50:40
744237,REP.VP.2012.KASICH,John Kasich to be Republican VP nominee in 2012,2,0.7,Oct/23/2011 11:47:14
744237,REP.VP.2012.KASICH,John Kasich to be Republican VP nominee in 2012,7,0.8,Oct/23/2011 14:07:30
744237,REP.VP.2012.KASICH,John Kasich to be Republican VP nominee in 2012,1,0.8,Oct/23/2011 14:10:43
744237,REP.VP.2012.KASICH,John Kasich to be Republican VP nominee in 2012,1,0.8,Oct/23/2011 14:17:41
744237,REP.VP.2012.KASICH,John Kasich to be Republican VP nominee in 2012,1,0.8,Oct/23/2011 14:18:34
744237,REP.VP.2012.KASICH,John Kasich to be Republican VP nominee in 2012,2,0.7,Oct/23/2011 14:19:18
744237,REP.VP.2012.KASICH,John Kasich to be Republican VP nominee in 2012,10,0.7,Oct/23/2011 15:15:03
744237,REP.VP.2012.KASICH,John Kasich to be Republican VP nominee in 2012,10,0.7,Oct/23/2011 15:16:15
744237,REP.VP.2012.KASICH,John Kasich to be Republican VP nominee in 2012,10,0.7,Oct/23/2011 15:31:46
744237,REP.VP.2012.KASICH,John Kasich to be Republican VP nominee in 2012,2,0.9,Oct/25/2011 12:07:24
744237,REP.VP.2012.KASICH,John Kasich to be Republican VP nominee in 2012,47,0.9,Oct/25/2011 12:07:24
744237,REP.VP.2012.KASICH,John Kasich to be Republican VP nominee in 2012,1,0.9,Oct/25/2011 12:07:24
744237,REP.VP.2012.KASICH,John Kasich to be Republican VP nominee in 2012,53,0.9,Oct/25/2011 12:42:45
744237,REP.VP.2012.KASICH,John Kasich to be Republican VP nominee in 2012,1,1.0,Oct/25/2011 20:56:15
744237,REP.VP.2012.KASICH,John Kasich to be Republican VP nominee in 2012,200,1.0,Oct/25/2011 20:56:15
744237,REP.VP.2012.KASICH,John Kasich to be Republican VP nominee in 2012,36,1.4,Oct/26/2011 05:59:50
744237,REP.VP.2012.KASICH,John Kasich to be Republican VP nominee in 2012,10,1.4,Oct/27/2011 13:09:12
744237,REP.VP.2012.KASICH,John Kasich to be Republican VP nominee in 2012,14,1.4,Oct/29/2011 21:47:18
744237,REP.VP.2012.KASICH,John Kasich to be Republican VP nominee in 2012,1,1.4,Oct/29/2011 21:47:18
744237,REP.VP.2012.KASICH,John Kasich to be Republican VP nominee in 2012,40,2.0,Oct/29/2011 21:47:54
744237,REP.VP.2012.KASICH,John Kasich to be Republican VP nominee in 2012,20,2.0,Oct/29/2011 21:51:53
744237,REP.VP.2012.KASICH,John Kasich to be Republican VP nominee in 2012,29,0.9,Nov/01/2011 09:07:04
744237,REP.VP.2012.KASICH,John Kasich to be Republican VP nominee in 2012,1,1.0,Nov/01/2011 09:07:04
744237,REP.VP.2012.KASICH,John Kasich to be Republican VP nominee in 2012,100,1.0,Nov/09/2011 09:12:30
744237,REP.VP.2012.KASICH,John Kasich to be Republican VP nominee in 2012,20,1.3,Nov/11/2011 06:51:25
744237,REP.VP.2012.KASICH,John Kasich to be Republican VP nominee in 2012,1,1.3,Nov/11/2011 06:51:25
744237,REP.VP.2012.KASICH,John Kasich to be Republican VP nominee in 2012,1,1.4,Nov/11/2011 06:51:36
744237,REP.VP.2012.KASICH,John Kasich to be Republican VP nominee in 2012,2,1.0,Nov/18/2011 07:24:54
744237,REP.VP.2012.KASICH,John Kasich to be Republican VP nominee in 2012,34,0.9,Nov/18/2011 07:25:08
744237,REP.VP.2012.KASICH,John Kasich to be Republican VP nominee in 2012,1,1.0,Nov/18/2011 19:59:12
744237,REP.VP.2012.KASICH,John Kasich to be Republican VP nominee in 2012,17,1.0,Nov/18/2011 19:59:12
744237,REP.VP.2012.KASICH,John Kasich to be Republican VP nominee in 2012,1,1.4,Nov/18/2011 19:59:29
744237,REP.VP.2012.KASICH,John Kasich to be Republican VP nominee in 2012,1,1.5,Nov/18/2011 19:59:49
744237,REP.VP.2012.KASICH,John Kasich to be Republican VP nominee in 2012,29,1.5,Nov/18/2011 19:59:49
744237,REP.VP.2012.KASICH,John Kasich to be Republican VP nominee in 2012,1,1.5,Nov/18/2011 19:59:49
744237,REP.VP.2012.KASICH,John Kasich to be Republican VP nominee in 2012,3,1.0,Nov/20/2011 17:00:22
744237,REP.VP.2012.KASICH,John Kasich to be Republican VP nominee in 2012,1,1.0,Nov/25/2011 00:07:30
744237,REP.VP.2012.KASICH,John Kasich to be Republican VP nominee in 2012,111,1.0,Nov/25/2011 00:07:30
744237,REP.VP.2012.KASICH,John Kasich to be Republican VP nominee in 2012,1,1.0,Dec/01/2011 22:31:38
744237,REP.VP.2012.KASICH,John Kasich to be Republican VP nominee in 2012,50,1.0,Dec/01/2011 22:31:38
744237,REP.VP.2012.KASICH,John Kasich to be Republican VP nominee in 2012,13,0.9,Dec/02/2011 20:03:55
744237,REP.VP.2012.KASICH,John Kasich to be Republican VP nominee in 2012,37,0.9,Dec/02/2011 20:03:55
744237,REP.VP.2012.KASICH,John Kasich to be Republican VP nominee in 2012,9,0.9,Dec/02/2011 20:05:57
744237,REP.VP.2012.KASICH,John Kasich to be Republican VP nominee in 2012,25,0.9,Dec/02/2011 20:05:57
744237,REP.VP.2012.KASICH,John Kasich to be Republican VP nominee in 2012,16,0.9,Dec/02/2011 20:05:57
744237,REP.VP.2012.KASICH,John Kasich to be Republican VP nominee in 2012,1,0.9,Dec/06/2011 21:40:08
744237,REP.VP.2012.KASICH,John Kasich to be Republican VP nominee in 2012,1,0.9,Dec/06/2011 21:40:08
744237,REP.VP.2012.KASICH,John Kasich to be Republican VP nominee in 2012,29,0.7,Dec/17/2011 16:38:18
744237,REP.VP.2012.KASICH,John Kasich to be Republican VP nominee in 2012,1,0.8,Dec/17/2011 16:38:18
744237,REP.VP.2012.KASICH,John Kasich to be Republican VP nominee in 2012,16,0.7,Dec/17/2011 16:38:18
744237,REP.VP.2012.KASICH,John Kasich to be Republican VP nominee in 2012,4,0.8,Dec/17/2011 16:38:18
744237,REP.VP.2012.KASICH,John Kasich to be Republican VP nominee in 2012,50,0.7,Dec/19/2011 16:19:24
744237,REP.VP.2012.KASICH,John Kasich to be Republican VP nominee in 2012,50,0.7,Dec/23/2011 15:27:39
744237,REP.VP.2012.KASICH,John Kasich to be Republican VP nominee in 2012,21,0.7,Dec/27/2011 16:34:27
744237,REP.VP.2012.KASICH,John Kasich to be Republican VP nominee in 2012,20,0.5,Dec/27/2011 16:34:27
744237,REP.VP.2012.KASICH,John Kasich to be Republican VP nominee in 2012,10,0.6,Dec/27/2011 16:34:27
744237,REP.VP.2012.KASICH,John Kasich to be Republican VP nominee in 2012,50,0.5,Dec/31/2011 08:45:09
744237,REP.VP.2012.KASICH,John Kasich to be Republican VP nominee in 2012,1,0.5,Dec/31/2011 08:45:09
744237,REP.VP.2012.KASICH,John Kasich to be Republican VP nominee in 2012,65,0.5,Dec/31/2011 08:45:09
744237,REP.VP.2012.KASICH,John Kasich to be Republican VP nominee in 2012,50,0.5,Jan/04/2012 19:12:06
744237,REP.VP.2012.KASICH,John Kasich to be Republican VP nominee in 2012,8,0.4,Jan/04/2012 19:18:23
744237,REP.VP.2012.KASICH,John Kasich to be Republican VP nominee in 2012,2,0.4,Jan/04/2012 19:18:23
744237,REP.VP.2012.KASICH,John Kasich to be Republican VP nominee in 2012,9,0.4,Jan/04/2012 19:29:41
744237,REP.VP.2012.KASICH,John Kasich to be Republican VP nominee in 2012,24,0.4,Jan/07/2012 04:41:52
744237,REP.VP.2012.KASICH,John Kasich to be Republican VP nominee in 2012,4,0.4,Jan/17/2012 03:58:19
744237,REP.VP.2012.KASICH,John Kasich to be Republican VP nominee in 2012,1,0.4,Jan/18/2012 03:42:12
744237,REP.VP.2012.KASICH,John Kasich to be Republican VP nominee in 2012,54,0.4,Jan/18/2012 11:17:21
744237,REP.VP.2012.KASICH,John Kasich to be Republican VP nominee in 2012,100,0.2,Jan/18/2012 22:57:41
744237,REP.VP.2012.KASICH,John Kasich to be Republican VP nominee in 2012,50,0.3,Jan/20/2012 02:55:38
744237,REP.VP.2012.KASICH,John Kasich to be Republican VP nominee in 2012,1,0.3,Jan/20/2012 02:55:38
744237,REP.VP.2012.KASICH,John Kasich to be Republican VP nominee in 2012,16,0.3,Jan/22/2012 17:02:42
744237,REP.VP.2012.KASICH,John Kasich to be Republican VP nominee in 2012,2,0.3,Jan/24/2012 00:59:14
744237,REP.VP.2012.KASICH,John Kasich to be Republican VP nominee in 2012,4,0.3,Jan/24/2012 21:12:39
744237,REP.VP.2012.KASICH,John Kasich to be Republican VP nominee in 2012,17,0.3,Jan/25/2012 23:22:07
744237,REP.VP.2012.KASICH,John Kasich to be Republican VP nominee in 2012,28,0.3,Jan/25/2012 23:22:07
744237,REP.VP.2012.KASICH,John Kasich to be Republican VP nominee in 2012,1,0.3,Jan/25/2012 23:22:07
744237,REP.VP.2012.KASICH,John Kasich to be Republican VP nominee in 2012,3,0.3,Jan/26/2012 14:09:43
744237,REP.VP.2012.KASICH,John Kasich to be Republican VP nominee in 2012,1,0.3,Jan/26/2012 14:09:43
744237,REP.VP.2012.KASICH,John Kasich to be Republican VP nominee in 2012,50,0.3,Jan/27/2012 23:01:10
744237,REP.VP.2012.KASICH,John Kasich to be Republican VP nominee in 2012,1,0.3,Jan/27/2012 23:01:10
744237,REP.VP.2012.KASICH,John Kasich to be Republican VP nominee in 2012,6,0.3,Jan/27/2012 23:01:10
744237,REP.VP.2012.KASICH,John Kasich to be Republican VP nominee in 2012,50,0.4,Jan/27/2012 23:01:33
744237,REP.VP.2012.KASICH,John Kasich to be Republican VP nominee in 2012,10,0.4,Jan/27/2012 23:01:33
744237,REP.VP.2012.KASICH,John Kasich to be Republican VP nominee in 2012,50,0.4,Jan/27/2012 23:01:33
744237,REP.VP.2012.KASICH,John Kasich to be Republican VP nominee in 2012,50,0.5,Jan/27/2012 23:03:02
744237,REP.VP.2012.KASICH,John Kasich to be Republican VP nominee in 2012,50,0.5,Jan/27/2012 23:03:02
744237,REP.VP.2012.KASICH,John Kasich to be Republican VP nominee in 2012,54,0.5,Jan/27/2012 23:03:02
744237,REP.VP.2012.KASICH,John Kasich to be Republican VP nominee in 2012,1,0.5,Jan/27/2012 23:03:02
744237,REP.VP.2012.KASICH,John Kasich to be Republican VP nominee in 2012,50,0.5,Jan/27/2012 23:03:02
744237,REP.VP.2012.KASICH,John Kasich to be Republican VP nominee in 2012,10,0.4,Feb/03/2012 19:35:51
744237,REP.VP.2012.KASICH,John Kasich to be Republican VP nominee in 2012,50,0.4,Feb/07/2012 01:26:00
744237,REP.VP.2012.KASICH,John Kasich to be Republican VP nominee in 2012,1,0.4,Feb/07/2012 01:26:00
744237,REP.VP.2012.KASICH,John Kasich to be Republican VP nominee in 2012,50,0.4,Feb/07/2012 01:26:00
744237,REP.VP.2012.KASICH,John Kasich to be Republican VP nominee in 2012,40,0.4,Feb/07/2012 01:26:00
744237,REP.VP.2012.KASICH,John Kasich to be Republican VP nominee in 2012,19,0.4,Feb/07/2012 15:45:44
744237,REP.VP.2012.KASICH,John Kasich to be Republican VP nominee in 2012,50,0.4,Feb/08/2012 13:43:57
744237,REP.VP.2012.KASICH,John Kasich to be Republican VP nominee in 2012,1,0.4,Feb/08/2012 13:43:57
744237,REP.VP.2012.KASICH,John Kasich to be Republican VP nominee in 2012,50,0.3,Feb/11/2012 06:50:26
744237,REP.VP.2012.KASICH,John Kasich to be Republican VP nominee in 2012,10,0.3,Feb/11/2012 06:50:26
744237,REP.VP.2012.KASICH,John Kasich to be Republican VP nominee in 2012,10,0.4,Feb/13/2012 09:40:01
744237,REP.VP.2012.KASICH,John Kasich to be Republican VP nominee in 2012,1,0.4,Feb/13/2012 09:40:01
744237,REP.VP.2012.KASICH,John Kasich to be Republican VP nominee in 2012,17,0.4,Feb/22/2012 06:18:38
744237,REP.VP.2012.KASICH,John Kasich to be Republican VP nominee in 2012,43,0.4,Feb/24/2012 03:20:51
744237,REP.VP.2012.KASICH,John Kasich to be Republican VP nominee in 2012,40,0.3,Feb/25/2012 21:56:06
744237,REP.VP.2012.KASICH,John Kasich to be Republican VP nominee in 2012,10,0.3,Feb/25/2012 21:56:06
744237,REP.VP.2012.KASICH,John Kasich to be Republican VP nominee in 2012,20,0.3,Feb/29/2012 00:51:44
744237,REP.VP.2012.KASICH,John Kasich to be Republican VP nominee in 2012,10,0.3,Feb/29/2012 00:51:44
744237,REP.VP.2012.KASICH,John Kasich to be Republican VP nominee in 2012,1,0.3,Feb/29/2012 21:27:46
744237,REP.VP.2012.KASICH,John Kasich to be Republican VP nominee in 2012,20,0.3,Feb/29/2012 21:27:46
744237,REP.VP.2012.KASICH,John Kasich to be Republican VP nominee in 2012,10,0.4,Feb/29/2012 22:05:40
744237,REP.VP.2012.KASICH,John Kasich to be Republican VP nominee in 2012,119,0.4,Feb/29/2012 22:05:40
744237,REP.VP.2012.KASICH,John Kasich to be Republican VP nominee in 2012,7,0.4,Feb/29/2012 22:05:40
744237,REP.VP.2012.KASICH,John Kasich to be Republican VP nominee in 2012,12,0.3,Mar/03/2012 19:03:15
744237,REP.VP.2012.KASICH,John Kasich to be Republican VP nominee in 2012,38,0.3,Mar/04/2012 22:32:09
744237,REP.VP.2012.KASICH,John Kasich to be Republican VP nominee in 2012,1,0.3,Mar/04/2012 22:32:09
744237,REP.VP.2012.KASICH,John Kasich to be Republican VP nominee in 2012,50,0.4,Mar/04/2012 22:32:23
744237,REP.VP.2012.KASICH,John Kasich to be Republican VP nominee in 2012,50,0.4,Mar/04/2012 22:32:23
744237,REP.VP.2012.KASICH,John Kasich to be Republican VP nominee in 2012,12,0.4,Mar/04/2012 22:32:23
744237,REP.VP.2012.KASICH,John Kasich to be Republican VP nominee in 2012,14,0.3,Mar/05/2012 09:48:37
744237,REP.VP.2012.KASICH,John Kasich to be Republican VP nominee in 2012,1,0.4,Mar/06/2012 19:12:07
744237,REP.VP.2012.KASICH,John Kasich to be Republican VP nominee in 2012,14,0.4,Mar/06/2012 19:12:07
744237,REP.VP.2012.KASICH,John Kasich to be Republican VP nominee in 2012,50,0.5,Mar/07/2012 15:35:49
744237,REP.VP.2012.KASICH,John Kasich to be Republican VP nominee in 2012,1,0.4,Mar/07/2012 15:35:49
744237,REP.VP.2012.KASICH,John Kasich to be Republican VP nominee in 2012,50,0.5,Mar/07/2012 15:35:49
744237,REP.VP.2012.KASICH,John Kasich to be Republican VP nominee in 2012,50,0.4,Mar/07/2012 15:35:49
744237,REP.VP.2012.KASICH,John Kasich to be Republican VP nominee in 2012,49,0.5,Mar/07/2012 15:35:49
744237,REP.VP.2012.KASICH,John Kasich to be Republican VP nominee in 2012,50,0.5,Mar/07/2012 15:35:49
744237,REP.VP.2012.KASICH,John Kasich to be Republican VP nominee in 2012,50,0.5,Mar/07/2012 15:35:49
744237,REP.VP.2012.KASICH,John Kasich to be Republican VP nominee in 2012,50,0.5,Mar/07/2012 15:35:49
744237,REP.VP.2012.KASICH,John Kasich to be Republican VP nominee in 2012,6,0.3,Mar/08/2012 02:33:27
744237,REP.VP.2012.KASICH,John Kasich to be Republican VP nominee in 2012,4,0.3,Mar/08/2012 02:33:49
744237,REP.VP.2012.KASICH,John Kasich to be Republican VP nominee in 2012,6,0.3,Mar/08/2012 03:14:35
744237,REP.VP.2012.KASICH,John Kasich to be Republican VP nominee in 2012,44,0.3,Mar/08/2012 14:39:03
744237,REP.VP.2012.KASICH,John Kasich to be Republican VP nominee in 2012,50,0.3,Mar/08/2012 14:39:03
744237,REP.VP.2012.KASICH,John Kasich to be Republican VP nominee in 2012,1,0.3,Mar/08/2012 14:39:03
744237,REP.VP.2012.KASICH,John Kasich to be Republican VP nominee in 2012,50,0.4,Mar/10/2012 18:27:41
744237,REP.VP.2012.KASICH,John Kasich to be Republican VP nominee in 2012,48,0.4,Mar/10/2012 18:27:41
744237,REP.VP.2012.KASICH,John Kasich to be Republican VP nominee in 2012,6,0.4,Mar/10/2012 18:27:41
744237,REP.VP.2012.KASICH,John Kasich to be Republican VP nominee in 2012,10,0.4,Mar/10/2012 18:27:41
744237,REP.VP.2012.KASICH,John Kasich to be Republican VP nominee in 2012,1,0.4,Mar/10/2012 18:27:41
744237,REP.VP.2012.KASICH,John Kasich to be Republican VP nominee in 2012,2,0.4,Mar/12/2012 05:37:35
744237,REP.VP.2012.KASICH,John Kasich to be Republican VP nominee in 2012,1,0.4,Mar/12/2012 05:37:35
744237,REP.VP.2012.KASICH,John Kasich to be Republican VP nominee in 2012,1,0.4,Mar/15/2012 14:42:35
744237,REP.VP.2012.KASICH,John Kasich to be Republican VP nominee in 2012,59,0.4,Mar/15/2012 14:46:39
744237,REP.VP.2012.KASICH,John Kasich to be Republican VP nominee in 2012,50,0.3,Mar/16/2012 23:18:05
744237,REP.VP.2012.KASICH,John Kasich to be Republican VP nominee in 2012,2,0.3,Mar/17/2012 20:24:26
744237,REP.VP.2012.KASICH,John Kasich to be Republican VP nominee in 2012,100,0.3,Mar/19/2012 15:17:52
744237,REP.VP.2012.KASICH,John Kasich to be Republican VP nominee in 2012,50,0.3,Mar/22/2012 14:54:14
744237,REP.VP.2012.KASICH,John Kasich to be Republican VP nominee in 2012,41,0.4,Mar/22/2012 16:50:38
744237,REP.VP.2012.KASICH,John Kasich to be Republican VP nominee in 2012,1,0.4,Mar/22/2012 16:50:38
744237,REP.VP.2012.KASICH,John Kasich to be Republican VP nominee in 2012,2,0.4,Mar/22/2012 16:50:38
744237,REP.VP.2012.KASICH,John Kasich to be Republican VP nominee in 2012,50,0.4,Mar/22/2012 16:50:38
744237,REP.VP.2012.KASICH,John Kasich to be Republican VP nominee in 2012,2,0.3,Mar/23/2012 13:41:52
744237,REP.VP.2012.KASICH,John Kasich to be Republican VP nominee in 2012,8,0.3,Mar/23/2012 13:59:23
744237,REP.VP.2012.KASICH,John Kasich to be Republican VP nominee in 2012,3,0.3,Mar/23/2012 14:00:25
744237,REP.VP.2012.KASICH,John Kasich to be Republican VP nominee in 2012,1,0.3,Mar/23/2012 14:02:28
744237,REP.VP.2012.KASICH,John Kasich to be Republican VP nominee in 2012,1,0.3,Mar/23/2012 14:06:16
744237,REP.VP.2012.KASICH,John Kasich to be Republican VP nominee in 2012,100,0.3,Mar/23/2012 14:35:07
744237,REP.VP.2012.KASICH,John Kasich to be Republican VP nominee in 2012,2,0.4,Mar/24/2012 13:14:17
744237,REP.VP.2012.KASICH,John Kasich to be Republican VP nominee in 2012,47,0.4,Mar/24/2012 13:14:17
744237,REP.VP.2012.KASICH,John Kasich to be Republican VP nominee in 2012,1,0.4,Mar/24/2012 13:14:17
744237,REP.VP.2012.KASICH,John Kasich to be Republican VP nominee in 2012,50,0.4,Mar/24/2012 13:16:49
744237,REP.VP.2012.KASICH,John Kasich to be Republican VP nominee in 2012,36,0.3,Mar/25/2012 01:15:40
744237,REP.VP.2012.KASICH,John Kasich to be Republican VP nominee in 2012,12,0.3,Mar/25/2012 15:11:17
744237,REP.VP.2012.KASICH,John Kasich to be Republican VP nominee in 2012,100,0.3,Mar/25/2012 15:30:07
744237,REP.VP.2012.KASICH,John Kasich to be Republican VP nominee in 2012,100,0.3,Mar/25/2012 20:08:23
744237,REP.VP.2012.KASICH,John Kasich to be Republican VP nominee in 2012,50,0.3,Mar/25/2012 22:07:43
744237,REP.VP.2012.KASICH,John Kasich to be Republican VP nominee in 2012,20,0.3,Mar/26/2012 00:26:04
744237,REP.VP.2012.KASICH,John Kasich to be Republican VP nominee in 2012,100,0.3,Mar/26/2012 15:12:51
744237,REP.VP.2012.KASICH,John Kasich to be Republican VP nominee in 2012,20,0.3,Mar/26/2012 22:08:15
744237,REP.VP.2012.KASICH,John Kasich to be Republican VP nominee in 2012,3,0.3,Mar/27/2012 03:10:42
744237,REP.VP.2012.KASICH,John Kasich to be Republican VP nominee in 2012,1,0.3,Mar/27/2012 14:09:32
744237,REP.VP.2012.KASICH,John Kasich to be Republican VP nominee in 2012,2,0.3,Mar/27/2012 14:09:54
744237,REP.VP.2012.KASICH,John Kasich to be Republican VP nominee in 2012,1,0.3,Mar/27/2012 14:13:06
744237,REP.VP.2012.KASICH,John Kasich to be Republican VP nominee in 2012,1,0.3,Mar/27/2012 14:38:19
744237,REP.VP.2012.KASICH,John Kasich to be Republican VP nominee in 2012,5,0.3,Mar/27/2012 14:46:12
744237,REP.VP.2012.KASICH,John Kasich to be Republican VP nominee in 2012,3,0.3,Mar/27/2012 14:47:16
744237,REP.VP.2012.KASICH,John Kasich to be Republican VP nominee in 2012,2,0.3,Mar/27/2012 14:48:20
744237,REP.VP.2012.KASICH,John Kasich to be Republican VP nominee in 2012,3,0.3,Mar/27/2012 14:49:12
744237,REP.VP.2012.KASICH,John Kasich to be Republican VP nominee in 2012,7,0.3,Mar/27/2012 14:51:34
744237,REP.VP.2012.KASICH,John Kasich to be Republican VP nominee in 2012,7,0.3,Mar/27/2012 14:52:06
744237,REP.VP.2012.KASICH,John Kasich to be Republican VP nominee in 2012,8,0.3,Mar/27/2012 14:52:26
744237,REP.VP.2012.KASICH,John Kasich to be Republican VP nominee in 2012,8,0.3,Mar/27/2012 14:52:57
744237,REP.VP.2012.KASICH,John Kasich to be Republican VP nominee in 2012,2,0.3,Mar/27/2012 14:53:18
744237,REP.VP.2012.KASICH,John Kasich to be Republican VP nominee in 2012,1,0.3,Mar/27/2012 14:53:49
744237,REP.VP.2012.KASICH,John Kasich to be Republican VP nominee in 2012,9,0.3,Mar/27/2012 14:55:05
744237,REP.VP.2012.KASICH,John Kasich to be Republican VP nominee in 2012,6,0.3,Mar/27/2012 14:56:24
744237,REP.VP.2012.KASICH,John Kasich to be Republican VP nominee in 2012,4,0.3,Mar/27/2012 14:56:47
744237,REP.VP.2012.KASICH,John Kasich to be Republican VP nominee in 2012,9,0.3,Mar/27/2012 14:58:31
744237,REP.VP.2012.KASICH,John Kasich to be Republican VP nominee in 2012,5,0.3,Mar/27/2012 14:58:54
744237,REP.VP.2012.KASICH,John Kasich to be Republican VP nominee in 2012,3,0.3,Mar/27/2012 14:59:57
744237,REP.VP.2012.KASICH,John Kasich to be Republican VP nominee in 2012,1,0.3,Mar/27/2012 15:20:34
744237,REP.VP.2012.KASICH,John Kasich to be Republican VP nominee in 2012,1,0.3,Mar/27/2012 15:52:39
744237,REP.VP.2012.KASICH,John Kasich to be Republican VP nominee in 2012,1,0.3,Mar/27/2012 16:06:11
744237,REP.VP.2012.KASICH,John Kasich to be Republican VP nominee in 2012,3,0.3,Mar/27/2012 19:03:52
744237,REP.VP.2012.KASICH,John Kasich to be Republican VP nominee in 2012,20,0.3,Mar/27/2012 20:05:21
744237,REP.VP.2012.KASICH,John Kasich to be Republican VP nominee in 2012,20,0.3,Mar/27/2012 23:49:20
744237,REP.VP.2012.KASICH,John Kasich to be Republican VP nominee in 2012,1,0.4,Mar/28/2012 16:50:47
744237,REP.VP.2012.KASICH,John Kasich to be Republican VP nominee in 2012,26,0.4,Mar/28/2012 16:50:47
744237,REP.VP.2012.KASICH,John Kasich to be Republican VP nominee in 2012,3,0.4,Mar/28/2012 16:50:47
744237,REP.VP.2012.KASICH,John Kasich to be Republican VP nominee in 2012,21,0.3,Mar/29/2012 16:29:29
744237,REP.VP.2012.KASICH,John Kasich to be Republican VP nominee in 2012,14,0.3,Mar/29/2012 16:29:29
744237,REP.VP.2012.KASICH,John Kasich to be Republican VP nominee in 2012,1,0.3,Mar/30/2012 16:41:44
744237,REP.VP.2012.KASICH,John Kasich to be Republican VP nominee in 2012,65,0.3,Mar/30/2012 16:41:44
744237,REP.VP.2012.KASICH,John Kasich to be Republican VP nominee in 2012,27,0.2,Mar/31/2012 01:04:17
744237,REP.VP.2012.KASICH,John Kasich to be Republican VP nominee in 2012,100,0.3,Mar/31/2012 19:57:59
744237,REP.VP.2012.KASICH,John Kasich to be Republican VP nominee in 2012,1,0.3,Mar/31/2012 19:57:59
744237,REP.VP.2012.KASICH,John Kasich to be Republican VP nominee in 2012,20,0.3,Apr/02/2012 19:35:29
744237,REP.VP.2012.KASICH,John Kasich to be Republican VP nominee in 2012,1,0.3,Apr/03/2012 02:39:07
744237,REP.VP.2012.KASICH,John Kasich to be Republican VP nominee in 2012,30,0.3,Apr/03/2012 02:39:07
744237,REP.VP.2012.KASICH,John Kasich to be Republican VP nominee in 2012,10,0.3,Apr/03/2012 18:53:25
744237,REP.VP.2012.KASICH,John Kasich to be Republican VP nominee in 2012,90,0.3,Apr/03/2012 19:35:54
744237,REP.VP.2012.KASICH,John Kasich to be Republican VP nominee in 2012,1,0.3,Apr/03/2012 19:35:54
744237,REP.VP.2012.KASICH,John Kasich to be Republican VP nominee in 2012,20,0.2,Apr/03/2012 22:56:31
744237,REP.VP.2012.KASICH,John Kasich to be Republican VP nominee in 2012,5,0.3,Apr/04/2012 05:20:39
744237,REP.VP.2012.KASICH,John Kasich to be Republican VP nominee in 2012,10,0.4,Apr/04/2012 14:18:46
744237,REP.VP.2012.KASICH,John Kasich to be Republican VP nominee in 2012,5,0.3,Apr/04/2012 16:12:03
744237,REP.VP.2012.KASICH,John Kasich to be Republican VP nominee in 2012,100,0.3,Apr/04/2012 16:23:59
744237,REP.VP.2012.KASICH,John Kasich to be Republican VP nominee in 2012,20,0.3,Apr/04/2012 17:01:03
744237,REP.VP.2012.KASICH,John Kasich to be Republican VP nominee in 2012,50,0.3,Apr/04/2012 17:04:53
744237,REP.VP.2012.KASICH,John Kasich to be Republican VP nominee in 2012,20,0.3,Apr/06/2012 20:40:21
744237,REP.VP.2012.KASICH,John Kasich to be Republican VP nominee in 2012,50,0.4,Apr/07/2012 01:40:44
744237,REP.VP.2012.KASICH,John Kasich to be Republican VP nominee in 2012,25,0.4,Apr/07/2012 01:40:44
744237,REP.VP.2012.KASICH,John Kasich to be Republican VP nominee in 2012,64,0.4,Apr/07/2012 01:40:44
744237,REP.VP.2012.KASICH,John Kasich to be Republican VP nominee in 2012,3,0.4,Apr/07/2012 01:40:44
744237,REP.VP.2012.KASICH,John Kasich to be Republican VP nominee in 2012,100,0.4,Apr/07/2012 01:40:44
744237,REP.VP.2012.KASICH,John Kasich to be Republican VP nominee in 2012,21,0.4,Apr/07/2012 01:40:44
744237,REP.VP.2012.KASICH,John Kasich to be Republican VP nominee in 2012,1,0.4,Apr/07/2012 01:40:44
744237,REP.VP.2012.KASICH,John Kasich to be Republican VP nominee in 2012,20,0.4,Apr/07/2012 04:59:44
744237,REP.VP.2012.KASICH,John Kasich to be Republican VP nominee in 2012,2,0.4,Apr/07/2012 11:25:02
744237,REP.VP.2012.KASICH,John Kasich to be Republican VP nominee in 2012,6,0.4,Apr/07/2012 18:24:21
744237,REP.VP.2012.KASICH,John Kasich to be Republican VP nominee in 2012,1,0.4,Apr/09/2012 13:56:12
744237,REP.VP.2012.KASICH,John Kasich to be Republican VP nominee in 2012,5,0.4,Apr/09/2012 14:23:17
744237,REP.VP.2012.KASICH,John Kasich to be Republican VP nominee in 2012,5,0.4,Apr/09/2012 14:23:38
744237,REP.VP.2012.KASICH,John Kasich to be Republican VP nominee in 2012,5,0.4,Apr/09/2012 14:26:48
744237,REP.VP.2012.KASICH,John Kasich to be Republican VP nominee in 2012,4,0.4,Apr/09/2012 14:32:03
744237,REP.VP.2012.KASICH,John Kasich to be Republican VP nominee in 2012,18,0.4,Apr/09/2012 14:32:34
744237,REP.VP.2012.KASICH,John Kasich to be Republican VP nominee in 2012,4,0.5,Apr/09/2012 20:42:11
744237,REP.VP.2012.KASICH,John Kasich to be Republican VP nominee in 2012,1,0.5,Apr/09/2012 20:42:11
744237,REP.VP.2012.KASICH,John Kasich to be Republican VP nominee in 2012,50,0.5,Apr/09/2012 20:42:11
744237,REP.VP.2012.KASICH,John Kasich to be Republican VP nominee in 2012,100,0.5,Apr/09/2012 20:42:11
744237,REP.VP.2012.KASICH,John Kasich to be Republican VP nominee in 2012,100,0.5,Apr/09/2012 20:42:11
744237,REP.VP.2012.KASICH,John Kasich to be Republican VP nominee in 2012,50,0.5,Apr/09/2012 20:42:11
744237,REP.VP.2012.KASICH,John Kasich to be Republican VP nominee in 2012,50,0.5,Apr/09/2012 20:42:11
744237,REP.VP.2012.KASICH,John Kasich to be Republican VP nominee in 2012,50,0.5,Apr/09/2012 20:42:11
744237,REP.VP.2012.KASICH,John Kasich to be Republican VP nominee in 2012,50,0.5,Apr/09/2012 20:42:11
744237,REP.VP.2012.KASICH,John Kasich to be Republican VP nominee in 2012,2,0.5,Apr/09/2012 20:42:11
744237,REP.VP.2012.KASICH,John Kasich to be Republican VP nominee in 2012,1,0.5,Apr/09/2012 20:42:11
744237,REP.VP.2012.KASICH,John Kasich to be Republican VP nominee in 2012,50,0.5,Apr/09/2012 20:42:11
744237,REP.VP.2012.KASICH,John Kasich to be Republican VP nominee in 2012,1,0.5,Apr/11/2012 03:14:01
744237,REP.VP.2012.KASICH,John Kasich to be Republican VP nominee in 2012,1,0.5,Apr/11/2012 03:14:01
744237,REP.VP.2012.KASICH,John Kasich to be Republican VP nominee in 2012,4,0.5,Apr/11/2012 03:14:01
744237,REP.VP.2012.KASICH,John Kasich to be Republican VP nominee in 2012,20,0.6,Apr/11/2012 12:21:30
744237,REP.VP.2012.KASICH,John Kasich to be Republican VP nominee in 2012,4,0.6,Apr/11/2012 12:21:55
744237,REP.VP.2012.KASICH,John Kasich to be Republican VP nominee in 2012,16,0.6,Apr/11/2012 12:21:55
744237,REP.VP.2012.KASICH,John Kasich to be Republican VP nominee in 2012,1,0.5,Apr/11/2012 19:35:08
744237,REP.VP.2012.KASICH,John Kasich to be Republican VP nominee in 2012,3,0.5,Apr/11/2012 19:36:53
744237,REP.VP.2012.KASICH,John Kasich to be Republican VP nominee in 2012,20,0.5,Apr/11/2012 20:18:13
744237,REP.VP.2012.KASICH,John Kasich to be Republican VP nominee in 2012,16,0.5,Apr/11/2012 20:25:01
744237,REP.VP.2012.KASICH,John Kasich to be Republican VP nominee in 2012,4,0.5,Apr/11/2012 20:30:10
744237,REP.VP.2012.KASICH,John Kasich to be Republican VP nominee in 2012,15,0.5,Apr/11/2012 20:33:48
744237,REP.VP.2012.KASICH,John Kasich to be Republican VP nominee in 2012,1,0.5,Apr/12/2012 04:55:37
744237,REP.VP.2012.KASICH,John Kasich to be Republican VP nominee in 2012,4,0.4,Apr/13/2012 20:12:30
744237,REP.VP.2012.KASICH,John Kasich to be Republican VP nominee in 2012,25,0.4,Apr/14/2012 05:48:35
744237,REP.VP.2012.KASICH,John Kasich to be Republican VP nominee in 2012,6,0.4,Apr/18/2012 01:57:07
744237,REP.VP.2012.KASICH,John Kasich to be Republican VP nominee in 2012,1,0.5,Apr/18/2012 10:31:01
744237,REP.VP.2012.KASICH,John Kasich to be Republican VP nominee in 2012,25,0.5,Apr/19/2012 19:52:29
744237,REP.VP.2012.KASICH,John Kasich to be Republican VP nominee in 2012,10,0.5,Apr/20/2012 13:39:42
744237,REP.VP.2012.KASICH,John Kasich to be Republican VP nominee in 2012,1,0.4,Apr/20/2012 21:32:56
744237,REP.VP.2012.KASICH,John Kasich to be Republican VP nominee in 2012,4,0.4,Apr/21/2012 04:05:46
744237,REP.VP.2012.KASICH,John Kasich to be Republican VP nominee in 2012,1,0.4,Apr/21/2012 06:01:39
744237,REP.VP.2012.KASICH,John Kasich to be Republican VP nominee in 2012,2,0.4,Apr/21/2012 06:19:25
744237,REP.VP.2012.KASICH,John Kasich to be Republican VP nominee in 2012,1,0.4,Apr/21/2012 07:23:13
744237,REP.VP.2012.KASICH,John Kasich to be Republican VP nominee in 2012,86,0.5,Apr/23/2012 16:22:03
744237,REP.VP.2012.KASICH,John Kasich to be Republican VP nominee in 2012,1,0.5,Apr/23/2012 16:22:03
744237,REP.VP.2012.KASICH,John Kasich to be Republican VP nominee in 2012,63,0.5,Apr/23/2012 16:22:03
744237,REP.VP.2012.KASICH,John Kasich to be Republican VP nominee in 2012,1,0.4,Apr/23/2012 20:40:03
744237,REP.VP.2012.KASICH,John Kasich to be Republican VP nominee in 2012,29,0.4,Apr/24/2012 03:36:46
744237,REP.VP.2012.KASICH,John Kasich to be Republican VP nominee in 2012,69,0.4,Apr/24/2012 03:36:46
744237,REP.VP.2012.KASICH,John Kasich to be Republican VP nominee in 2012,2,0.4,Apr/24/2012 03:36:46
744237,REP.VP.2012.KASICH,John Kasich to be Republican VP nominee in 2012,4,0.4,Apr/24/2012 17:20:22
744237,REP.VP.2012.KASICH,John Kasich to be Republican VP nominee in 2012,100,0.4,Apr/24/2012 22:13:13
744237,REP.VP.2012.KASICH,John Kasich to be Republican VP nominee in 2012,17,0.4,Apr/25/2012 02:21:31
744237,REP.VP.2012.KASICH,John Kasich to be Republican VP nominee in 2012,20,0.3,Apr/25/2012 19:54:44
744237,REP.VP.2012.KASICH,John Kasich to be Republican VP nominee in 2012,100,0.3,Apr/25/2012 20:14:17
744237,REP.VP.2012.KASICH,John Kasich to be Republican VP nominee in 2012,5,0.3,Apr/25/2012 21:07:02
744237,REP.VP.2012.KASICH,John Kasich to be Republican VP nominee in 2012,5,0.3,Apr/25/2012 21:13:22
744237,REP.VP.2012.KASICH,John Kasich to be Republican VP nominee in 2012,5,0.3,Apr/25/2012 21:19:21
744237,REP.VP.2012.KASICH,John Kasich to be Republican VP nominee in 2012,1,0.4,Apr/26/2012 14:09:16
744237,REP.VP.2012.KASICH,John Kasich to be Republican VP nominee in 2012,33,0.4,Apr/26/2012 14:09:16
744237,REP.VP.2012.KASICH,John Kasich to be Republican VP nominee in 2012,4,0.5,Apr/26/2012 22:11:17
744237,REP.VP.2012.KASICH,John Kasich to be Republican VP nominee in 2012,22,0.5,Apr/26/2012 22:15:31
744237,REP.VP.2012.KASICH,John Kasich to be Republican VP nominee in 2012,10,0.5,Apr/26/2012 22:15:31
744237,REP.VP.2012.KASICH,John Kasich to be Republican VP nominee in 2012,4,0.5,Apr/26/2012 22:15:31
744237,REP.VP.2012.KASICH,John Kasich to be Republican VP nominee in 2012,64,0.5,Apr/26/2012 22:15:31
744237,REP.VP.2012.KASICH,John Kasich to be Republican VP nominee in 2012,100,0.5,Apr/26/2012 22:16:07
744237,REP.VP.2012.KASICH,John Kasich to be Republican VP nominee in 2012,30,0.5,Apr/26/2012 22:16:07
744237,REP.VP.2012.KASICH,John Kasich to be Republican VP nominee in 2012,36,0.5,Apr/26/2012 22:16:07
744237,REP.VP.2012.KASICH,John Kasich to be Republican VP nominee in 2012,100,0.5,Apr/26/2012 22:16:07
744237,REP.VP.2012.KASICH,John Kasich to be Republican VP nominee in 2012,30,0.5,Apr/26/2012 22:16:41
744237,REP.VP.2012.KASICH,John Kasich to be Republican VP nominee in 2012,70,0.5,Apr/26/2012 22:16:41
744237,REP.VP.2012.KASICH,John Kasich to be Republican VP nominee in 2012,50,0.3,Apr/28/2012 22:06:01
744237,REP.VP.2012.KASICH,John Kasich to be Republican VP nominee in 2012,1,0.4,Apr/30/2012 05:11:16
744237,REP.VP.2012.KASICH,John Kasich to be Republican VP nominee in 2012,8,0.4,Apr/30/2012 05:11:16
744237,REP.VP.2012.KASICH,John Kasich to be Republican VP nominee in 2012,41,0.4,May/02/2012 01:19:45
744237,REP.VP.2012.KASICH,John Kasich to be Republican VP nominee in 2012,1,0.3,May/02/2012 17:56:57
744237,REP.VP.2012.KASICH,John Kasich to be Republican VP nominee in 2012,1,0.3,May/02/2012 17:57:18
744237,REP.VP.2012.KASICH,John Kasich to be Republican VP nominee in 2012,2,0.3,May/02/2012 17:57:59
744237,REP.VP.2012.KASICH,John Kasich to be Republican VP nominee in 2012,6,0.3,May/02/2012 17:58:39
744237,REP.VP.2012.KASICH,John Kasich to be Republican VP nominee in 2012,4,0.3,May/02/2012 17:59:41
744237,REP.VP.2012.KASICH,John Kasich to be Republican VP nominee in 2012,6,0.3,May/02/2012 18:00:03
744237,REP.VP.2012.KASICH,John Kasich to be Republican VP nominee in 2012,4,0.3,May/02/2012 18:00:24
744237,REP.VP.2012.KASICH,John Kasich to be Republican VP nominee in 2012,1,0.3,May/02/2012 18:01:28
744237,REP.VP.2012.KASICH,John Kasich to be Republican VP nominee in 2012,50,0.3,May/02/2012 20:10:14
744237,REP.VP.2012.KASICH,John Kasich to be Republican VP nominee in 2012,50,0.3,May/03/2012 18:31:48
744237,REP.VP.2012.KASICH,John Kasich to be Republican VP nominee in 2012,100,0.3,May/03/2012 18:34:29
744237,REP.VP.2012.KASICH,John Kasich to be Republican VP nominee in 2012,10,0.4,May/04/2012 20:50:18
744237,REP.VP.2012.KASICH,John Kasich to be Republican VP nominee in 2012,100,0.3,May/04/2012 21:03:15
744237,REP.VP.2012.KASICH,John Kasich to be Republican VP nominee in 2012,100,0.3,May/06/2012 16:05:27
744237,REP.VP.2012.KASICH,John Kasich to be Republican VP nominee in 2012,40,0.4,May/06/2012 16:27:13
744237,REP.VP.2012.KASICH,John Kasich to be Republican VP nominee in 2012,1,0.4,May/06/2012 16:27:13
744237,REP.VP.2012.KASICH,John Kasich to be Republican VP nominee in 2012,50,0.3,May/06/2012 17:56:22
744237,REP.VP.2012.KASICH,John Kasich to be Republican VP nominee in 2012,1,0.3,May/07/2012 01:43:42
744237,REP.VP.2012.KASICH,John Kasich to be Republican VP nominee in 2012,1,0.4,May/07/2012 17:53:57
744237,REP.VP.2012.KASICH,John Kasich to be Republican VP nominee in 2012,50,0.4,May/07/2012 17:53:57
744237,REP.VP.2012.KASICH,John Kasich to be Republican VP nominee in 2012,1,0.5,May/07/2012 17:54:16
744237,REP.VP.2012.KASICH,John Kasich to be Republican VP nominee in 2012,39,0.5,May/07/2012 17:54:16
744237,REP.VP.2012.KASICH,John Kasich to be Republican VP nominee in 2012,50,0.3,May/07/2012 20:32:18
744237,REP.VP.2012.KASICH,John Kasich to be Republican VP nominee in 2012,100,0.3,May/07/2012 21:23:21
744237,REP.VP.2012.KASICH,John Kasich to be Republican VP nominee in 2012,50,0.4,May/09/2012 00:40:57
744237,REP.VP.2012.KASICH,John Kasich to be Republican VP nominee in 2012,1,0.4,May/09/2012 00:40:57
744237,REP.VP.2012.KASICH,John Kasich to be Republican VP nominee in 2012,169,0.3,May/09/2012 14:46:35
744237,REP.VP.2012.KASICH,John Kasich to be Republican VP nominee in 2012,34,0.3,May/09/2012 14:46:35
744237,REP.VP.2012.KASICH,John Kasich to be Republican VP nominee in 2012,100,0.3,May/10/2012 07:26:55
744237,REP.VP.2012.KASICH,John Kasich to be Republican VP nominee in 2012,1,0.3,May/10/2012 14:19:05
744237,REP.VP.2012.KASICH,John Kasich to be Republican VP nominee in 2012,141,0.3,May/10/2012 14:19:05
744237,REP.VP.2012.KASICH,John Kasich to be Republican VP nominee in 2012,50,0.2,May/11/2012 05:03:44
744237,REP.VP.2012.KASICH,John Kasich to be Republican VP nominee in 2012,100,0.2,May/11/2012 14:07:52
744237,REP.VP.2012.KASICH,John Kasich to be Republican VP nominee in 2012,25,0.3,May/11/2012 21:16:12
744237,REP.VP.2012.KASICH,John Kasich to be Republican VP nominee in 2012,75,0.3,May/11/2012 21:16:12
744237,REP.VP.2012.KASICH,John Kasich to be Republican VP nominee in 2012,50,0.2,May/13/2012 19:16:20
744237,REP.VP.2012.KASICH,John Kasich to be Republican VP nominee in 2012,25,0.3,May/13/2012 23:04:11
744237,REP.VP.2012.KASICH,John Kasich to be Republican VP nominee in 2012,1,0.3,May/13/2012 23:04:11
744237,REP.VP.2012.KASICH,John Kasich to be Republican VP nominee in 2012,250,0.3,May/13/2012 23:04:11
744237,REP.VP.2012.KASICH,John Kasich to be Republican VP nominee in 2012,50,0.3,May/15/2012 07:44:26
744237,REP.VP.2012.KASICH,John Kasich to be Republican VP nominee in 2012,20,0.3,May/16/2012 00:09:55
744237,REP.VP.2012.KASICH,John Kasich to be Republican VP nominee in 2012,180,0.3,May/16/2012 12:23:43
744237,REP.VP.2012.KASICH,John Kasich to be Republican VP nominee in 2012,1,0.3,May/16/2012 12:23:43
744237,REP.VP.2012.KASICH,John Kasich to be Republican VP nominee in 2012,50,0.3,May/17/2012 12:48:51
744237,REP.VP.2012.KASICH,John Kasich to be Republican VP nominee in 2012,1,0.3,May/17/2012 12:48:51
744237,REP.VP.2012.KASICH,John Kasich to be Republican VP nominee in 2012,100,0.3,May/18/2012 01:08:27
744237,REP.VP.2012.KASICH,John Kasich to be Republican VP nominee in 2012,1,0.3,May/18/2012 01:08:51
744237,REP.VP.2012.KASICH,John Kasich to be Republican VP nominee in 2012,1,0.4,May/18/2012 01:08:51
744237,REP.VP.2012.KASICH,John Kasich to be Republican VP nominee in 2012,50,0.4,May/18/2012 01:08:51
744237,REP.VP.2012.KASICH,John Kasich to be Republican VP nominee in 2012,48,0.5,May/18/2012 01:08:51
744237,REP.VP.2012.KASICH,John Kasich to be Republican VP nominee in 2012,300,0.5,May/18/2012 01:09:33
744237,REP.VP.2012.KASICH,John Kasich to be Republican VP nominee in 2012,1,0.3,May/18/2012 04:45:25
744237,REP.VP.2012.KASICH,John Kasich to be Republican VP nominee in 2012,8,0.2,May/18/2012 04:45:25
744237,REP.VP.2012.KASICH,John Kasich to be Republican VP nominee in 2012,85,0.2,May/18/2012 17:08:29
744237,REP.VP.2012.KASICH,John Kasich to be Republican VP nominee in 2012,50,0.3,May/19/2012 08:54:18
744237,REP.VP.2012.KASICH,John Kasich to be Republican VP nominee in 2012,1,0.3,May/19/2012 08:54:18
744237,REP.VP.2012.KASICH,John Kasich to be Republican VP nominee in 2012,1,0.3,May/19/2012 08:54:18
744237,REP.VP.2012.KASICH,John Kasich to be Republican VP nominee in 2012,50,0.3,May/21/2012 02:59:33
744237,REP.VP.2012.KASICH,John Kasich to be Republican VP nominee in 2012,1,0.3,May/21/2012 02:59:33
744237,REP.VP.2012.KASICH,John Kasich to be Republican VP nominee in 2012,12,0.2,May/21/2012 17:19:19
744237,REP.VP.2012.KASICH,John Kasich to be Republican VP nominee in 2012,4,0.3,May/22/2012 00:23:34
744237,REP.VP.2012.KASICH,John Kasich to be Republican VP nominee in 2012,1,0.3,May/23/2012 12:45:43
744237,REP.VP.2012.KASICH,John Kasich to be Republican VP nominee in 2012,2,0.2,May/23/2012 16:01:32
744237,REP.VP.2012.KASICH,John Kasich to be Republican VP nominee in 2012,4,0.2,May/23/2012 16:02:29
744237,REP.VP.2012.KASICH,John Kasich to be Republican VP nominee in 2012,8,0.2,May/23/2012 16:03:14
744237,REP.VP.2012.KASICH,John Kasich to be Republican VP nominee in 2012,2,0.2,May/23/2012 16:03:31
744237,REP.VP.2012.KASICH,John Kasich to be Republican VP nominee in 2012,20,0.3,May/23/2012 18:42:41
744237,REP.VP.2012.KASICH,John Kasich to be Republican VP nominee in 2012,48,0.2,May/27/2012 20:06:15
744237,REP.VP.2012.KASICH,John Kasich to be Republican VP nominee in 2012,20,0.2,May/27/2012 20:06:15
744237,REP.VP.2012.KASICH,John Kasich to be Republican VP nominee in 2012,32,0.2,May/27/2012 20:06:15
744237,REP.VP.2012.KASICH,John Kasich to be Republican VP nominee in 2012,65,0.2,May/28/2012 02:48:32
744237,REP.VP.2012.KASICH,John Kasich to be Republican VP nominee in 2012,20,0.3,May/29/2012 05:00:24
744237,REP.VP.2012.KASICH,John Kasich to be Republican VP nominee in 2012,100,0.3,May/29/2012 05:00:24
744237,REP.VP.2012.KASICH,John Kasich to be Republican VP nominee in 2012,52,0.3,May/29/2012 05:00:24
744237,REP.VP.2012.KASICH,John Kasich to be Republican VP nominee in 2012,25,0.3,May/29/2012 05:00:24
744237,REP.VP.2012.KASICH,John Kasich to be Republican VP nominee in 2012,1,0.3,May/29/2012 05:00:24
744237,REP.VP.2012.KASICH,John Kasich to be Republican VP nominee in 2012,50,0.2,May/29/2012 21:22:08
744237,REP.VP.2012.KASICH,John Kasich to be Republican VP nominee in 2012,100,0.2,May/30/2012 01:32:41
744237,REP.VP.2012.KASICH,John Kasich to be Republican VP nominee in 2012,100,0.2,May/30/2012 14:58:06
744237,REP.VP.2012.KASICH,John Kasich to be Republican VP nominee in 2012,100,0.2,May/30/2012 18:16:32
744237,REP.VP.2012.KASICH,John Kasich to be Republican VP nominee in 2012,37,0.2,May/30/2012 23:12:01
744237,REP.VP.2012.KASICH,John Kasich to be Republican VP nominee in 2012,63,0.2,May/30/2012 23:12:01
744237,REP.VP.2012.KASICH,John Kasich to be Republican VP nominee in 2012,70,0.2,May/31/2012 05:03:00
744237,REP.VP.2012.KASICH,John Kasich to be Republican VP nominee in 2012,13,0.2,May/31/2012 05:08:34
744237,REP.VP.2012.KASICH,John Kasich to be Republican VP nominee in 2012,5,0.2,May/31/2012 05:11:58
744237,REP.VP.2012.KASICH,John Kasich to be Republican VP nominee in 2012,100,0.2,May/31/2012 14:10:06
744237,REP.VP.2012.KASICH,John Kasich to be Republican VP nominee in 2012,100,0.2,May/31/2012 15:30:48
744237,REP.VP.2012.KASICH,John Kasich to be Republican VP nominee in 2012,198,0.2,May/31/2012 18:37:57
744237,REP.VP.2012.KASICH,John Kasich to be Republican VP nominee in 2012,100,0.2,May/31/2012 23:11:36
744237,REP.VP.2012.KASICH,John Kasich to be Republican VP nominee in 2012,23,0.2,Jun/01/2012 14:28:38
744237,REP.VP.2012.KASICH,John Kasich to be Republican VP nominee in 2012,100,0.2,Jun/01/2012 14:56:14
744237,REP.VP.2012.KASICH,John Kasich to be Republican VP nominee in 2012,100,0.2,Jun/01/2012 21:37:00
744237,REP.VP.2012.KASICH,John Kasich to be Republican VP nominee in 2012,100,0.2,Jun/02/2012 15:29:34
744237,REP.VP.2012.KASICH,John Kasich to be Republican VP nominee in 2012,1,0.3,Jun/03/2012 04:03:38
744237,REP.VP.2012.KASICH,John Kasich to be Republican VP nominee in 2012,20,0.2,Jun/04/2012 21:54:31
744237,REP.VP.2012.KASICH,John Kasich to be Republican VP nominee in 2012,28,0.2,Jun/04/2012 21:54:31
744237,REP.VP.2012.KASICH,John Kasich to be Republican VP nominee in 2012,20,0.2,Jun/04/2012 21:54:31
744237,REP.VP.2012.KASICH,John Kasich to be Republican VP nominee in 2012,1,0.2,Jun/04/2012 22:54:52
744237,REP.VP.2012.KASICH,John Kasich to be Republican VP nominee in 2012,32,0.2,Jun/04/2012 22:54:52
744237,REP.VP.2012.KASICH,John Kasich to be Republican VP nominee in 2012,10,0.1,Jun/05/2012 20:02:19
744237,REP.VP.2012.KASICH,John Kasich to be Republican VP nominee in 2012,8,0.1,Jun/06/2012 19:47:15
744237,REP.VP.2012.KASICH,John Kasich to be Republican VP nominee in 2012,10,0.1,Jun/06/2012 19:47:15
744237,REP.VP.2012.KASICH,John Kasich to be Republican VP nominee in 2012,1,0.2,Jun/07/2012 22:24:52
744237,REP.VP.2012.KASICH,John Kasich to be Republican VP nominee in 2012,39,0.2,Jun/07/2012 22:24:52
744237,REP.VP.2012.KASICH,John Kasich to be Republican VP nominee in 2012,10,0.2,Jun/07/2012 22:24:52
744237,REP.VP.2012.KASICH,John Kasich to be Republican VP nominee in 2012,30,0.2,Jun/08/2012 15:28:14
744237,REP.VP.2012.KASICH,John Kasich to be Republican VP nominee in 2012,250,0.2,Jun/09/2012 07:27:17
744237,REP.VP.2012.KASICH,John Kasich to be Republican VP nominee in 2012,2,0.2,Jun/09/2012 23:49:17
744237,REP.VP.2012.KASICH,John Kasich to be Republican VP nominee in 2012,21,0.1,Jun/11/2012 22:35:34
744237,REP.VP.2012.KASICH,John Kasich to be Republican VP nominee in 2012,50,0.2,Jun/12/2012 22:28:56
744237,REP.VP.2012.KASICH,John Kasich to be Republican VP nominee in 2012,1,0.1,Jun/13/2012 12:47:27
744237,REP.VP.2012.KASICH,John Kasich to be Republican VP nominee in 2012,11,0.2,Jun/14/2012 16:45:05
744237,REP.VP.2012.KASICH,John Kasich to be Republican VP nominee in 2012,1,0.2,Jun/14/2012 16:45:05
744237,REP.VP.2012.KASICH,John Kasich to be Republican VP nominee in 2012,100,0.2,Jun/14/2012 16:45:05
744237,REP.VP.2012.KASICH,John Kasich to be Republican VP nominee in 2012,100,0.2,Jun/14/2012 16:45:05
744237,REP.VP.2012.KASICH,John Kasich to be Republican VP nominee in 2012,100,0.2,Jun/14/2012 16:45:05
744237,REP.VP.2012.KASICH,John Kasich to be Republican VP nominee in 2012,59,0.2,Jun/14/2012 16:45:05
744237,REP.VP.2012.KASICH,John Kasich to be Republican VP nominee in 2012,629,0.2,Jun/14/2012 16:45:05
744237,REP.VP.2012.KASICH,John Kasich to be Republican VP nominee in 2012,41,0.2,Jun/16/2012 18:42:38
744237,REP.VP.2012.KASICH,John Kasich to be Republican VP nominee in 2012,60,0.2,Jun/16/2012 18:42:38
744237,REP.VP.2012.KASICH,John Kasich to be Republican VP nominee in 2012,250,0.2,Jun/17/2012 01:29:43
744237,REP.VP.2012.KASICH,John Kasich to be Republican VP nominee in 2012,5,0.1,Jun/17/2012 19:07:40
744237,REP.VP.2012.KASICH,John Kasich to be Republican VP nominee in 2012,200,0.2,Jun/18/2012 12:56:35
744237,REP.VP.2012.KASICH,John Kasich to be Republican VP nominee in 2012,10,0.2,Jun/19/2012 20:34:39
744237,REP.VP.2012.KASICH,John Kasich to be Republican VP nominee in 2012,2,0.1,Jun/21/2012 00:18:00
744237,REP.VP.2012.KASICH,John Kasich to be Republican VP nominee in 2012,100,0.2,Jun/21/2012 02:07:37
744237,REP.VP.2012.KASICH,John Kasich to be Republican VP nominee in 2012,23,0.1,Jun/21/2012 16:42:41
744237,REP.VP.2012.KASICH,John Kasich to be Republican VP nominee in 2012,10,0.2,Jun/21/2012 23:11:21
744237,REP.VP.2012.KASICH,John Kasich to be Republican VP nominee in 2012,29,0.1,Jun/22/2012 07:56:58
744237,REP.VP.2012.KASICH,John Kasich to be Republican VP nominee in 2012,7,0.1,Jun/23/2012 03:37:28
744237,REP.VP.2012.KASICH,John Kasich to be Republican VP nominee in 2012,100,0.2,Jun/23/2012 09:11:13
744237,REP.VP.2012.KASICH,John Kasich to be Republican VP nominee in 2012,100,0.2,Jun/23/2012 09:11:13
744237,REP.VP.2012.KASICH,John Kasich to be Republican VP nominee in 2012,100,0.2,Jun/23/2012 09:11:13
744237,REP.VP.2012.KASICH,John Kasich to be Republican VP nominee in 2012,100,0.2,Jun/24/2012 04:44:22
744237,REP.VP.2012.KASICH,John Kasich to be Republican VP nominee in 2012,100,0.2,Jun/24/2012 04:44:22
744237,REP.VP.2012.KASICH,John Kasich to be Republican VP nominee in 2012,192,0.2,Jun/24/2012 04:44:22
744237,REP.VP.2012.KASICH,John Kasich to be Republican VP nominee in 2012,100,0.2,Jun/24/2012 04:44:22
744237,REP.VP.2012.KASICH,John Kasich to be Republican VP nominee in 2012,5,0.2,Jun/24/2012 04:44:22
744237,REP.VP.2012.KASICH,John Kasich to be Republican VP nominee in 2012,100,0.2,Jun/24/2012 04:44:22
744237,REP.VP.2012.KASICH,John Kasich to be Republican VP nominee in 2012,100,0.2,Jun/24/2012 04:44:22
744237,REP.VP.2012.KASICH,John Kasich to be Republican VP nominee in 2012,1,0.2,Jun/24/2012 04:44:22
744237,REP.VP.2012.KASICH,John Kasich to be Republican VP nominee in 2012,2,0.2,Jun/24/2012 04:44:22
744237,REP.VP.2012.KASICH,John Kasich to be Republican VP nominee in 2012,100,0.2,Jun/24/2012 04:44:22
744237,REP.VP.2012.KASICH,John Kasich to be Republican VP nominee in 2012,40,0.2,Jun/26/2012 06:40:31
744237,REP.VP.2012.KASICH,John Kasich to be Republican VP nominee in 2012,200,0.2,Jun/26/2012 06:40:31
744237,REP.VP.2012.KASICH,John Kasich to be Republican VP nominee in 2012,58,0.2,Jun/26/2012 06:40:31
744237,REP.VP.2012.KASICH,John Kasich to be Republican VP nominee in 2012,1,0.2,Jun/26/2012 06:40:31
744237,REP.VP.2012.KASICH,John Kasich to be Republican VP nominee in 2012,10,0.3,Jun/26/2012 11:35:06
744237,REP.VP.2012.KASICH,John Kasich to be Republican VP nominee in 2012,43,0.3,Jun/26/2012 14:56:30
744237,REP.VP.2012.KASICH,John Kasich to be Republican VP nominee in 2012,20,0.3,Jun/26/2012 14:56:30
744237,REP.VP.2012.KASICH,John Kasich to be Republican VP nominee in 2012,37,0.3,Jun/26/2012 14:56:30
744237,REP.VP.2012.KASICH,John Kasich to be Republican VP nominee in 2012,1,0.3,Jun/26/2012 18:09:15
744237,REP.VP.2012.KASICH,John Kasich to be Republican VP nominee in 2012,7,0.3,Jun/26/2012 18:09:15
744237,REP.VP.2012.KASICH,John Kasich to be Republican VP nominee in 2012,10,0.3,Jun/26/2012 18:09:15
744237,REP.VP.2012.KASICH,John Kasich to be Republican VP nominee in 2012,2,0.3,Jun/26/2012 18:09:15
744237,REP.VP.2012.KASICH,John Kasich to be Republican VP nominee in 2012,900,0.4,Jun/26/2012 19:02:42
744237,REP.VP.2012.KASICH,John Kasich to be Republican VP nominee in 2012,50,0.4,Jun/26/2012 19:02:42
744237,REP.VP.2012.KASICH,John Kasich to be Republican VP nominee in 2012,500,0.5,Jun/26/2012 19:02:42
744237,REP.VP.2012.KASICH,John Kasich to be Republican VP nominee in 2012,1,0.4,Jun/26/2012 19:02:42
744237,REP.VP.2012.KASICH,John Kasich to be Republican VP nominee in 2012,1,0.5,Jun/26/2012 19:02:42
744237,REP.VP.2012.KASICH,John Kasich to be Republican VP nominee in 2012,100,0.5,Jun/26/2012 19:02:42
744237,REP.VP.2012.KASICH,John Kasich to be Republican VP nominee in 2012,98,0.3,Jun/26/2012 19:02:42
744237,REP.VP.2012.KASICH,John Kasich to be Republican VP nominee in 2012,1,0.3,Jun/26/2012 19:02:42
744237,REP.VP.2012.KASICH,John Kasich to be Republican VP nominee in 2012,100,0.9,Jun/26/2012 19:05:51
744237,REP.VP.2012.KASICH,John Kasich to be Republican VP nominee in 2012,2,0.9,Jun/26/2012 19:05:51
744237,REP.VP.2012.KASICH,John Kasich to be Republican VP nominee in 2012,1,0.6,Jun/26/2012 19:05:51
744237,REP.VP.2012.KASICH,John Kasich to be Republican VP nominee in 2012,2,0.8,Jun/26/2012 19:05:51
744237,REP.VP.2012.KASICH,John Kasich to be Republican VP nominee in 2012,50,0.7,Jun/26/2012 19:05:51
744237,REP.VP.2012.KASICH,John Kasich to be Republican VP nominee in 2012,50,0.8,Jun/26/2012 19:05:51
744237,REP.VP.2012.KASICH,John Kasich to be Republican VP nominee in 2012,50,0.9,Jun/26/2012 19:05:51
744237,REP.VP.2012.KASICH,John Kasich to be Republican VP nominee in 2012,500,1.0,Jun/26/2012 19:05:51
744237,REP.VP.2012.KASICH,John Kasich to be Republican VP nominee in 2012,1,0.7,Jun/26/2012 19:05:51
744237,REP.VP.2012.KASICH,John Kasich to be Republican VP nominee in 2012,1,0.8,Jun/26/2012 19:05:51
744237,REP.VP.2012.KASICH,John Kasich to be Republican VP nominee in 2012,1,0.9,Jun/26/2012 19:05:51
744237,REP.VP.2012.KASICH,John Kasich to be Republican VP nominee in 2012,1,1.0,Jun/26/2012 19:05:51
744237,REP.VP.2012.KASICH,John Kasich to be Republican VP nominee in 2012,100,1.0,Jun/26/2012 19:05:51
744237,REP.VP.2012.KASICH,John Kasich to be Republican VP nominee in 2012,250,0.7,Jun/26/2012 19:05:51
744237,REP.VP.2012.KASICH,John Kasich to be Republican VP nominee in 2012,50,0.6,Jun/26/2012 19:05:51
744237,REP.VP.2012.KASICH,John Kasich to be Republican VP nominee in 2012,2,0.8,Jun/26/2012 19:05:51
744237,REP.VP.2012.KASICH,John Kasich to be Republican VP nominee in 2012,2,0.6,Jun/26/2012 19:05:51
744237,REP.VP.2012.KASICH,John Kasich to be Republican VP nominee in 2012,10,0.8,Jun/26/2012 19:05:51
744237,REP.VP.2012.KASICH,John Kasich to be Republican VP nominee in 2012,10,0.9,Jun/26/2012 19:05:51
744237,REP.VP.2012.KASICH,John Kasich to be Republican VP nominee in 2012,2,0.7,Jun/26/2012 19:05:51
744237,REP.VP.2012.KASICH,John Kasich to be Republican VP nominee in 2012,10,0.4,Jun/27/2012 18:47:57
744237,REP.VP.2012.KASICH,John Kasich to be Republican VP nominee in 2012,1,0.4,Jun/27/2012 18:47:57
744237,REP.VP.2012.KASICH,John Kasich to be Republican VP nominee in 2012,1,0.5,Jun/27/2012 18:48:21
744237,REP.VP.2012.KASICH,John Kasich to be Republican VP nominee in 2012,30,0.5,Jun/27/2012 18:48:21
744237,REP.VP.2012.KASICH,John Kasich to be Republican VP nominee in 2012,10,0.5,Jun/28/2012 00:51:06
744237,REP.VP.2012.KASICH,John Kasich to be Republican VP nominee in 2012,1,0.5,Jun/28/2012 00:51:06
744237,REP.VP.2012.KASICH,John Kasich to be Republican VP nominee in 2012,50,0.6,Jun/28/2012 00:51:50
744237,REP.VP.2012.KASICH,John Kasich to be Republican VP nominee in 2012,1,0.6,Jun/28/2012 00:51:50
744237,REP.VP.2012.KASICH,John Kasich to be Republican VP nominee in 2012,30,0.7,Jun/28/2012 00:54:24
744237,REP.VP.2012.KASICH,John Kasich to be Republican VP nominee in 2012,1,0.7,Jun/28/2012 00:54:24
744237,REP.VP.2012.KASICH,John Kasich to be Republican VP nominee in 2012,371,0.7,Jun/28/2012 00:54:24
744237,REP.VP.2012.KASICH,John Kasich to be Republican VP nominee in 2012,50,0.7,Jun/28/2012 00:54:24
744237,REP.VP.2012.KASICH,John Kasich to be Republican VP nominee in 2012,50,0.6,Jun/28/2012 03:50:54
744237,REP.VP.2012.KASICH,John Kasich to be Republican VP nominee in 2012,1,0.6,Jun/28/2012 03:50:54
744237,REP.VP.2012.KASICH,John Kasich to be Republican VP nominee in 2012,50,0.7,Jun/28/2012 05:04:27
744237,REP.VP.2012.KASICH,John Kasich to be Republican VP nominee in 2012,1,0.7,Jun/28/2012 05:04:27
744237,REP.VP.2012.KASICH,John Kasich to be Republican VP nominee in 2012,100,0.7,Jun/28/2012 13:16:54
744237,REP.VP.2012.KASICH,John Kasich to be Republican VP nominee in 2012,191,0.7,Jun/28/2012 13:24:24
744237,REP.VP.2012.KASICH,John Kasich to be Republican VP nominee in 2012,555,0.5,Jun/28/2012 13:28:09
744237,REP.VP.2012.KASICH,John Kasich to be Republican VP nominee in 2012,445,0.4,Jun/28/2012 13:28:09
744237,REP.VP.2012.KASICH,John Kasich to be Republican VP nominee in 2012,55,0.4,Jun/28/2012 15:02:08
744237,REP.VP.2012.KASICH,John Kasich to be Republican VP nominee in 2012,50,0.5,Jun/29/2012 01:24:38
744237,REP.VP.2012.KASICH,John Kasich to be Republican VP nominee in 2012,1,0.5,Jun/29/2012 01:24:38
744237,REP.VP.2012.KASICH,John Kasich to be Republican VP nominee in 2012,100,0.5,Jun/29/2012 01:24:38
744237,REP.VP.2012.KASICH,John Kasich to be Republican VP nominee in 2012,8,0.5,Jun/29/2012 14:06:33
744237,REP.VP.2012.KASICH,John Kasich to be Republican VP nominee in 2012,20,0.3,Jul/01/2012 13:28:19
744237,REP.VP.2012.KASICH,John Kasich to be Republican VP nominee in 2012,4,0.4,Jul/02/2012 16:06:56
744237,REP.VP.2012.KASICH,John Kasich to be Republican VP nominee in 2012,1,0.4,Jul/02/2012 16:06:56
744237,REP.VP.2012.KASICH,John Kasich to be Republican VP nominee in 2012,30,0.4,Jul/02/2012 16:06:56
744237,REP.VP.2012.KASICH,John Kasich to be Republican VP nominee in 2012,4,0.5,Jul/02/2012 16:08:02
744237,REP.VP.2012.KASICH,John Kasich to be Republican VP nominee in 2012,50,0.5,Jul/02/2012 16:08:02
744237,REP.VP.2012.KASICH,John Kasich to be Republican VP nominee in 2012,100,0.5,Jul/02/2012 16:08:02
744237,REP.VP.2012.KASICH,John Kasich to be Republican VP nominee in 2012,1,0.5,Jul/02/2012 16:08:02
744237,REP.VP.2012.KASICH,John Kasich to be Republican VP nominee in 2012,42,0.5,Jul/02/2012 16:08:02
744237,REP.VP.2012.KASICH,John Kasich to be Republican VP nominee in 2012,100,0.5,Jul/04/2012 16:13:49
744237,REP.VP.2012.KASICH,John Kasich to be Republican VP nominee in 2012,100,0.5,Jul/04/2012 16:13:49
744237,REP.VP.2012.KASICH,John Kasich to be Republican VP nominee in 2012,8,0.3,Jul/05/2012 21:43:28
744237,REP.VP.2012.KASICH,John Kasich to be Republican VP nominee in 2012,10,0.2,Jul/05/2012 21:43:33
744237,REP.VP.2012.KASICH,John Kasich to be Republican VP nominee in 2012,1,0.2,Jul/07/2012 10:02:14
744237,REP.VP.2012.KASICH,John Kasich to be Republican VP nominee in 2012,40,0.2,Jul/07/2012 10:02:14
744237,REP.VP.2012.KASICH,John Kasich to be Republican VP nominee in 2012,89,0.2,Jul/07/2012 10:02:14
744237,REP.VP.2012.KASICH,John Kasich to be Republican VP nominee in 2012,11,0.2,Jul/07/2012 17:37:09
744237,REP.VP.2012.KASICH,John Kasich to be Republican VP nominee in 2012,100,0.2,Jul/07/2012 17:37:09
744237,REP.VP.2012.KASICH,John Kasich to be Republican VP nominee in 2012,100,0.2,Jul/07/2012 17:37:09
744237,REP.VP.2012.KASICH,John Kasich to be Republican VP nominee in 2012,100,0.2,Jul/07/2012 17:37:09
744237,REP.VP.2012.KASICH,John Kasich to be Republican VP nominee in 2012,100,0.2,Jul/07/2012 17:37:09
744237,REP.VP.2012.KASICH,John Kasich to be Republican VP nominee in 2012,1,0.2,Jul/07/2012 17:37:09
744237,REP.VP.2012.KASICH,John Kasich to be Republican VP nominee in 2012,61,0.2,Jul/07/2012 17:37:09
744237,REP.VP.2012.KASICH,John Kasich to be Republican VP nominee in 2012,97,0.3,Jul/07/2012 19:39:51
744237,REP.VP.2012.KASICH,John Kasich to be Republican VP nominee in 2012,42,0.3,Jul/07/2012 19:39:51
744237,REP.VP.2012.KASICH,John Kasich to be Republican VP nominee in 2012,1,0.3,Jul/07/2012 19:39:51
744237,REP.VP.2012.KASICH,John Kasich to be Republican VP nominee in 2012,100,0.2,Jul/08/2012 00:53:03
744237,REP.VP.2012.KASICH,John Kasich to be Republican VP nominee in 2012,24,0.3,Jul/08/2012 02:35:01
744237,REP.VP.2012.KASICH,John Kasich to be Republican VP nominee in 2012,3,0.3,Jul/08/2012 02:35:01
744237,REP.VP.2012.KASICH,John Kasich to be Republican VP nominee in 2012,1,0.4,Jul/08/2012 12:23:37
744237,REP.VP.2012.KASICH,John Kasich to be Republican VP nominee in 2012,100,0.4,Jul/08/2012 12:23:37
744237,REP.VP.2012.KASICH,John Kasich to be Republican VP nominee in 2012,30,0.4,Jul/08/2012 12:23:37
744237,REP.VP.2012.KASICH,John Kasich to be Republican VP nominee in 2012,1,0.4,Jul/08/2012 12:23:37
744237,REP.VP.2012.KASICH,John Kasich to be Republican VP nominee in 2012,100,0.5,Jul/08/2012 12:25:50
744237,REP.VP.2012.KASICH,John Kasich to be Republican VP nominee in 2012,84,0.5,Jul/08/2012 12:25:50
744237,REP.VP.2012.KASICH,John Kasich to be Republican VP nominee in 2012,1,0.5,Jul/08/2012 12:25:50
744237,REP.VP.2012.KASICH,John Kasich to be Republican VP nominee in 2012,100,0.5,Jul/08/2012 12:25:50
744237,REP.VP.2012.KASICH,John Kasich to be Republican VP nominee in 2012,15,0.3,Jul/10/2012 18:37:06
744237,REP.VP.2012.KASICH,John Kasich to be Republican VP nominee in 2012,20,0.1,Jul/12/2012 23:38:30
744237,REP.VP.2012.KASICH,John Kasich to be Republican VP nominee in 2012,2,0.1,Jul/12/2012 23:38:56
744237,REP.VP.2012.KASICH,John Kasich to be Republican VP nominee in 2012,10,0.1,Jul/12/2012 23:40:09
744237,REP.VP.2012.KASICH,John Kasich to be Republican VP nominee in 2012,1,0.2,Jul/13/2012 21:22:10
744237,REP.VP.2012.KASICH,John Kasich to be Republican VP nominee in 2012,100,0.2,Jul/13/2012 21:22:10
744237,REP.VP.2012.KASICH,John Kasich to be Republican VP nominee in 2012,100,0.2,Jul/13/2012 21:22:10
744237,REP.VP.2012.KASICH,John Kasich to be Republican VP nominee in 2012,30,0.2,Jul/14/2012 22:28:52
744237,REP.VP.2012.KASICH,John Kasich to be Republican VP nominee in 2012,32,0.2,Jul/15/2012 03:42:55
744237,REP.VP.2012.KASICH,John Kasich to be Republican VP nominee in 2012,1,0.2,Jul/15/2012 03:42:55
744237,REP.VP.2012.KASICH,John Kasich to be Republican VP nominee in 2012,70,0.2,Jul/15/2012 03:42:55
744237,REP.VP.2012.KASICH,John Kasich to be Republican VP nominee in 2012,1,0.2,Jul/15/2012 17:51:55
744237,REP.VP.2012.KASICH,John Kasich to be Republican VP nominee in 2012,12,0.2,Jul/15/2012 17:51:55
744237,REP.VP.2012.KASICH,John Kasich to be Republican VP nominee in 2012,30,0.1,Jul/16/2012 14:46:25
744237,REP.VP.2012.KASICH,John Kasich to be Republican VP nominee in 2012,5,0.2,Jul/16/2012 15:29:55
744237,REP.VP.2012.KASICH,John Kasich to be Republican VP nominee in 2012,55,0.1,Jul/16/2012 15:45:35
744237,REP.VP.2012.KASICH,John Kasich to be Republican VP nominee in 2012,20,0.1,Jul/16/2012 15:46:01
744237,REP.VP.2012.KASICH,John Kasich to be Republican VP nominee in 2012,100,0.2,Jul/16/2012 18:02:01
744237,REP.VP.2012.KASICH,John Kasich to be Republican VP nominee in 2012,5,0.2,Jul/16/2012 18:02:01
744237,REP.VP.2012.KASICH,John Kasich to be Republican VP nominee in 2012,95,0.2,Jul/16/2012 18:02:01
744237,REP.VP.2012.KASICH,John Kasich to be Republican VP nominee in 2012,10,0.2,Jul/16/2012 18:52:16
744237,REP.VP.2012.KASICH,John Kasich to be Republican VP nominee in 2012,140,0.1,Jul/17/2012 14:51:00
744237,REP.VP.2012.KASICH,John Kasich to be Republican VP nominee in 2012,335,0.1,Jul/17/2012 17:51:57
744237,REP.VP.2012.KASICH,John Kasich to be Republican VP nominee in 2012,25,0.1,Jul/18/2012 08:50:23
744237,REP.VP.2012.KASICH,John Kasich to be Republican VP nominee in 2012,15,0.2,Jul/18/2012 17:52:00
744237,REP.VP.2012.KASICH,John Kasich to be Republican VP nominee in 2012,100,0.2,Jul/18/2012 17:52:00
744237,REP.VP.2012.KASICH,John Kasich to be Republican VP nominee in 2012,85,0.2,Jul/18/2012 17:52:00
744237,REP.VP.2012.KASICH,John Kasich to be Republican VP nominee in 2012,30,0.1,Jul/18/2012 21:21:13
744237,REP.VP.2012.KASICH,John Kasich to be Republican VP nominee in 2012,2,0.1,Jul/19/2012 11:30:22
744237,REP.VP.2012.KASICH,John Kasich to be Republican VP nominee in 2012,1,0.1,Jul/19/2012 11:32:03
744237,REP.VP.2012.KASICH,John Kasich to be Republican VP nominee in 2012,20,0.2,Jul/19/2012 12:03:42
744237,REP.VP.2012.KASICH,John Kasich to be Republican VP nominee in 2012,1,0.2,Jul/20/2012 01:23:50
744237,REP.VP.2012.KASICH,John Kasich to be Republican VP nominee in 2012,90,0.2,Jul/20/2012 14:35:33
744237,REP.VP.2012.KASICH,John Kasich to be Republican VP nominee in 2012,55,0.2,Jul/20/2012 14:35:33
744237,REP.VP.2012.KASICH,John Kasich to be Republican VP nominee in 2012,100,0.2,Jul/20/2012 14:35:33
744237,REP.VP.2012.KASICH,John Kasich to be Republican VP nominee in 2012,100,0.2,Jul/20/2012 14:35:33
744237,REP.VP.2012.KASICH,John Kasich to be Republican VP nominee in 2012,100,0.2,Jul/20/2012 14:35:33
744237,REP.VP.2012.KASICH,John Kasich to be Republican VP nominee in 2012,335,0.2,Jul/20/2012 14:35:33
744237,REP.VP.2012.KASICH,John Kasich to be Republican VP nominee in 2012,1,0.2,Jul/20/2012 14:35:33
744237,REP.VP.2012.KASICH,John Kasich to be Republican VP nominee in 2012,140,0.2,Jul/20/2012 14:35:33
744237,REP.VP.2012.KASICH,John Kasich to be Republican VP nominee in 2012,79,0.2,Jul/20/2012 14:35:33
744237,REP.VP.2012.KASICH,John Kasich to be Republican VP nominee in 2012,10,0.2,Jul/20/2012 23:40:27
744237,REP.VP.2012.KASICH,John Kasich to be Republican VP nominee in 2012,1,0.2,Jul/20/2012 23:40:27
744237,REP.VP.2012.KASICH,John Kasich to be Republican VP nominee in 2012,14,0.2,Jul/20/2012 23:40:27
744237,REP.VP.2012.KASICH,John Kasich to be Republican VP nominee in 2012,50,0.2,Jul/23/2012 04:38:13
744237,REP.VP.2012.KASICH,John Kasich to be Republican VP nominee in 2012,196,0.1,Jul/25/2012 01:38:26
744237,REP.VP.2012.KASICH,John Kasich to be Republican VP nominee in 2012,1,0.1,Jul/25/2012 01:38:26
744237,REP.VP.2012.KASICH,John Kasich to be Republican VP nominee in 2012,3,0.1,Jul/25/2012 01:38:26
744237,REP.VP.2012.KASICH,John Kasich to be Republican VP nominee in 2012,7,0.1,Jul/25/2012 02:16:27
744237,REP.VP.2012.KASICH,John Kasich to be Republican VP nominee in 2012,1,0.1,Jul/25/2012 02:40:15
744237,REP.VP.2012.KASICH,John Kasich to be Republican VP nominee in 2012,1,0.1,Jul/25/2012 03:14:19
744237,REP.VP.2012.KASICH,John Kasich to be Republican VP nominee in 2012,15,0.1,Jul/28/2012 05:28:34
744237,REP.VP.2012.KASICH,John Kasich to be Republican VP nominee in 2012,280,0.1,Jul/28/2012 13:01:13
744237,REP.VP.2012.KASICH,John Kasich to be Republican VP nominee in 2012,1,0.1,Jul/28/2012 13:01:13
744237,REP.VP.2012.KASICH,John Kasich to be Republican VP nominee in 2012,40,0.1,Jul/28/2012 13:01:13
744237,REP.VP.2012.KASICH,John Kasich to be Republican VP nominee in 2012,100,0.1,Jul/30/2012 18:35:11
744237,REP.VP.2012.KASICH,John Kasich to be Republican VP nominee in 2012,75,0.1,Jul/30/2012 20:03:42
744237,REP.VP.2012.KASICH,John Kasich to be Republican VP nominee in 2012,1000,0.1,Jul/30/2012 23:28:06
744237,REP.VP.2012.KASICH,John Kasich to be Republican VP nominee in 2012,1,0.1,Jul/30/2012 23:28:06
744237,REP.VP.2012.KASICH,John Kasich to be Republican VP nominee in 2012,1,0.2,Jul/31/2012 00:24:33
744237,REP.VP.2012.KASICH,John Kasich to be Republican VP nominee in 2012,100,0.2,Jul/31/2012 00:24:33
744237,REP.VP.2012.KASICH,John Kasich to be Republican VP nominee in 2012,149,0.2,Jul/31/2012 00:24:33
744237,REP.VP.2012.KASICH,John Kasich to be Republican VP nominee in 2012,99,0.1,Jul/31/2012 21:27:33
744237,REP.VP.2012.KASICH,John Kasich to be Republican VP nominee in 2012,1,0.1,Jul/31/2012 21:27:33
744237,REP.VP.2012.KASICH,John Kasich to be Republican VP nominee in 2012,100,0.1,Jul/31/2012 21:27:33
744237,REP.VP.2012.KASICH,John Kasich to be Republican VP nominee in 2012,150,0.1,Jul/31/2012 22:12:38
744237,REP.VP.2012.KASICH,John Kasich to be Republican VP nominee in 2012,200,0.1,Jul/31/2012 23:08:41
744237,REP.VP.2012.KASICH,John Kasich to be Republican VP nominee in 2012,1,0.1,Aug/02/2012 00:05:43
744237,REP.VP.2012.KASICH,John Kasich to be Republican VP nominee in 2012,220,0.1,Aug/02/2012 00:37:16
744237,REP.VP.2012.KASICH,John Kasich to be Republican VP nominee in 2012,1,0.1,Aug/02/2012 00:37:16
744237,REP.VP.2012.KASICH,John Kasich to be Republican VP nominee in 2012,1,0.2,Aug/02/2012 00:37:28
744237,REP.VP.2012.KASICH,John Kasich to be Republican VP nominee in 2012,500,0.2,Aug/02/2012 01:20:03
744237,REP.VP.2012.KASICH,John Kasich to be Republican VP nominee in 2012,100,0.2,Aug/03/2012 20:14:28
744237,REP.VP.2012.KASICH,John Kasich to be Republican VP nominee in 2012,1,0.2,Aug/03/2012 20:14:28
744237,REP.VP.2012.KASICH,John Kasich to be Republican VP nominee in 2012,100,0.2,Aug/03/2012 20:14:28
744237,REP.VP.2012.KASICH,John Kasich to be Republican VP nominee in 2012,100,0.3,Aug/03/2012 20:14:37
744237,REP.VP.2012.KASICH,John Kasich to be Republican VP nominee in 2012,100,0.4,Aug/03/2012 20:15:40
744237,REP.VP.2012.KASICH,John Kasich to be Republican VP nominee in 2012,1,0.1,Aug/03/2012 22:03:19
744237,REP.VP.2012.KASICH,John Kasich to be Republican VP nominee in 2012,2,0.1,Aug/03/2012 22:22:58
744237,REP.VP.2012.KASICH,John Kasich to be Republican VP nominee in 2012,1,0.1,Aug/03/2012 22:24:10
744237,REP.VP.2012.KASICH,John Kasich to be Republican VP nominee in 2012,1,0.1,Aug/03/2012 22:31:40
744237,REP.VP.2012.KASICH,John Kasich to be Republican VP nominee in 2012,1,0.4,Aug/03/2012 23:14:32
744237,REP.VP.2012.KASICH,John Kasich to be Republican VP nominee in 2012,20,0.1,Aug/04/2012 00:52:31
744237,REP.VP.2012.KASICH,John Kasich to be Republican VP nominee in 2012,1,0.4,Aug/04/2012 00:53:36
744237,REP.VP.2012.KASICH,John Kasich to be Republican VP nominee in 2012,1,0.1,Aug/04/2012 02:01:15
744237,REP.VP.2012.KASICH,John Kasich to be Republican VP nominee in 2012,1,0.1,Aug/04/2012 02:02:48
744237,REP.VP.2012.KASICH,John Kasich to be Republican VP nominee in 2012,1,0.1,Aug/04/2012 02:22:59
744237,REP.VP.2012.KASICH,John Kasich to be Republican VP nominee in 2012,1,0.3,Aug/04/2012 16:04:36
744237,REP.VP.2012.KASICH,John Kasich to be Republican VP nominee in 2012,50,0.2,Aug/06/2012 00:49:59
744237,REP.VP.2012.KASICH,John Kasich to be Republican VP nominee in 2012,100,0.1,Aug/06/2012 11:51:25
744237,REP.VP.2012.KASICH,John Kasich to be Republican VP nominee in 2012,4,0.2,Aug/06/2012 15:35:23
744237,REP.VP.2012.KASICH,John Kasich to be Republican VP nominee in 2012,1,0.2,Aug/06/2012 15:35:23
744237,REP.VP.2012.KASICH,John Kasich to be Republican VP nominee in 2012,224,0.2,Aug/07/2012 02:23:07
744237,REP.VP.2012.KASICH,John Kasich to be Republican VP nominee in 2012,1,0.2,Aug/07/2012 02:23:07
744237,REP.VP.2012.KASICH,John Kasich to be Republican VP nominee in 2012,25,0.2,Aug/07/2012 02:23:07
744237,REP.VP.2012.KASICH,John Kasich to be Republican VP nominee in 2012,200,0.2,Aug/07/2012 03:24:56
744237,REP.VP.2012.KASICH,John Kasich to be Republican VP nominee in 2012,501,0.1,Aug/07/2012 18:09:57
744237,REP.VP.2012.KASICH,John Kasich to be Republican VP nominee in 2012,250,0.1,Aug/07/2012 21:29:28
744237,REP.VP.2012.KASICH,John Kasich to be Republican VP nominee in 2012,50,0.1,Aug/08/2012 02:57:41
744237,REP.VP.2012.KASICH,John Kasich to be Republican VP nominee in 2012,100,0.1,Aug/08/2012 15:27:34
744237,REP.VP.2012.KASICH,John Kasich to be Republican VP nominee in 2012,30,0.1,Aug/08/2012 17:54:09
744237,REP.VP.2012.KASICH,John Kasich to be Republican VP nominee in 2012,6,0.1,Aug/08/2012 17:54:22
744237,REP.VP.2012.KASICH,John Kasich to be Republican VP nominee in 2012,1,0.1,Aug/08/2012 17:54:32
744237,REP.VP.2012.KASICH,John Kasich to be Republican VP nominee in 2012,1,0.1,Aug/09/2012 19:37:28
744237,REP.VP.2012.KASICH,John Kasich to be Republican VP nominee in 2012,54,0.1,Aug/11/2012 21:02:20
744237,REP.VP.2012.KASICH,John Kasich to be Republican VP nominee in 2012,146,0.1,Aug/18/2012 13:42:41
744237,REP.VP.2012.KASICH,John Kasich to be Republican VP nominee in 2012,2,0.1,Aug/18/2012 13:42:41
744237,REP.VP.2012.KASICH,John Kasich to be Republican VP nominee in 2012,102,0.1,Aug/18/2012 13:42:41
