market id,market symbol,market name,trade quantity,trade price,date/time [utc]
756945,REP.VP.2012.FORTUNO,Luis Fortuno to be Republican VP nominee in 2012,10,0.4,Feb/03/2012 00:07:14
756945,REP.VP.2012.FORTUNO,Luis Fortuno to be Republican VP nominee in 2012,100,0.5,Feb/03/2012 13:54:00
756945,REP.VP.2012.FORTUNO,Luis Fortuno to be Republican VP nominee in 2012,80,0.8,Feb/03/2012 15:29:16
756945,REP.VP.2012.FORTUNO,Luis Fortuno to be Republican VP nominee in 2012,100,0.5,Feb/03/2012 15:29:16
756945,REP.VP.2012.FORTUNO,Luis Fortuno to be Republican VP nominee in 2012,100,0.8,Feb/03/2012 19:04:20
756945,REP.VP.2012.FORTUNO,Luis Fortuno to be Republican VP nominee in 2012,100,0.8,Feb/03/2012 19:21:42
756945,REP.VP.2012.FORTUNO,Luis Fortuno to be Republican VP nominee in 2012,300,0.7,Feb/04/2012 16:15:01
756945,REP.VP.2012.FORTUNO,Luis Fortuno to be Republican VP nominee in 2012,50,0.5,Feb/05/2012 15:27:31
756945,REP.VP.2012.FORTUNO,Luis Fortuno to be Republican VP nominee in 2012,50,0.5,Feb/05/2012 16:52:34
756945,REP.VP.2012.FORTUNO,Luis Fortuno to be Republican VP nominee in 2012,100,0.5,Feb/06/2012 19:13:45
756945,REP.VP.2012.FORTUNO,Luis Fortuno to be Republican VP nominee in 2012,1,0.6,Feb/07/2012 02:23:42
756945,REP.VP.2012.FORTUNO,Luis Fortuno to be Republican VP nominee in 2012,19,0.5,Feb/07/2012 15:45:44
756945,REP.VP.2012.FORTUNO,Luis Fortuno to be Republican VP nominee in 2012,1,0.6,Feb/08/2012 13:54:59
756945,REP.VP.2012.FORTUNO,Luis Fortuno to be Republican VP nominee in 2012,99,0.6,Feb/08/2012 13:54:59
756945,REP.VP.2012.FORTUNO,Luis Fortuno to be Republican VP nominee in 2012,98,0.7,Feb/08/2012 16:48:37
756945,REP.VP.2012.FORTUNO,Luis Fortuno to be Republican VP nominee in 2012,6,0.7,Feb/11/2012 00:07:16
756945,REP.VP.2012.FORTUNO,Luis Fortuno to be Republican VP nominee in 2012,1,0.7,Feb/11/2012 00:07:16
756945,REP.VP.2012.FORTUNO,Luis Fortuno to be Republican VP nominee in 2012,1,0.7,Feb/11/2012 00:07:16
756945,REP.VP.2012.FORTUNO,Luis Fortuno to be Republican VP nominee in 2012,2,0.7,Feb/11/2012 00:07:16
756945,REP.VP.2012.FORTUNO,Luis Fortuno to be Republican VP nominee in 2012,90,0.7,Feb/13/2012 09:39:08
756945,REP.VP.2012.FORTUNO,Luis Fortuno to be Republican VP nominee in 2012,1,0.7,Feb/13/2012 09:39:08
756945,REP.VP.2012.FORTUNO,Luis Fortuno to be Republican VP nominee in 2012,5,0.6,Feb/13/2012 20:11:48
756945,REP.VP.2012.FORTUNO,Luis Fortuno to be Republican VP nominee in 2012,100,0.7,Feb/18/2012 15:46:26
756945,REP.VP.2012.FORTUNO,Luis Fortuno to be Republican VP nominee in 2012,1,0.7,Feb/18/2012 15:46:26
756945,REP.VP.2012.FORTUNO,Luis Fortuno to be Republican VP nominee in 2012,50,0.6,Feb/25/2012 21:55:49
756945,REP.VP.2012.FORTUNO,Luis Fortuno to be Republican VP nominee in 2012,1,0.7,Feb/27/2012 03:02:36
756945,REP.VP.2012.FORTUNO,Luis Fortuno to be Republican VP nominee in 2012,50,0.7,Feb/27/2012 03:02:36
756945,REP.VP.2012.FORTUNO,Luis Fortuno to be Republican VP nominee in 2012,6,0.8,Feb/27/2012 18:45:01
756945,REP.VP.2012.FORTUNO,Luis Fortuno to be Republican VP nominee in 2012,1,0.8,Feb/27/2012 18:45:01
756945,REP.VP.2012.FORTUNO,Luis Fortuno to be Republican VP nominee in 2012,93,0.8,Feb/27/2012 18:55:30
756945,REP.VP.2012.FORTUNO,Luis Fortuno to be Republican VP nominee in 2012,100,1.0,Feb/27/2012 21:04:43
756945,REP.VP.2012.FORTUNO,Luis Fortuno to be Republican VP nominee in 2012,1,0.8,Feb/27/2012 21:04:43
756945,REP.VP.2012.FORTUNO,Luis Fortuno to be Republican VP nominee in 2012,1,1.0,Feb/27/2012 21:04:43
756945,REP.VP.2012.FORTUNO,Luis Fortuno to be Republican VP nominee in 2012,12,0.9,Feb/27/2012 21:04:43
756945,REP.VP.2012.FORTUNO,Luis Fortuno to be Republican VP nominee in 2012,50,1.0,Feb/27/2012 21:04:43
756945,REP.VP.2012.FORTUNO,Luis Fortuno to be Republican VP nominee in 2012,50,1.0,Feb/27/2012 21:04:43
756945,REP.VP.2012.FORTUNO,Luis Fortuno to be Republican VP nominee in 2012,107,0.8,Feb/27/2012 21:04:43
756945,REP.VP.2012.FORTUNO,Luis Fortuno to be Republican VP nominee in 2012,50,1.0,Feb/29/2012 15:51:30
756945,REP.VP.2012.FORTUNO,Luis Fortuno to be Republican VP nominee in 2012,1,1.0,Feb/29/2012 15:51:30
756945,REP.VP.2012.FORTUNO,Luis Fortuno to be Republican VP nominee in 2012,49,0.8,Mar/03/2012 19:02:11
756945,REP.VP.2012.FORTUNO,Luis Fortuno to be Republican VP nominee in 2012,51,1.0,Mar/05/2012 17:23:24
756945,REP.VP.2012.FORTUNO,Luis Fortuno to be Republican VP nominee in 2012,1,1.0,Mar/05/2012 17:23:24
756945,REP.VP.2012.FORTUNO,Luis Fortuno to be Republican VP nominee in 2012,50,1.0,Mar/05/2012 17:23:24
756945,REP.VP.2012.FORTUNO,Luis Fortuno to be Republican VP nominee in 2012,148,1.0,Mar/05/2012 17:29:17
756945,REP.VP.2012.FORTUNO,Luis Fortuno to be Republican VP nominee in 2012,50,0.7,Mar/07/2012 23:35:43
756945,REP.VP.2012.FORTUNO,Luis Fortuno to be Republican VP nominee in 2012,50,0.7,Mar/08/2012 00:26:08
756945,REP.VP.2012.FORTUNO,Luis Fortuno to be Republican VP nominee in 2012,6,0.7,Mar/08/2012 02:33:27
756945,REP.VP.2012.FORTUNO,Luis Fortuno to be Republican VP nominee in 2012,4,0.7,Mar/08/2012 02:33:49
756945,REP.VP.2012.FORTUNO,Luis Fortuno to be Republican VP nominee in 2012,18,0.7,Mar/08/2012 03:14:14
756945,REP.VP.2012.FORTUNO,Luis Fortuno to be Republican VP nominee in 2012,100,0.6,Mar/08/2012 03:35:15
756945,REP.VP.2012.FORTUNO,Luis Fortuno to be Republican VP nominee in 2012,1,0.7,Mar/09/2012 20:54:47
756945,REP.VP.2012.FORTUNO,Luis Fortuno to be Republican VP nominee in 2012,32,0.7,Mar/09/2012 20:54:47
756945,REP.VP.2012.FORTUNO,Luis Fortuno to be Republican VP nominee in 2012,50,0.7,Mar/11/2012 22:00:16
756945,REP.VP.2012.FORTUNO,Luis Fortuno to be Republican VP nominee in 2012,17,0.7,Mar/11/2012 22:00:16
756945,REP.VP.2012.FORTUNO,Luis Fortuno to be Republican VP nominee in 2012,33,0.7,Mar/14/2012 10:56:47
756945,REP.VP.2012.FORTUNO,Luis Fortuno to be Republican VP nominee in 2012,1,0.7,Mar/14/2012 10:56:47
756945,REP.VP.2012.FORTUNO,Luis Fortuno to be Republican VP nominee in 2012,40,0.8,Mar/14/2012 15:20:51
756945,REP.VP.2012.FORTUNO,Luis Fortuno to be Republican VP nominee in 2012,66,0.7,Mar/14/2012 18:15:22
756945,REP.VP.2012.FORTUNO,Luis Fortuno to be Republican VP nominee in 2012,33,0.7,Mar/15/2012 04:23:45
756945,REP.VP.2012.FORTUNO,Luis Fortuno to be Republican VP nominee in 2012,1,0.6,Mar/15/2012 14:42:35
756945,REP.VP.2012.FORTUNO,Luis Fortuno to be Republican VP nominee in 2012,2,0.6,Mar/17/2012 20:21:26
756945,REP.VP.2012.FORTUNO,Luis Fortuno to be Republican VP nominee in 2012,1,0.7,Mar/19/2012 05:44:32
756945,REP.VP.2012.FORTUNO,Luis Fortuno to be Republican VP nominee in 2012,2,0.7,Mar/19/2012 05:44:32
756945,REP.VP.2012.FORTUNO,Luis Fortuno to be Republican VP nominee in 2012,1,0.7,Mar/19/2012 05:44:32
756945,REP.VP.2012.FORTUNO,Luis Fortuno to be Republican VP nominee in 2012,50,0.7,Mar/19/2012 05:44:32
756945,REP.VP.2012.FORTUNO,Luis Fortuno to be Republican VP nominee in 2012,50,0.6,Mar/21/2012 14:24:17
756945,REP.VP.2012.FORTUNO,Luis Fortuno to be Republican VP nominee in 2012,10,0.6,Mar/21/2012 14:24:17
756945,REP.VP.2012.FORTUNO,Luis Fortuno to be Republican VP nominee in 2012,42,0.6,Mar/21/2012 14:24:17
756945,REP.VP.2012.FORTUNO,Luis Fortuno to be Republican VP nominee in 2012,2,0.6,Mar/21/2012 20:25:39
756945,REP.VP.2012.FORTUNO,Luis Fortuno to be Republican VP nominee in 2012,50,0.5,Mar/21/2012 22:41:30
756945,REP.VP.2012.FORTUNO,Luis Fortuno to be Republican VP nominee in 2012,1,0.5,Mar/22/2012 16:49:45
756945,REP.VP.2012.FORTUNO,Luis Fortuno to be Republican VP nominee in 2012,50,0.5,Mar/22/2012 16:49:45
756945,REP.VP.2012.FORTUNO,Luis Fortuno to be Republican VP nominee in 2012,33,0.4,Mar/23/2012 02:44:32
756945,REP.VP.2012.FORTUNO,Luis Fortuno to be Republican VP nominee in 2012,2,0.4,Mar/23/2012 13:41:52
756945,REP.VP.2012.FORTUNO,Luis Fortuno to be Republican VP nominee in 2012,8,0.4,Mar/23/2012 13:59:23
756945,REP.VP.2012.FORTUNO,Luis Fortuno to be Republican VP nominee in 2012,3,0.4,Mar/23/2012 14:00:25
756945,REP.VP.2012.FORTUNO,Luis Fortuno to be Republican VP nominee in 2012,1,0.4,Mar/23/2012 14:02:28
756945,REP.VP.2012.FORTUNO,Luis Fortuno to be Republican VP nominee in 2012,1,0.4,Mar/23/2012 14:06:16
756945,REP.VP.2012.FORTUNO,Luis Fortuno to be Republican VP nominee in 2012,100,0.5,Mar/23/2012 15:55:50
756945,REP.VP.2012.FORTUNO,Luis Fortuno to be Republican VP nominee in 2012,1,0.5,Mar/23/2012 15:55:50
756945,REP.VP.2012.FORTUNO,Luis Fortuno to be Republican VP nominee in 2012,46,0.6,Mar/23/2012 15:56:02
756945,REP.VP.2012.FORTUNO,Luis Fortuno to be Republican VP nominee in 2012,2,0.7,Mar/23/2012 15:56:18
756945,REP.VP.2012.FORTUNO,Luis Fortuno to be Republican VP nominee in 2012,50,0.7,Mar/23/2012 15:56:18
756945,REP.VP.2012.FORTUNO,Luis Fortuno to be Republican VP nominee in 2012,10,0.7,Mar/23/2012 15:56:18
756945,REP.VP.2012.FORTUNO,Luis Fortuno to be Republican VP nominee in 2012,1,0.7,Mar/23/2012 15:56:18
756945,REP.VP.2012.FORTUNO,Luis Fortuno to be Republican VP nominee in 2012,10,0.8,Mar/23/2012 15:56:29
756945,REP.VP.2012.FORTUNO,Luis Fortuno to be Republican VP nominee in 2012,44,0.8,Mar/23/2012 15:56:29
756945,REP.VP.2012.FORTUNO,Luis Fortuno to be Republican VP nominee in 2012,50,0.8,Mar/23/2012 15:56:29
756945,REP.VP.2012.FORTUNO,Luis Fortuno to be Republican VP nominee in 2012,30,0.9,Mar/23/2012 15:56:42
756945,REP.VP.2012.FORTUNO,Luis Fortuno to be Republican VP nominee in 2012,1,0.9,Mar/23/2012 15:56:42
756945,REP.VP.2012.FORTUNO,Luis Fortuno to be Republican VP nominee in 2012,15,0.9,Mar/23/2012 15:56:42
756945,REP.VP.2012.FORTUNO,Luis Fortuno to be Republican VP nominee in 2012,100,1.0,Mar/23/2012 15:56:59
756945,REP.VP.2012.FORTUNO,Luis Fortuno to be Republican VP nominee in 2012,50,1.0,Mar/23/2012 15:56:59
756945,REP.VP.2012.FORTUNO,Luis Fortuno to be Republican VP nominee in 2012,50,1.0,Mar/23/2012 15:56:59
756945,REP.VP.2012.FORTUNO,Luis Fortuno to be Republican VP nominee in 2012,50,1.0,Mar/23/2012 15:56:59
756945,REP.VP.2012.FORTUNO,Luis Fortuno to be Republican VP nominee in 2012,52,1.0,Mar/23/2012 15:56:59
756945,REP.VP.2012.FORTUNO,Luis Fortuno to be Republican VP nominee in 2012,18,1.0,Mar/23/2012 16:05:45
756945,REP.VP.2012.FORTUNO,Luis Fortuno to be Republican VP nominee in 2012,50,1.0,Mar/23/2012 16:14:49
756945,REP.VP.2012.FORTUNO,Luis Fortuno to be Republican VP nominee in 2012,1,1.0,Mar/24/2012 14:56:56
756945,REP.VP.2012.FORTUNO,Luis Fortuno to be Republican VP nominee in 2012,50,1.0,Mar/24/2012 14:56:56
756945,REP.VP.2012.FORTUNO,Luis Fortuno to be Republican VP nominee in 2012,30,1.1,Mar/24/2012 14:59:32
756945,REP.VP.2012.FORTUNO,Luis Fortuno to be Republican VP nominee in 2012,228,1.1,Mar/24/2012 15:00:37
756945,REP.VP.2012.FORTUNO,Luis Fortuno to be Republican VP nominee in 2012,1,1.1,Mar/24/2012 15:18:00
756945,REP.VP.2012.FORTUNO,Luis Fortuno to be Republican VP nominee in 2012,42,1.1,Mar/24/2012 15:18:00
756945,REP.VP.2012.FORTUNO,Luis Fortuno to be Republican VP nominee in 2012,15,1.2,Mar/24/2012 15:18:19
756945,REP.VP.2012.FORTUNO,Luis Fortuno to be Republican VP nominee in 2012,36,1.3,Mar/24/2012 15:18:19
756945,REP.VP.2012.FORTUNO,Luis Fortuno to be Republican VP nominee in 2012,43,1.1,Mar/24/2012 15:22:18
756945,REP.VP.2012.FORTUNO,Luis Fortuno to be Republican VP nominee in 2012,6,1.0,Mar/24/2012 15:24:46
756945,REP.VP.2012.FORTUNO,Luis Fortuno to be Republican VP nominee in 2012,1,1.0,Mar/25/2012 01:18:32
756945,REP.VP.2012.FORTUNO,Luis Fortuno to be Republican VP nominee in 2012,12,0.8,Mar/25/2012 15:11:17
756945,REP.VP.2012.FORTUNO,Luis Fortuno to be Republican VP nominee in 2012,88,0.8,Mar/25/2012 20:07:48
756945,REP.VP.2012.FORTUNO,Luis Fortuno to be Republican VP nominee in 2012,15,0.7,Mar/25/2012 21:51:41
756945,REP.VP.2012.FORTUNO,Luis Fortuno to be Republican VP nominee in 2012,15,0.7,Mar/25/2012 21:51:41
756945,REP.VP.2012.FORTUNO,Luis Fortuno to be Republican VP nominee in 2012,70,0.6,Mar/25/2012 21:51:41
756945,REP.VP.2012.FORTUNO,Luis Fortuno to be Republican VP nominee in 2012,20,0.6,Mar/26/2012 00:24:42
756945,REP.VP.2012.FORTUNO,Luis Fortuno to be Republican VP nominee in 2012,50,0.7,Mar/26/2012 10:12:20
756945,REP.VP.2012.FORTUNO,Luis Fortuno to be Republican VP nominee in 2012,1,0.7,Mar/26/2012 10:12:20
756945,REP.VP.2012.FORTUNO,Luis Fortuno to be Republican VP nominee in 2012,100,0.7,Mar/26/2012 20:30:18
756945,REP.VP.2012.FORTUNO,Luis Fortuno to be Republican VP nominee in 2012,3,0.7,Mar/26/2012 20:30:18
756945,REP.VP.2012.FORTUNO,Luis Fortuno to be Republican VP nominee in 2012,5,0.7,Mar/26/2012 20:30:18
756945,REP.VP.2012.FORTUNO,Luis Fortuno to be Republican VP nominee in 2012,10,0.7,Mar/26/2012 20:30:18
756945,REP.VP.2012.FORTUNO,Luis Fortuno to be Republican VP nominee in 2012,1,0.7,Mar/26/2012 20:30:18
756945,REP.VP.2012.FORTUNO,Luis Fortuno to be Republican VP nominee in 2012,1,0.7,Mar/27/2012 14:09:32
756945,REP.VP.2012.FORTUNO,Luis Fortuno to be Republican VP nominee in 2012,2,0.7,Mar/27/2012 14:09:54
756945,REP.VP.2012.FORTUNO,Luis Fortuno to be Republican VP nominee in 2012,1,0.7,Mar/27/2012 14:13:06
756945,REP.VP.2012.FORTUNO,Luis Fortuno to be Republican VP nominee in 2012,1,0.7,Mar/27/2012 14:38:19
756945,REP.VP.2012.FORTUNO,Luis Fortuno to be Republican VP nominee in 2012,5,0.7,Mar/27/2012 14:46:12
756945,REP.VP.2012.FORTUNO,Luis Fortuno to be Republican VP nominee in 2012,3,0.7,Mar/27/2012 14:47:16
756945,REP.VP.2012.FORTUNO,Luis Fortuno to be Republican VP nominee in 2012,2,0.7,Mar/27/2012 14:48:20
756945,REP.VP.2012.FORTUNO,Luis Fortuno to be Republican VP nominee in 2012,3,0.7,Mar/27/2012 14:49:12
756945,REP.VP.2012.FORTUNO,Luis Fortuno to be Republican VP nominee in 2012,7,0.7,Mar/27/2012 14:51:34
756945,REP.VP.2012.FORTUNO,Luis Fortuno to be Republican VP nominee in 2012,7,0.7,Mar/27/2012 14:52:06
756945,REP.VP.2012.FORTUNO,Luis Fortuno to be Republican VP nominee in 2012,8,0.7,Mar/27/2012 14:52:26
756945,REP.VP.2012.FORTUNO,Luis Fortuno to be Republican VP nominee in 2012,8,0.7,Mar/27/2012 14:52:57
756945,REP.VP.2012.FORTUNO,Luis Fortuno to be Republican VP nominee in 2012,2,0.7,Mar/27/2012 14:53:18
756945,REP.VP.2012.FORTUNO,Luis Fortuno to be Republican VP nominee in 2012,1,0.7,Mar/27/2012 14:53:49
756945,REP.VP.2012.FORTUNO,Luis Fortuno to be Republican VP nominee in 2012,9,0.7,Mar/27/2012 14:55:05
756945,REP.VP.2012.FORTUNO,Luis Fortuno to be Republican VP nominee in 2012,6,0.7,Mar/27/2012 14:56:24
756945,REP.VP.2012.FORTUNO,Luis Fortuno to be Republican VP nominee in 2012,4,0.7,Mar/27/2012 14:56:47
756945,REP.VP.2012.FORTUNO,Luis Fortuno to be Republican VP nominee in 2012,9,0.7,Mar/27/2012 14:58:31
756945,REP.VP.2012.FORTUNO,Luis Fortuno to be Republican VP nominee in 2012,5,0.7,Mar/27/2012 14:58:54
756945,REP.VP.2012.FORTUNO,Luis Fortuno to be Republican VP nominee in 2012,3,0.7,Mar/27/2012 14:59:57
756945,REP.VP.2012.FORTUNO,Luis Fortuno to be Republican VP nominee in 2012,1,0.7,Mar/27/2012 15:20:34
756945,REP.VP.2012.FORTUNO,Luis Fortuno to be Republican VP nominee in 2012,1,0.7,Mar/27/2012 15:52:39
756945,REP.VP.2012.FORTUNO,Luis Fortuno to be Republican VP nominee in 2012,1,0.7,Mar/27/2012 16:06:11
756945,REP.VP.2012.FORTUNO,Luis Fortuno to be Republican VP nominee in 2012,5,0.8,Mar/27/2012 17:12:39
756945,REP.VP.2012.FORTUNO,Luis Fortuno to be Republican VP nominee in 2012,3,0.7,Mar/27/2012 19:03:52
756945,REP.VP.2012.FORTUNO,Luis Fortuno to be Republican VP nominee in 2012,5,0.7,Mar/27/2012 19:55:31
756945,REP.VP.2012.FORTUNO,Luis Fortuno to be Republican VP nominee in 2012,20,0.7,Mar/27/2012 20:05:04
756945,REP.VP.2012.FORTUNO,Luis Fortuno to be Republican VP nominee in 2012,13,0.7,Mar/27/2012 23:49:00
756945,REP.VP.2012.FORTUNO,Luis Fortuno to be Republican VP nominee in 2012,11,0.6,Mar/28/2012 04:22:53
756945,REP.VP.2012.FORTUNO,Luis Fortuno to be Republican VP nominee in 2012,7,0.4,Mar/28/2012 16:14:43
756945,REP.VP.2012.FORTUNO,Luis Fortuno to be Republican VP nominee in 2012,1,0.6,Mar/29/2012 03:05:21
756945,REP.VP.2012.FORTUNO,Luis Fortuno to be Republican VP nominee in 2012,89,0.6,Mar/29/2012 03:05:21
756945,REP.VP.2012.FORTUNO,Luis Fortuno to be Republican VP nominee in 2012,50,0.5,Apr/01/2012 02:34:35
756945,REP.VP.2012.FORTUNO,Luis Fortuno to be Republican VP nominee in 2012,1,0.5,Apr/01/2012 02:34:47
756945,REP.VP.2012.FORTUNO,Luis Fortuno to be Republican VP nominee in 2012,1,0.6,Apr/01/2012 02:35:27
756945,REP.VP.2012.FORTUNO,Luis Fortuno to be Republican VP nominee in 2012,49,0.6,Apr/01/2012 15:00:08
756945,REP.VP.2012.FORTUNO,Luis Fortuno to be Republican VP nominee in 2012,25,0.6,Apr/01/2012 15:00:08
756945,REP.VP.2012.FORTUNO,Luis Fortuno to be Republican VP nominee in 2012,1,0.6,Apr/01/2012 15:00:08
756945,REP.VP.2012.FORTUNO,Luis Fortuno to be Republican VP nominee in 2012,25,0.6,Apr/01/2012 15:57:23
756945,REP.VP.2012.FORTUNO,Luis Fortuno to be Republican VP nominee in 2012,100,0.5,Apr/03/2012 16:11:53
756945,REP.VP.2012.FORTUNO,Luis Fortuno to be Republican VP nominee in 2012,3,0.6,Apr/03/2012 18:57:36
756945,REP.VP.2012.FORTUNO,Luis Fortuno to be Republican VP nominee in 2012,1,0.6,Apr/03/2012 19:51:04
756945,REP.VP.2012.FORTUNO,Luis Fortuno to be Republican VP nominee in 2012,90,0.6,Apr/03/2012 19:51:04
756945,REP.VP.2012.FORTUNO,Luis Fortuno to be Republican VP nominee in 2012,22,0.6,Apr/03/2012 19:51:04
756945,REP.VP.2012.FORTUNO,Luis Fortuno to be Republican VP nominee in 2012,20,0.6,Apr/03/2012 20:46:32
756945,REP.VP.2012.FORTUNO,Luis Fortuno to be Republican VP nominee in 2012,5,0.6,Apr/04/2012 16:12:03
756945,REP.VP.2012.FORTUNO,Luis Fortuno to be Republican VP nominee in 2012,10,0.7,Apr/04/2012 16:18:22
756945,REP.VP.2012.FORTUNO,Luis Fortuno to be Republican VP nominee in 2012,100,0.6,Apr/04/2012 16:23:37
756945,REP.VP.2012.FORTUNO,Luis Fortuno to be Republican VP nominee in 2012,20,0.6,Apr/04/2012 17:00:50
756945,REP.VP.2012.FORTUNO,Luis Fortuno to be Republican VP nominee in 2012,40,0.7,Apr/04/2012 22:41:29
756945,REP.VP.2012.FORTUNO,Luis Fortuno to be Republican VP nominee in 2012,5,0.7,Apr/04/2012 22:41:29
756945,REP.VP.2012.FORTUNO,Luis Fortuno to be Republican VP nominee in 2012,1,0.7,Apr/04/2012 22:41:29
756945,REP.VP.2012.FORTUNO,Luis Fortuno to be Republican VP nominee in 2012,20,0.6,Apr/05/2012 04:15:06
756945,REP.VP.2012.FORTUNO,Luis Fortuno to be Republican VP nominee in 2012,55,0.6,Apr/05/2012 04:15:06
756945,REP.VP.2012.FORTUNO,Luis Fortuno to be Republican VP nominee in 2012,1,0.6,Apr/05/2012 13:52:36
756945,REP.VP.2012.FORTUNO,Luis Fortuno to be Republican VP nominee in 2012,7,0.6,Apr/05/2012 13:52:36
756945,REP.VP.2012.FORTUNO,Luis Fortuno to be Republican VP nominee in 2012,50,0.6,Apr/05/2012 13:52:36
756945,REP.VP.2012.FORTUNO,Luis Fortuno to be Republican VP nominee in 2012,20,0.7,Apr/05/2012 13:52:55
756945,REP.VP.2012.FORTUNO,Luis Fortuno to be Republican VP nominee in 2012,50,0.7,Apr/05/2012 13:52:55
756945,REP.VP.2012.FORTUNO,Luis Fortuno to be Republican VP nominee in 2012,50,0.8,Apr/05/2012 13:53:14
756945,REP.VP.2012.FORTUNO,Luis Fortuno to be Republican VP nominee in 2012,1,0.8,Apr/05/2012 13:53:14
756945,REP.VP.2012.FORTUNO,Luis Fortuno to be Republican VP nominee in 2012,7,0.8,Apr/05/2012 13:53:14
756945,REP.VP.2012.FORTUNO,Luis Fortuno to be Republican VP nominee in 2012,3,0.8,Apr/05/2012 13:53:14
756945,REP.VP.2012.FORTUNO,Luis Fortuno to be Republican VP nominee in 2012,30,0.9,Apr/05/2012 13:53:55
756945,REP.VP.2012.FORTUNO,Luis Fortuno to be Republican VP nominee in 2012,3,0.7,Apr/06/2012 20:15:39
756945,REP.VP.2012.FORTUNO,Luis Fortuno to be Republican VP nominee in 2012,3,0.7,Apr/06/2012 20:37:24
756945,REP.VP.2012.FORTUNO,Luis Fortuno to be Republican VP nominee in 2012,1,0.7,Apr/06/2012 20:37:29
756945,REP.VP.2012.FORTUNO,Luis Fortuno to be Republican VP nominee in 2012,30,0.5,Apr/07/2012 05:03:17
756945,REP.VP.2012.FORTUNO,Luis Fortuno to be Republican VP nominee in 2012,6,0.4,Apr/07/2012 18:24:21
756945,REP.VP.2012.FORTUNO,Luis Fortuno to be Republican VP nominee in 2012,20,0.4,Apr/07/2012 19:12:27
756945,REP.VP.2012.FORTUNO,Luis Fortuno to be Republican VP nominee in 2012,219,0.4,Apr/07/2012 23:39:44
756945,REP.VP.2012.FORTUNO,Luis Fortuno to be Republican VP nominee in 2012,20,0.5,Apr/09/2012 05:23:23
756945,REP.VP.2012.FORTUNO,Luis Fortuno to be Republican VP nominee in 2012,50,0.5,Apr/09/2012 05:23:23
756945,REP.VP.2012.FORTUNO,Luis Fortuno to be Republican VP nominee in 2012,1,0.5,Apr/09/2012 05:23:23
756945,REP.VP.2012.FORTUNO,Luis Fortuno to be Republican VP nominee in 2012,4,0.5,Apr/09/2012 05:23:23
756945,REP.VP.2012.FORTUNO,Luis Fortuno to be Republican VP nominee in 2012,100,0.5,Apr/09/2012 05:23:23
756945,REP.VP.2012.FORTUNO,Luis Fortuno to be Republican VP nominee in 2012,1,0.5,Apr/09/2012 13:56:12
756945,REP.VP.2012.FORTUNO,Luis Fortuno to be Republican VP nominee in 2012,5,0.5,Apr/09/2012 14:23:17
756945,REP.VP.2012.FORTUNO,Luis Fortuno to be Republican VP nominee in 2012,5,0.5,Apr/09/2012 14:23:38
756945,REP.VP.2012.FORTUNO,Luis Fortuno to be Republican VP nominee in 2012,5,0.5,Apr/09/2012 14:26:48
756945,REP.VP.2012.FORTUNO,Luis Fortuno to be Republican VP nominee in 2012,4,0.5,Apr/09/2012 14:32:03
756945,REP.VP.2012.FORTUNO,Luis Fortuno to be Republican VP nominee in 2012,18,0.5,Apr/09/2012 14:32:34
756945,REP.VP.2012.FORTUNO,Luis Fortuno to be Republican VP nominee in 2012,1,0.5,Apr/11/2012 19:35:08
756945,REP.VP.2012.FORTUNO,Luis Fortuno to be Republican VP nominee in 2012,3,0.5,Apr/11/2012 19:36:53
756945,REP.VP.2012.FORTUNO,Luis Fortuno to be Republican VP nominee in 2012,20,0.4,Apr/11/2012 20:17:53
756945,REP.VP.2012.FORTUNO,Luis Fortuno to be Republican VP nominee in 2012,20,0.4,Apr/11/2012 20:24:44
756945,REP.VP.2012.FORTUNO,Luis Fortuno to be Republican VP nominee in 2012,15,0.4,Apr/11/2012 20:33:29
756945,REP.VP.2012.FORTUNO,Luis Fortuno to be Republican VP nominee in 2012,30,0.4,Apr/12/2012 13:25:40
756945,REP.VP.2012.FORTUNO,Luis Fortuno to be Republican VP nominee in 2012,217,0.4,Apr/12/2012 21:02:40
756945,REP.VP.2012.FORTUNO,Luis Fortuno to be Republican VP nominee in 2012,199,0.5,Apr/13/2012 15:04:11
756945,REP.VP.2012.FORTUNO,Luis Fortuno to be Republican VP nominee in 2012,100,0.5,Apr/13/2012 15:04:11
756945,REP.VP.2012.FORTUNO,Luis Fortuno to be Republican VP nominee in 2012,1,0.5,Apr/13/2012 15:04:11
756945,REP.VP.2012.FORTUNO,Luis Fortuno to be Republican VP nominee in 2012,245,0.5,Apr/13/2012 15:16:22
756945,REP.VP.2012.FORTUNO,Luis Fortuno to be Republican VP nominee in 2012,4,0.5,Apr/13/2012 15:16:22
756945,REP.VP.2012.FORTUNO,Luis Fortuno to be Republican VP nominee in 2012,1,0.5,Apr/13/2012 15:16:22
756945,REP.VP.2012.FORTUNO,Luis Fortuno to be Republican VP nominee in 2012,7,0.5,Apr/13/2012 17:48:27
756945,REP.VP.2012.FORTUNO,Luis Fortuno to be Republican VP nominee in 2012,2,0.5,Apr/13/2012 17:48:27
756945,REP.VP.2012.FORTUNO,Luis Fortuno to be Republican VP nominee in 2012,1,0.5,Apr/13/2012 17:48:27
756945,REP.VP.2012.FORTUNO,Luis Fortuno to be Republican VP nominee in 2012,3,0.5,Apr/13/2012 21:17:53
756945,REP.VP.2012.FORTUNO,Luis Fortuno to be Republican VP nominee in 2012,1,0.5,Apr/13/2012 21:17:53
756945,REP.VP.2012.FORTUNO,Luis Fortuno to be Republican VP nominee in 2012,4,0.5,Apr/13/2012 21:17:53
756945,REP.VP.2012.FORTUNO,Luis Fortuno to be Republican VP nominee in 2012,25,0.5,Apr/14/2012 05:48:18
756945,REP.VP.2012.FORTUNO,Luis Fortuno to be Republican VP nominee in 2012,100,0.5,Apr/14/2012 05:59:05
756945,REP.VP.2012.FORTUNO,Luis Fortuno to be Republican VP nominee in 2012,50,0.6,Apr/16/2012 21:00:48
756945,REP.VP.2012.FORTUNO,Luis Fortuno to be Republican VP nominee in 2012,1,0.6,Apr/16/2012 21:00:48
756945,REP.VP.2012.FORTUNO,Luis Fortuno to be Republican VP nominee in 2012,10,0.6,Apr/16/2012 21:00:48
756945,REP.VP.2012.FORTUNO,Luis Fortuno to be Republican VP nominee in 2012,10,0.6,Apr/17/2012 15:00:42
756945,REP.VP.2012.FORTUNO,Luis Fortuno to be Republican VP nominee in 2012,1,0.6,Apr/17/2012 15:00:42
756945,REP.VP.2012.FORTUNO,Luis Fortuno to be Republican VP nominee in 2012,50,0.6,Apr/17/2012 20:13:35
756945,REP.VP.2012.FORTUNO,Luis Fortuno to be Republican VP nominee in 2012,1,0.6,Apr/17/2012 20:13:35
756945,REP.VP.2012.FORTUNO,Luis Fortuno to be Republican VP nominee in 2012,1,0.6,Apr/18/2012 01:47:19
756945,REP.VP.2012.FORTUNO,Luis Fortuno to be Republican VP nominee in 2012,50,0.6,Apr/18/2012 01:47:19
756945,REP.VP.2012.FORTUNO,Luis Fortuno to be Republican VP nominee in 2012,17,0.6,Apr/18/2012 15:47:40
756945,REP.VP.2012.FORTUNO,Luis Fortuno to be Republican VP nominee in 2012,4,0.6,Apr/18/2012 15:55:23
756945,REP.VP.2012.FORTUNO,Luis Fortuno to be Republican VP nominee in 2012,3,0.6,Apr/18/2012 18:04:46
756945,REP.VP.2012.FORTUNO,Luis Fortuno to be Republican VP nominee in 2012,7,0.5,Apr/18/2012 21:40:07
756945,REP.VP.2012.FORTUNO,Luis Fortuno to be Republican VP nominee in 2012,50,0.5,Apr/19/2012 02:34:17
756945,REP.VP.2012.FORTUNO,Luis Fortuno to be Republican VP nominee in 2012,60,0.5,Apr/19/2012 16:01:10
756945,REP.VP.2012.FORTUNO,Luis Fortuno to be Republican VP nominee in 2012,10,0.5,Apr/19/2012 16:01:10
756945,REP.VP.2012.FORTUNO,Luis Fortuno to be Republican VP nominee in 2012,10,0.4,Apr/19/2012 16:57:38
756945,REP.VP.2012.FORTUNO,Luis Fortuno to be Republican VP nominee in 2012,25,0.5,Apr/19/2012 19:51:36
756945,REP.VP.2012.FORTUNO,Luis Fortuno to be Republican VP nominee in 2012,30,0.5,Apr/19/2012 19:53:00
756945,REP.VP.2012.FORTUNO,Luis Fortuno to be Republican VP nominee in 2012,1,0.5,Apr/19/2012 19:53:00
756945,REP.VP.2012.FORTUNO,Luis Fortuno to be Republican VP nominee in 2012,20,0.6,Apr/19/2012 20:23:31
756945,REP.VP.2012.FORTUNO,Luis Fortuno to be Republican VP nominee in 2012,6,0.6,Apr/20/2012 18:22:51
756945,REP.VP.2012.FORTUNO,Luis Fortuno to be Republican VP nominee in 2012,1,0.6,Apr/20/2012 18:22:51
756945,REP.VP.2012.FORTUNO,Luis Fortuno to be Republican VP nominee in 2012,50,0.6,Apr/20/2012 18:22:51
756945,REP.VP.2012.FORTUNO,Luis Fortuno to be Republican VP nominee in 2012,11,0.7,Apr/20/2012 18:26:51
756945,REP.VP.2012.FORTUNO,Luis Fortuno to be Republican VP nominee in 2012,32,0.7,Apr/20/2012 18:27:22
756945,REP.VP.2012.FORTUNO,Luis Fortuno to be Republican VP nominee in 2012,10,0.7,Apr/20/2012 18:27:22
756945,REP.VP.2012.FORTUNO,Luis Fortuno to be Republican VP nominee in 2012,1,0.7,Apr/20/2012 18:27:22
756945,REP.VP.2012.FORTUNO,Luis Fortuno to be Republican VP nominee in 2012,10,0.7,Apr/20/2012 18:27:22
756945,REP.VP.2012.FORTUNO,Luis Fortuno to be Republican VP nominee in 2012,10,0.7,Apr/20/2012 18:32:21
756945,REP.VP.2012.FORTUNO,Luis Fortuno to be Republican VP nominee in 2012,10,0.8,Apr/20/2012 18:38:58
756945,REP.VP.2012.FORTUNO,Luis Fortuno to be Republican VP nominee in 2012,50,0.8,Apr/20/2012 18:38:58
756945,REP.VP.2012.FORTUNO,Luis Fortuno to be Republican VP nominee in 2012,1,0.8,Apr/20/2012 18:38:58
756945,REP.VP.2012.FORTUNO,Luis Fortuno to be Republican VP nominee in 2012,1,0.9,Apr/20/2012 18:41:14
756945,REP.VP.2012.FORTUNO,Luis Fortuno to be Republican VP nominee in 2012,50,0.9,Apr/20/2012 18:41:14
756945,REP.VP.2012.FORTUNO,Luis Fortuno to be Republican VP nominee in 2012,100,1.0,Apr/20/2012 18:41:48
756945,REP.VP.2012.FORTUNO,Luis Fortuno to be Republican VP nominee in 2012,100,1.0,Apr/20/2012 18:41:48
756945,REP.VP.2012.FORTUNO,Luis Fortuno to be Republican VP nominee in 2012,59,1.0,Apr/20/2012 18:41:48
756945,REP.VP.2012.FORTUNO,Luis Fortuno to be Republican VP nominee in 2012,6,0.8,Apr/20/2012 19:54:16
756945,REP.VP.2012.FORTUNO,Luis Fortuno to be Republican VP nominee in 2012,2,0.9,Apr/20/2012 20:14:14
756945,REP.VP.2012.FORTUNO,Luis Fortuno to be Republican VP nominee in 2012,1,0.8,Apr/20/2012 21:32:56
756945,REP.VP.2012.FORTUNO,Luis Fortuno to be Republican VP nominee in 2012,5,0.9,Apr/21/2012 02:46:36
756945,REP.VP.2012.FORTUNO,Luis Fortuno to be Republican VP nominee in 2012,25,0.7,Apr/21/2012 04:23:07
756945,REP.VP.2012.FORTUNO,Luis Fortuno to be Republican VP nominee in 2012,1,0.6,Apr/21/2012 06:01:39
756945,REP.VP.2012.FORTUNO,Luis Fortuno to be Republican VP nominee in 2012,2,0.6,Apr/21/2012 06:19:25
756945,REP.VP.2012.FORTUNO,Luis Fortuno to be Republican VP nominee in 2012,1,0.6,Apr/21/2012 07:23:13
756945,REP.VP.2012.FORTUNO,Luis Fortuno to be Republican VP nominee in 2012,7,0.6,Apr/21/2012 16:29:48
756945,REP.VP.2012.FORTUNO,Luis Fortuno to be Republican VP nominee in 2012,16,0.6,Apr/21/2012 16:29:48
756945,REP.VP.2012.FORTUNO,Luis Fortuno to be Republican VP nominee in 2012,10,0.6,Apr/22/2012 06:24:29
756945,REP.VP.2012.FORTUNO,Luis Fortuno to be Republican VP nominee in 2012,3,0.5,Apr/22/2012 19:22:57
756945,REP.VP.2012.FORTUNO,Luis Fortuno to be Republican VP nominee in 2012,147,0.5,Apr/23/2012 02:08:01
756945,REP.VP.2012.FORTUNO,Luis Fortuno to be Republican VP nominee in 2012,100,0.4,Apr/23/2012 02:08:45
756945,REP.VP.2012.FORTUNO,Luis Fortuno to be Republican VP nominee in 2012,50,0.5,Apr/23/2012 13:34:17
756945,REP.VP.2012.FORTUNO,Luis Fortuno to be Republican VP nominee in 2012,1,0.5,Apr/23/2012 13:34:17
756945,REP.VP.2012.FORTUNO,Luis Fortuno to be Republican VP nominee in 2012,4,0.5,Apr/23/2012 13:34:17
756945,REP.VP.2012.FORTUNO,Luis Fortuno to be Republican VP nominee in 2012,1,0.6,Apr/23/2012 18:33:40
756945,REP.VP.2012.FORTUNO,Luis Fortuno to be Republican VP nominee in 2012,50,0.6,Apr/23/2012 18:33:40
756945,REP.VP.2012.FORTUNO,Luis Fortuno to be Republican VP nominee in 2012,17,0.6,Apr/23/2012 18:33:40
756945,REP.VP.2012.FORTUNO,Luis Fortuno to be Republican VP nominee in 2012,100,0.5,Apr/24/2012 03:36:01
756945,REP.VP.2012.FORTUNO,Luis Fortuno to be Republican VP nominee in 2012,45,0.5,Apr/24/2012 22:12:35
756945,REP.VP.2012.FORTUNO,Luis Fortuno to be Republican VP nominee in 2012,1,0.5,Apr/25/2012 00:25:48
756945,REP.VP.2012.FORTUNO,Luis Fortuno to be Republican VP nominee in 2012,55,0.5,Apr/25/2012 00:25:48
756945,REP.VP.2012.FORTUNO,Luis Fortuno to be Republican VP nominee in 2012,20,0.5,Apr/25/2012 19:54:21
756945,REP.VP.2012.FORTUNO,Luis Fortuno to be Republican VP nominee in 2012,100,0.5,Apr/25/2012 20:13:47
756945,REP.VP.2012.FORTUNO,Luis Fortuno to be Republican VP nominee in 2012,5,0.5,Apr/25/2012 21:06:41
756945,REP.VP.2012.FORTUNO,Luis Fortuno to be Republican VP nominee in 2012,5,0.5,Apr/25/2012 21:13:05
756945,REP.VP.2012.FORTUNO,Luis Fortuno to be Republican VP nominee in 2012,5,0.5,Apr/25/2012 21:19:03
756945,REP.VP.2012.FORTUNO,Luis Fortuno to be Republican VP nominee in 2012,65,0.5,Apr/27/2012 02:14:24
756945,REP.VP.2012.FORTUNO,Luis Fortuno to be Republican VP nominee in 2012,50,0.4,Apr/28/2012 04:29:05
756945,REP.VP.2012.FORTUNO,Luis Fortuno to be Republican VP nominee in 2012,100,0.5,Apr/28/2012 12:04:15
756945,REP.VP.2012.FORTUNO,Luis Fortuno to be Republican VP nominee in 2012,100,0.5,Apr/28/2012 12:04:15
756945,REP.VP.2012.FORTUNO,Luis Fortuno to be Republican VP nominee in 2012,1,0.5,Apr/28/2012 12:04:15
756945,REP.VP.2012.FORTUNO,Luis Fortuno to be Republican VP nominee in 2012,35,0.5,Apr/28/2012 12:04:15
756945,REP.VP.2012.FORTUNO,Luis Fortuno to be Republican VP nominee in 2012,14,0.5,Apr/28/2012 14:40:25
756945,REP.VP.2012.FORTUNO,Luis Fortuno to be Republican VP nominee in 2012,50,0.5,Apr/28/2012 14:40:25
756945,REP.VP.2012.FORTUNO,Luis Fortuno to be Republican VP nominee in 2012,8,0.4,Apr/28/2012 21:39:05
756945,REP.VP.2012.FORTUNO,Luis Fortuno to be Republican VP nominee in 2012,150,0.4,Apr/29/2012 22:54:22
756945,REP.VP.2012.FORTUNO,Luis Fortuno to be Republican VP nominee in 2012,50,0.5,Apr/30/2012 20:33:31
756945,REP.VP.2012.FORTUNO,Luis Fortuno to be Republican VP nominee in 2012,86,0.5,May/01/2012 11:34:56
756945,REP.VP.2012.FORTUNO,Luis Fortuno to be Republican VP nominee in 2012,1,0.5,May/01/2012 11:34:56
756945,REP.VP.2012.FORTUNO,Luis Fortuno to be Republican VP nominee in 2012,100,0.5,May/01/2012 11:34:56
756945,REP.VP.2012.FORTUNO,Luis Fortuno to be Republican VP nominee in 2012,1,0.4,May/02/2012 17:56:57
756945,REP.VP.2012.FORTUNO,Luis Fortuno to be Republican VP nominee in 2012,1,0.4,May/02/2012 17:57:18
756945,REP.VP.2012.FORTUNO,Luis Fortuno to be Republican VP nominee in 2012,2,0.4,May/02/2012 17:57:59
756945,REP.VP.2012.FORTUNO,Luis Fortuno to be Republican VP nominee in 2012,6,0.4,May/02/2012 17:58:39
756945,REP.VP.2012.FORTUNO,Luis Fortuno to be Republican VP nominee in 2012,4,0.4,May/02/2012 17:59:41
756945,REP.VP.2012.FORTUNO,Luis Fortuno to be Republican VP nominee in 2012,6,0.4,May/02/2012 18:00:03
756945,REP.VP.2012.FORTUNO,Luis Fortuno to be Republican VP nominee in 2012,4,0.4,May/02/2012 18:00:24
756945,REP.VP.2012.FORTUNO,Luis Fortuno to be Republican VP nominee in 2012,1,0.4,May/02/2012 18:01:28
756945,REP.VP.2012.FORTUNO,Luis Fortuno to be Republican VP nominee in 2012,100,0.5,May/03/2012 09:57:53
756945,REP.VP.2012.FORTUNO,Luis Fortuno to be Republican VP nominee in 2012,10,0.5,May/03/2012 09:57:53
756945,REP.VP.2012.FORTUNO,Luis Fortuno to be Republican VP nominee in 2012,1,0.5,May/03/2012 09:57:53
756945,REP.VP.2012.FORTUNO,Luis Fortuno to be Republican VP nominee in 2012,1,0.6,May/03/2012 14:02:25
756945,REP.VP.2012.FORTUNO,Luis Fortuno to be Republican VP nominee in 2012,4,0.6,May/03/2012 14:02:25
756945,REP.VP.2012.FORTUNO,Luis Fortuno to be Republican VP nominee in 2012,50,0.6,May/03/2012 14:02:25
756945,REP.VP.2012.FORTUNO,Luis Fortuno to be Republican VP nominee in 2012,50,0.5,May/03/2012 18:31:24
756945,REP.VP.2012.FORTUNO,Luis Fortuno to be Republican VP nominee in 2012,50,0.5,May/03/2012 18:33:48
756945,REP.VP.2012.FORTUNO,Luis Fortuno to be Republican VP nominee in 2012,50,0.5,May/04/2012 18:19:38
756945,REP.VP.2012.FORTUNO,Luis Fortuno to be Republican VP nominee in 2012,1,0.5,May/04/2012 18:19:57
756945,REP.VP.2012.FORTUNO,Luis Fortuno to be Republican VP nominee in 2012,9,0.5,May/04/2012 18:19:57
756945,REP.VP.2012.FORTUNO,Luis Fortuno to be Republican VP nominee in 2012,1,0.4,May/07/2012 01:43:42
756945,REP.VP.2012.FORTUNO,Luis Fortuno to be Republican VP nominee in 2012,1,0.5,May/07/2012 17:58:03
756945,REP.VP.2012.FORTUNO,Luis Fortuno to be Republican VP nominee in 2012,50,0.5,May/07/2012 17:58:03
756945,REP.VP.2012.FORTUNO,Luis Fortuno to be Republican VP nominee in 2012,1,0.5,May/07/2012 17:58:03
756945,REP.VP.2012.FORTUNO,Luis Fortuno to be Republican VP nominee in 2012,48,0.5,May/07/2012 17:58:03
756945,REP.VP.2012.FORTUNO,Luis Fortuno to be Republican VP nominee in 2012,50,0.3,May/08/2012 04:54:06
756945,REP.VP.2012.FORTUNO,Luis Fortuno to be Republican VP nominee in 2012,100,0.3,May/10/2012 16:44:46
756945,REP.VP.2012.FORTUNO,Luis Fortuno to be Republican VP nominee in 2012,50,0.3,May/11/2012 05:03:31
756945,REP.VP.2012.FORTUNO,Luis Fortuno to be Republican VP nominee in 2012,100,0.3,May/11/2012 12:12:28
756945,REP.VP.2012.FORTUNO,Luis Fortuno to be Republican VP nominee in 2012,100,0.2,May/11/2012 14:07:34
756945,REP.VP.2012.FORTUNO,Luis Fortuno to be Republican VP nominee in 2012,100,0.2,May/11/2012 22:15:58
756945,REP.VP.2012.FORTUNO,Luis Fortuno to be Republican VP nominee in 2012,50,0.2,May/13/2012 19:16:06
756945,REP.VP.2012.FORTUNO,Luis Fortuno to be Republican VP nominee in 2012,100,0.2,May/13/2012 19:27:00
756945,REP.VP.2012.FORTUNO,Luis Fortuno to be Republican VP nominee in 2012,100,0.2,May/14/2012 14:58:21
756945,REP.VP.2012.FORTUNO,Luis Fortuno to be Republican VP nominee in 2012,50,0.2,May/14/2012 20:10:57
756945,REP.VP.2012.FORTUNO,Luis Fortuno to be Republican VP nominee in 2012,50,0.2,May/14/2012 21:14:45
756945,REP.VP.2012.FORTUNO,Luis Fortuno to be Republican VP nominee in 2012,100,0.2,May/14/2012 21:14:45
756945,REP.VP.2012.FORTUNO,Luis Fortuno to be Republican VP nominee in 2012,1,0.2,May/14/2012 21:14:45
756945,REP.VP.2012.FORTUNO,Luis Fortuno to be Republican VP nominee in 2012,349,0.2,May/14/2012 21:17:02
756945,REP.VP.2012.FORTUNO,Luis Fortuno to be Republican VP nominee in 2012,21,0.2,May/15/2012 18:50:05
756945,REP.VP.2012.FORTUNO,Luis Fortuno to be Republican VP nominee in 2012,1,0.2,May/15/2012 21:45:54
756945,REP.VP.2012.FORTUNO,Luis Fortuno to be Republican VP nominee in 2012,447,0.2,May/15/2012 21:45:54
756945,REP.VP.2012.FORTUNO,Luis Fortuno to be Republican VP nominee in 2012,401,0.3,May/16/2012 02:32:34
756945,REP.VP.2012.FORTUNO,Luis Fortuno to be Republican VP nominee in 2012,1,0.3,May/16/2012 02:32:34
756945,REP.VP.2012.FORTUNO,Luis Fortuno to be Republican VP nominee in 2012,50,0.3,May/16/2012 02:32:34
756945,REP.VP.2012.FORTUNO,Luis Fortuno to be Republican VP nominee in 2012,10,0.2,May/17/2012 01:23:22
756945,REP.VP.2012.FORTUNO,Luis Fortuno to be Republican VP nominee in 2012,9,0.2,May/18/2012 04:45:25
756945,REP.VP.2012.FORTUNO,Luis Fortuno to be Republican VP nominee in 2012,85,0.2,May/18/2012 05:00:24
756945,REP.VP.2012.FORTUNO,Luis Fortuno to be Republican VP nominee in 2012,48,0.2,May/18/2012 15:37:16
756945,REP.VP.2012.FORTUNO,Luis Fortuno to be Republican VP nominee in 2012,100,0.2,May/18/2012 15:37:16
756945,REP.VP.2012.FORTUNO,Luis Fortuno to be Republican VP nominee in 2012,14,0.2,May/20/2012 20:27:21
756945,REP.VP.2012.FORTUNO,Luis Fortuno to be Republican VP nominee in 2012,100,0.2,May/22/2012 14:47:49
756945,REP.VP.2012.FORTUNO,Luis Fortuno to be Republican VP nominee in 2012,36,0.2,May/22/2012 14:58:39
756945,REP.VP.2012.FORTUNO,Luis Fortuno to be Republican VP nominee in 2012,3,0.1,May/23/2012 00:19:08
756945,REP.VP.2012.FORTUNO,Luis Fortuno to be Republican VP nominee in 2012,297,0.1,May/23/2012 00:19:08
756945,REP.VP.2012.FORTUNO,Luis Fortuno to be Republican VP nominee in 2012,4,0.1,May/23/2012 15:10:28
756945,REP.VP.2012.FORTUNO,Luis Fortuno to be Republican VP nominee in 2012,3,0.1,May/23/2012 15:20:16
756945,REP.VP.2012.FORTUNO,Luis Fortuno to be Republican VP nominee in 2012,8,0.2,May/24/2012 06:16:31
756945,REP.VP.2012.FORTUNO,Luis Fortuno to be Republican VP nominee in 2012,10,0.1,May/24/2012 23:18:22
756945,REP.VP.2012.FORTUNO,Luis Fortuno to be Republican VP nominee in 2012,100,0.2,May/25/2012 16:16:13
756945,REP.VP.2012.FORTUNO,Luis Fortuno to be Republican VP nominee in 2012,154,0.2,May/25/2012 16:16:13
756945,REP.VP.2012.FORTUNO,Luis Fortuno to be Republican VP nominee in 2012,100,0.2,May/25/2012 16:16:13
756945,REP.VP.2012.FORTUNO,Luis Fortuno to be Republican VP nominee in 2012,250,0.2,May/25/2012 16:16:13
756945,REP.VP.2012.FORTUNO,Luis Fortuno to be Republican VP nominee in 2012,1,0.2,May/25/2012 16:16:13
756945,REP.VP.2012.FORTUNO,Luis Fortuno to be Republican VP nominee in 2012,56,0.2,May/25/2012 16:16:13
756945,REP.VP.2012.FORTUNO,Luis Fortuno to be Republican VP nominee in 2012,1,0.3,May/27/2012 18:27:13
756945,REP.VP.2012.FORTUNO,Luis Fortuno to be Republican VP nominee in 2012,36,0.3,May/27/2012 18:27:13
756945,REP.VP.2012.FORTUNO,Luis Fortuno to be Republican VP nominee in 2012,463,0.3,May/27/2012 18:27:13
756945,REP.VP.2012.FORTUNO,Luis Fortuno to be Republican VP nominee in 2012,37,0.2,May/27/2012 18:53:58
756945,REP.VP.2012.FORTUNO,Luis Fortuno to be Republican VP nominee in 2012,50,0.2,May/27/2012 20:05:59
756945,REP.VP.2012.FORTUNO,Luis Fortuno to be Republican VP nominee in 2012,65,0.2,May/28/2012 02:48:21
756945,REP.VP.2012.FORTUNO,Luis Fortuno to be Republican VP nominee in 2012,20,0.2,May/29/2012 02:16:26
756945,REP.VP.2012.FORTUNO,Luis Fortuno to be Republican VP nominee in 2012,45,0.2,May/29/2012 02:16:26
756945,REP.VP.2012.FORTUNO,Luis Fortuno to be Republican VP nominee in 2012,137,0.2,May/29/2012 02:16:26
756945,REP.VP.2012.FORTUNO,Luis Fortuno to be Republican VP nominee in 2012,1,0.2,May/29/2012 02:52:55
756945,REP.VP.2012.FORTUNO,Luis Fortuno to be Republican VP nominee in 2012,220,0.2,May/29/2012 02:52:55
756945,REP.VP.2012.FORTUNO,Luis Fortuno to be Republican VP nominee in 2012,50,0.2,May/29/2012 21:21:59
756945,REP.VP.2012.FORTUNO,Luis Fortuno to be Republican VP nominee in 2012,380,0.2,May/29/2012 23:55:01
756945,REP.VP.2012.FORTUNO,Luis Fortuno to be Republican VP nominee in 2012,100,0.2,May/30/2012 12:52:21
756945,REP.VP.2012.FORTUNO,Luis Fortuno to be Republican VP nominee in 2012,1,0.2,May/30/2012 12:52:21
756945,REP.VP.2012.FORTUNO,Luis Fortuno to be Republican VP nominee in 2012,100,0.2,May/30/2012 14:57:53
756945,REP.VP.2012.FORTUNO,Luis Fortuno to be Republican VP nominee in 2012,1,0.3,May/30/2012 17:02:44
756945,REP.VP.2012.FORTUNO,Luis Fortuno to be Republican VP nominee in 2012,50,0.3,May/30/2012 17:02:44
756945,REP.VP.2012.FORTUNO,Luis Fortuno to be Republican VP nominee in 2012,49,0.3,May/30/2012 17:02:44
756945,REP.VP.2012.FORTUNO,Luis Fortuno to be Republican VP nominee in 2012,4,0.2,May/30/2012 19:52:04
756945,REP.VP.2012.FORTUNO,Luis Fortuno to be Republican VP nominee in 2012,9,0.2,May/30/2012 21:09:13
756945,REP.VP.2012.FORTUNO,Luis Fortuno to be Republican VP nominee in 2012,61,0.2,May/30/2012 23:11:46
756945,REP.VP.2012.FORTUNO,Luis Fortuno to be Republican VP nominee in 2012,36,0.2,May/30/2012 23:11:46
756945,REP.VP.2012.FORTUNO,Luis Fortuno to be Republican VP nominee in 2012,3,0.2,May/31/2012 16:23:11
756945,REP.VP.2012.FORTUNO,Luis Fortuno to be Republican VP nominee in 2012,1,0.2,May/31/2012 16:23:11
756945,REP.VP.2012.FORTUNO,Luis Fortuno to be Republican VP nominee in 2012,100,0.2,May/31/2012 16:23:11
756945,REP.VP.2012.FORTUNO,Luis Fortuno to be Republican VP nominee in 2012,10,0.2,May/31/2012 16:23:11
756945,REP.VP.2012.FORTUNO,Luis Fortuno to be Republican VP nominee in 2012,86,0.2,May/31/2012 16:23:11
756945,REP.VP.2012.FORTUNO,Luis Fortuno to be Republican VP nominee in 2012,14,0.2,May/31/2012 21:17:05
756945,REP.VP.2012.FORTUNO,Luis Fortuno to be Republican VP nominee in 2012,1,0.2,May/31/2012 21:17:05
756945,REP.VP.2012.FORTUNO,Luis Fortuno to be Republican VP nominee in 2012,18,0.2,May/31/2012 23:11:22
756945,REP.VP.2012.FORTUNO,Luis Fortuno to be Republican VP nominee in 2012,82,0.2,May/31/2012 23:11:22
756945,REP.VP.2012.FORTUNO,Luis Fortuno to be Republican VP nominee in 2012,23,0.2,Jun/01/2012 14:28:38
756945,REP.VP.2012.FORTUNO,Luis Fortuno to be Republican VP nominee in 2012,100,0.2,Jun/01/2012 14:56:01
756945,REP.VP.2012.FORTUNO,Luis Fortuno to be Republican VP nominee in 2012,100,0.2,Jun/01/2012 21:36:37
756945,REP.VP.2012.FORTUNO,Luis Fortuno to be Republican VP nominee in 2012,9,0.2,Jun/02/2012 15:29:12
756945,REP.VP.2012.FORTUNO,Luis Fortuno to be Republican VP nominee in 2012,91,0.2,Jun/02/2012 15:29:12
756945,REP.VP.2012.FORTUNO,Luis Fortuno to be Republican VP nominee in 2012,2,0.3,Jun/03/2012 21:45:26
756945,REP.VP.2012.FORTUNO,Luis Fortuno to be Republican VP nominee in 2012,50,0.3,Jun/03/2012 21:45:26
756945,REP.VP.2012.FORTUNO,Luis Fortuno to be Republican VP nominee in 2012,1,0.3,Jun/03/2012 21:45:26
756945,REP.VP.2012.FORTUNO,Luis Fortuno to be Republican VP nominee in 2012,6,0.3,Jun/03/2012 21:45:26
756945,REP.VP.2012.FORTUNO,Luis Fortuno to be Republican VP nominee in 2012,48,0.3,Jun/03/2012 21:45:46
756945,REP.VP.2012.FORTUNO,Luis Fortuno to be Republican VP nominee in 2012,2,0.3,Jun/04/2012 21:54:15
756945,REP.VP.2012.FORTUNO,Luis Fortuno to be Republican VP nominee in 2012,1,0.2,Jun/04/2012 22:13:31
756945,REP.VP.2012.FORTUNO,Luis Fortuno to be Republican VP nominee in 2012,1,0.3,Jun/04/2012 22:50:51
756945,REP.VP.2012.FORTUNO,Luis Fortuno to be Republican VP nominee in 2012,98,0.3,Jun/04/2012 22:50:51
756945,REP.VP.2012.FORTUNO,Luis Fortuno to be Republican VP nominee in 2012,1,0.3,Jun/05/2012 17:36:59
756945,REP.VP.2012.FORTUNO,Luis Fortuno to be Republican VP nominee in 2012,1,0.2,Jun/05/2012 17:37:19
756945,REP.VP.2012.FORTUNO,Luis Fortuno to be Republican VP nominee in 2012,10,0.2,Jun/05/2012 20:02:19
756945,REP.VP.2012.FORTUNO,Luis Fortuno to be Republican VP nominee in 2012,18,0.2,Jun/06/2012 19:47:15
756945,REP.VP.2012.FORTUNO,Luis Fortuno to be Republican VP nominee in 2012,100,0.2,Jun/06/2012 23:13:35
756945,REP.VP.2012.FORTUNO,Luis Fortuno to be Republican VP nominee in 2012,72,0.2,Jun/07/2012 21:43:43
756945,REP.VP.2012.FORTUNO,Luis Fortuno to be Republican VP nominee in 2012,28,0.2,Jun/07/2012 21:43:43
756945,REP.VP.2012.FORTUNO,Luis Fortuno to be Republican VP nominee in 2012,100,0.2,Jun/08/2012 14:36:35
756945,REP.VP.2012.FORTUNO,Luis Fortuno to be Republican VP nominee in 2012,100,0.2,Jun/08/2012 23:35:54
756945,REP.VP.2012.FORTUNO,Luis Fortuno to be Republican VP nominee in 2012,20,0.2,Jun/09/2012 02:25:34
756945,REP.VP.2012.FORTUNO,Luis Fortuno to be Republican VP nominee in 2012,80,0.2,Jun/09/2012 02:25:34
756945,REP.VP.2012.FORTUNO,Luis Fortuno to be Republican VP nominee in 2012,100,0.2,Jun/10/2012 14:39:02
756945,REP.VP.2012.FORTUNO,Luis Fortuno to be Republican VP nominee in 2012,20,0.2,Jun/11/2012 22:35:34
756945,REP.VP.2012.FORTUNO,Luis Fortuno to be Republican VP nominee in 2012,1,0.2,Jun/11/2012 22:35:34
756945,REP.VP.2012.FORTUNO,Luis Fortuno to be Republican VP nominee in 2012,30,0.2,Jun/11/2012 22:41:31
756945,REP.VP.2012.FORTUNO,Luis Fortuno to be Republican VP nominee in 2012,70,0.2,Jun/11/2012 22:41:31
756945,REP.VP.2012.FORTUNO,Luis Fortuno to be Republican VP nominee in 2012,100,0.2,Jun/11/2012 23:16:59
756945,REP.VP.2012.FORTUNO,Luis Fortuno to be Republican VP nominee in 2012,100,0.2,Jun/12/2012 02:26:31
756945,REP.VP.2012.FORTUNO,Luis Fortuno to be Republican VP nominee in 2012,1,0.2,Jun/13/2012 12:47:27
756945,REP.VP.2012.FORTUNO,Luis Fortuno to be Republican VP nominee in 2012,1,0.2,Jun/13/2012 14:37:34
756945,REP.VP.2012.FORTUNO,Luis Fortuno to be Republican VP nominee in 2012,69,0.2,Jun/13/2012 14:37:34
756945,REP.VP.2012.FORTUNO,Luis Fortuno to be Republican VP nominee in 2012,94,0.2,Jun/15/2012 17:09:59
756945,REP.VP.2012.FORTUNO,Luis Fortuno to be Republican VP nominee in 2012,30,0.2,Jun/15/2012 17:09:59
756945,REP.VP.2012.FORTUNO,Luis Fortuno to be Republican VP nominee in 2012,1,0.2,Jun/15/2012 17:09:59
756945,REP.VP.2012.FORTUNO,Luis Fortuno to be Republican VP nominee in 2012,6,0.2,Jun/19/2012 16:38:23
756945,REP.VP.2012.FORTUNO,Luis Fortuno to be Republican VP nominee in 2012,100,0.2,Jun/19/2012 16:38:23
756945,REP.VP.2012.FORTUNO,Luis Fortuno to be Republican VP nominee in 2012,100,0.2,Jun/19/2012 16:38:23
756945,REP.VP.2012.FORTUNO,Luis Fortuno to be Republican VP nominee in 2012,100,0.2,Jun/19/2012 16:38:23
756945,REP.VP.2012.FORTUNO,Luis Fortuno to be Republican VP nominee in 2012,100,0.2,Jun/19/2012 16:38:23
756945,REP.VP.2012.FORTUNO,Luis Fortuno to be Republican VP nominee in 2012,44,0.2,Jun/19/2012 16:38:23
756945,REP.VP.2012.FORTUNO,Luis Fortuno to be Republican VP nominee in 2012,56,0.2,Jun/19/2012 16:52:36
756945,REP.VP.2012.FORTUNO,Luis Fortuno to be Republican VP nominee in 2012,1,0.2,Jun/19/2012 16:52:36
756945,REP.VP.2012.FORTUNO,Luis Fortuno to be Republican VP nominee in 2012,100,0.2,Jun/19/2012 16:52:36
756945,REP.VP.2012.FORTUNO,Luis Fortuno to be Republican VP nominee in 2012,100,0.2,Jun/19/2012 16:52:36
756945,REP.VP.2012.FORTUNO,Luis Fortuno to be Republican VP nominee in 2012,2,0.2,Jun/21/2012 00:18:00
756945,REP.VP.2012.FORTUNO,Luis Fortuno to be Republican VP nominee in 2012,23,0.2,Jun/21/2012 16:41:00
756945,REP.VP.2012.FORTUNO,Luis Fortuno to be Republican VP nominee in 2012,3,0.3,Jun/21/2012 23:12:07
756945,REP.VP.2012.FORTUNO,Luis Fortuno to be Republican VP nominee in 2012,92,0.2,Jun/22/2012 07:58:16
756945,REP.VP.2012.FORTUNO,Luis Fortuno to be Republican VP nominee in 2012,100,0.2,Jun/22/2012 21:37:18
756945,REP.VP.2012.FORTUNO,Luis Fortuno to be Republican VP nominee in 2012,100,0.2,Jun/23/2012 03:27:47
756945,REP.VP.2012.FORTUNO,Luis Fortuno to be Republican VP nominee in 2012,7,0.2,Jun/23/2012 03:37:28
756945,REP.VP.2012.FORTUNO,Luis Fortuno to be Republican VP nominee in 2012,97,0.3,Jun/26/2012 20:11:31
756945,REP.VP.2012.FORTUNO,Luis Fortuno to be Republican VP nominee in 2012,82,0.3,Jun/26/2012 20:11:31
756945,REP.VP.2012.FORTUNO,Luis Fortuno to be Republican VP nominee in 2012,1,0.3,Jun/26/2012 20:11:31
756945,REP.VP.2012.FORTUNO,Luis Fortuno to be Republican VP nominee in 2012,50,0.4,Jun/26/2012 20:11:46
756945,REP.VP.2012.FORTUNO,Luis Fortuno to be Republican VP nominee in 2012,200,0.4,Jun/26/2012 20:11:46
756945,REP.VP.2012.FORTUNO,Luis Fortuno to be Republican VP nominee in 2012,1,0.4,Jun/26/2012 20:11:46
756945,REP.VP.2012.FORTUNO,Luis Fortuno to be Republican VP nominee in 2012,100,0.5,Jun/26/2012 20:12:15
756945,REP.VP.2012.FORTUNO,Luis Fortuno to be Republican VP nominee in 2012,29,0.5,Jun/26/2012 20:12:15
756945,REP.VP.2012.FORTUNO,Luis Fortuno to be Republican VP nominee in 2012,100,0.5,Jun/27/2012 16:38:41
756945,REP.VP.2012.FORTUNO,Luis Fortuno to be Republican VP nominee in 2012,100,0.5,Jun/27/2012 16:38:41
756945,REP.VP.2012.FORTUNO,Luis Fortuno to be Republican VP nominee in 2012,71,0.5,Jun/27/2012 16:38:41
756945,REP.VP.2012.FORTUNO,Luis Fortuno to be Republican VP nominee in 2012,29,0.5,Jun/27/2012 16:38:41
756945,REP.VP.2012.FORTUNO,Luis Fortuno to be Republican VP nominee in 2012,29,0.5,Jun/27/2012 18:15:21
756945,REP.VP.2012.FORTUNO,Luis Fortuno to be Republican VP nominee in 2012,71,0.5,Jun/27/2012 18:15:21
756945,REP.VP.2012.FORTUNO,Luis Fortuno to be Republican VP nominee in 2012,3,0.3,Jun/28/2012 21:34:16
756945,REP.VP.2012.FORTUNO,Luis Fortuno to be Republican VP nominee in 2012,2,0.3,Jun/29/2012 02:04:39
756945,REP.VP.2012.FORTUNO,Luis Fortuno to be Republican VP nominee in 2012,71,0.5,Jun/29/2012 19:06:58
756945,REP.VP.2012.FORTUNO,Luis Fortuno to be Republican VP nominee in 2012,48,0.3,Jun/29/2012 19:06:58
756945,REP.VP.2012.FORTUNO,Luis Fortuno to be Republican VP nominee in 2012,1,0.3,Jun/29/2012 19:06:58
756945,REP.VP.2012.FORTUNO,Luis Fortuno to be Republican VP nominee in 2012,1,0.4,Jun/29/2012 19:06:58
756945,REP.VP.2012.FORTUNO,Luis Fortuno to be Republican VP nominee in 2012,50,0.4,Jun/29/2012 19:06:58
756945,REP.VP.2012.FORTUNO,Luis Fortuno to be Republican VP nominee in 2012,78,0.5,Jun/29/2012 19:06:58
756945,REP.VP.2012.FORTUNO,Luis Fortuno to be Republican VP nominee in 2012,100,0.5,Jun/29/2012 19:06:58
756945,REP.VP.2012.FORTUNO,Luis Fortuno to be Republican VP nominee in 2012,1,0.5,Jun/29/2012 19:06:58
756945,REP.VP.2012.FORTUNO,Luis Fortuno to be Republican VP nominee in 2012,50,0.5,Jun/29/2012 19:06:58
756945,REP.VP.2012.FORTUNO,Luis Fortuno to be Republican VP nominee in 2012,100,0.5,Jun/29/2012 19:06:58
756945,REP.VP.2012.FORTUNO,Luis Fortuno to be Republican VP nominee in 2012,100,0.5,Jun/29/2012 19:06:58
756945,REP.VP.2012.FORTUNO,Luis Fortuno to be Republican VP nominee in 2012,100,0.5,Jun/29/2012 19:06:58
756945,REP.VP.2012.FORTUNO,Luis Fortuno to be Republican VP nominee in 2012,1,0.4,Jul/02/2012 22:46:04
756945,REP.VP.2012.FORTUNO,Luis Fortuno to be Republican VP nominee in 2012,100,0.3,Jul/05/2012 02:57:48
756945,REP.VP.2012.FORTUNO,Luis Fortuno to be Republican VP nominee in 2012,100,0.3,Jul/05/2012 21:43:12
756945,REP.VP.2012.FORTUNO,Luis Fortuno to be Republican VP nominee in 2012,100,0.3,Jul/06/2012 14:21:06
756945,REP.VP.2012.FORTUNO,Luis Fortuno to be Republican VP nominee in 2012,100,0.3,Jul/06/2012 21:39:29
756945,REP.VP.2012.FORTUNO,Luis Fortuno to be Republican VP nominee in 2012,100,0.3,Jul/06/2012 21:48:22
756945,REP.VP.2012.FORTUNO,Luis Fortuno to be Republican VP nominee in 2012,75,0.3,Jul/08/2012 00:52:47
756945,REP.VP.2012.FORTUNO,Luis Fortuno to be Republican VP nominee in 2012,30,0.2,Jul/08/2012 23:01:19
756945,REP.VP.2012.FORTUNO,Luis Fortuno to be Republican VP nominee in 2012,1,0.3,Jul/09/2012 21:11:34
756945,REP.VP.2012.FORTUNO,Luis Fortuno to be Republican VP nominee in 2012,1,0.2,Jul/11/2012 03:20:40
756945,REP.VP.2012.FORTUNO,Luis Fortuno to be Republican VP nominee in 2012,100,0.2,Jul/11/2012 03:20:40
756945,REP.VP.2012.FORTUNO,Luis Fortuno to be Republican VP nominee in 2012,969,0.2,Jul/12/2012 20:37:50
756945,REP.VP.2012.FORTUNO,Luis Fortuno to be Republican VP nominee in 2012,76,0.2,Jul/12/2012 20:37:50
756945,REP.VP.2012.FORTUNO,Luis Fortuno to be Republican VP nominee in 2012,1,0.2,Jul/12/2012 20:37:50
756945,REP.VP.2012.FORTUNO,Luis Fortuno to be Republican VP nominee in 2012,18,0.1,Jul/12/2012 23:38:30
756945,REP.VP.2012.FORTUNO,Luis Fortuno to be Republican VP nominee in 2012,2,0.1,Jul/12/2012 23:38:30
756945,REP.VP.2012.FORTUNO,Luis Fortuno to be Republican VP nominee in 2012,2,0.1,Jul/12/2012 23:38:56
756945,REP.VP.2012.FORTUNO,Luis Fortuno to be Republican VP nominee in 2012,10,0.1,Jul/12/2012 23:40:09
756945,REP.VP.2012.FORTUNO,Luis Fortuno to be Republican VP nominee in 2012,20,0.2,Jul/13/2012 00:01:57
756945,REP.VP.2012.FORTUNO,Luis Fortuno to be Republican VP nominee in 2012,2,0.2,Jul/13/2012 00:09:03
756945,REP.VP.2012.FORTUNO,Luis Fortuno to be Republican VP nominee in 2012,4,0.2,Jul/13/2012 00:09:03
756945,REP.VP.2012.FORTUNO,Luis Fortuno to be Republican VP nominee in 2012,100,0.2,Jul/13/2012 03:33:55
756945,REP.VP.2012.FORTUNO,Luis Fortuno to be Republican VP nominee in 2012,100,0.2,Jul/13/2012 03:33:55
756945,REP.VP.2012.FORTUNO,Luis Fortuno to be Republican VP nominee in 2012,1,0.2,Jul/13/2012 03:33:55
756945,REP.VP.2012.FORTUNO,Luis Fortuno to be Republican VP nominee in 2012,3,0.2,Jul/13/2012 03:33:55
756945,REP.VP.2012.FORTUNO,Luis Fortuno to be Republican VP nominee in 2012,1,0.3,Jul/13/2012 03:35:03
756945,REP.VP.2012.FORTUNO,Luis Fortuno to be Republican VP nominee in 2012,5,0.3,Jul/13/2012 03:35:03
756945,REP.VP.2012.FORTUNO,Luis Fortuno to be Republican VP nominee in 2012,94,0.3,Jul/13/2012 03:35:03
756945,REP.VP.2012.FORTUNO,Luis Fortuno to be Republican VP nominee in 2012,1,0.2,Jul/15/2012 04:12:01
756945,REP.VP.2012.FORTUNO,Luis Fortuno to be Republican VP nominee in 2012,99,0.2,Jul/15/2012 04:12:01
756945,REP.VP.2012.FORTUNO,Luis Fortuno to be Republican VP nominee in 2012,1,0.1,Jul/16/2012 14:40:27
756945,REP.VP.2012.FORTUNO,Luis Fortuno to be Republican VP nominee in 2012,10,0.1,Jul/16/2012 14:46:25
756945,REP.VP.2012.FORTUNO,Luis Fortuno to be Republican VP nominee in 2012,20,0.1,Jul/16/2012 14:46:25
756945,REP.VP.2012.FORTUNO,Luis Fortuno to be Republican VP nominee in 2012,1,0.2,Jul/16/2012 15:35:01
756945,REP.VP.2012.FORTUNO,Luis Fortuno to be Republican VP nominee in 2012,100,0.2,Jul/16/2012 15:35:01
756945,REP.VP.2012.FORTUNO,Luis Fortuno to be Republican VP nominee in 2012,35,0.2,Jul/16/2012 15:35:01
756945,REP.VP.2012.FORTUNO,Luis Fortuno to be Republican VP nominee in 2012,1,0.2,Jul/16/2012 15:35:01
756945,REP.VP.2012.FORTUNO,Luis Fortuno to be Republican VP nominee in 2012,20,0.2,Jul/16/2012 15:35:01
756945,REP.VP.2012.FORTUNO,Luis Fortuno to be Republican VP nominee in 2012,100,0.2,Jul/16/2012 15:35:01
756945,REP.VP.2012.FORTUNO,Luis Fortuno to be Republican VP nominee in 2012,100,0.2,Jul/16/2012 15:35:01
756945,REP.VP.2012.FORTUNO,Luis Fortuno to be Republican VP nominee in 2012,55,0.1,Jul/16/2012 15:45:35
756945,REP.VP.2012.FORTUNO,Luis Fortuno to be Republican VP nominee in 2012,20,0.1,Jul/16/2012 15:46:01
756945,REP.VP.2012.FORTUNO,Luis Fortuno to be Republican VP nominee in 2012,1,0.2,Jul/16/2012 18:21:20
756945,REP.VP.2012.FORTUNO,Luis Fortuno to be Republican VP nominee in 2012,75,0.2,Jul/16/2012 18:21:20
756945,REP.VP.2012.FORTUNO,Luis Fortuno to be Republican VP nominee in 2012,35,0.2,Jul/16/2012 18:21:20
756945,REP.VP.2012.FORTUNO,Luis Fortuno to be Republican VP nominee in 2012,75,0.2,Jul/16/2012 18:33:52
756945,REP.VP.2012.FORTUNO,Luis Fortuno to be Republican VP nominee in 2012,35,0.3,Jul/16/2012 19:13:43
756945,REP.VP.2012.FORTUNO,Luis Fortuno to be Republican VP nominee in 2012,1,0.3,Jul/16/2012 19:13:43
756945,REP.VP.2012.FORTUNO,Luis Fortuno to be Republican VP nominee in 2012,50,0.3,Jul/16/2012 19:13:43
756945,REP.VP.2012.FORTUNO,Luis Fortuno to be Republican VP nominee in 2012,6,0.3,Jul/16/2012 19:13:43
756945,REP.VP.2012.FORTUNO,Luis Fortuno to be Republican VP nominee in 2012,441,0.2,Jul/16/2012 20:40:04
756945,REP.VP.2012.FORTUNO,Luis Fortuno to be Republican VP nominee in 2012,122,0.3,Jul/16/2012 20:40:04
756945,REP.VP.2012.FORTUNO,Luis Fortuno to be Republican VP nominee in 2012,100,0.3,Jul/17/2012 11:52:28
756945,REP.VP.2012.FORTUNO,Luis Fortuno to be Republican VP nominee in 2012,1,0.3,Jul/17/2012 11:52:28
756945,REP.VP.2012.FORTUNO,Luis Fortuno to be Republican VP nominee in 2012,30,0.3,Jul/17/2012 11:52:28
756945,REP.VP.2012.FORTUNO,Luis Fortuno to be Republican VP nominee in 2012,19,0.3,Jul/17/2012 13:28:06
756945,REP.VP.2012.FORTUNO,Luis Fortuno to be Republican VP nominee in 2012,309,0.2,Jul/17/2012 13:28:27
756945,REP.VP.2012.FORTUNO,Luis Fortuno to be Republican VP nominee in 2012,500,0.2,Jul/17/2012 13:28:27
756945,REP.VP.2012.FORTUNO,Luis Fortuno to be Republican VP nominee in 2012,133,0.2,Jul/17/2012 14:19:49
756945,REP.VP.2012.FORTUNO,Luis Fortuno to be Republican VP nominee in 2012,75,0.2,Jul/17/2012 14:19:55
756945,REP.VP.2012.FORTUNO,Luis Fortuno to be Republican VP nominee in 2012,1,0.3,Jul/17/2012 15:09:33
756945,REP.VP.2012.FORTUNO,Luis Fortuno to be Republican VP nominee in 2012,29,0.2,Jul/17/2012 15:57:31
756945,REP.VP.2012.FORTUNO,Luis Fortuno to be Republican VP nominee in 2012,100,0.2,Jul/18/2012 02:05:37
756945,REP.VP.2012.FORTUNO,Luis Fortuno to be Republican VP nominee in 2012,49,0.3,Jul/18/2012 10:48:56
756945,REP.VP.2012.FORTUNO,Luis Fortuno to be Republican VP nominee in 2012,1,0.3,Jul/18/2012 10:48:56
756945,REP.VP.2012.FORTUNO,Luis Fortuno to be Republican VP nominee in 2012,100,0.3,Jul/18/2012 10:48:56
756945,REP.VP.2012.FORTUNO,Luis Fortuno to be Republican VP nominee in 2012,18,0.2,Jul/18/2012 16:26:00
756945,REP.VP.2012.FORTUNO,Luis Fortuno to be Republican VP nominee in 2012,20,0.2,Jul/19/2012 02:21:50
756945,REP.VP.2012.FORTUNO,Luis Fortuno to be Republican VP nominee in 2012,7,0.2,Jul/19/2012 05:29:49
756945,REP.VP.2012.FORTUNO,Luis Fortuno to be Republican VP nominee in 2012,50,0.3,Jul/19/2012 09:50:06
756945,REP.VP.2012.FORTUNO,Luis Fortuno to be Republican VP nominee in 2012,100,0.3,Jul/19/2012 09:50:06
756945,REP.VP.2012.FORTUNO,Luis Fortuno to be Republican VP nominee in 2012,99,0.3,Jul/19/2012 09:50:06
756945,REP.VP.2012.FORTUNO,Luis Fortuno to be Republican VP nominee in 2012,1,0.3,Jul/19/2012 09:50:06
756945,REP.VP.2012.FORTUNO,Luis Fortuno to be Republican VP nominee in 2012,119,0.3,Jul/19/2012 15:45:01
756945,REP.VP.2012.FORTUNO,Luis Fortuno to be Republican VP nominee in 2012,1,0.3,Jul/19/2012 15:45:01
756945,REP.VP.2012.FORTUNO,Luis Fortuno to be Republican VP nominee in 2012,79,0.3,Jul/19/2012 15:45:01
756945,REP.VP.2012.FORTUNO,Luis Fortuno to be Republican VP nominee in 2012,1,0.3,Jul/19/2012 15:45:01
756945,REP.VP.2012.FORTUNO,Luis Fortuno to be Republican VP nominee in 2012,21,0.3,Jul/19/2012 18:29:05
756945,REP.VP.2012.FORTUNO,Luis Fortuno to be Republican VP nominee in 2012,1,0.3,Jul/19/2012 18:29:05
756945,REP.VP.2012.FORTUNO,Luis Fortuno to be Republican VP nominee in 2012,78,0.3,Jul/19/2012 18:29:05
756945,REP.VP.2012.FORTUNO,Luis Fortuno to be Republican VP nominee in 2012,22,0.3,Jul/19/2012 18:30:36
756945,REP.VP.2012.FORTUNO,Luis Fortuno to be Republican VP nominee in 2012,3,0.3,Jul/19/2012 19:01:41
756945,REP.VP.2012.FORTUNO,Luis Fortuno to be Republican VP nominee in 2012,100,0.3,Jul/19/2012 22:39:41
756945,REP.VP.2012.FORTUNO,Luis Fortuno to be Republican VP nominee in 2012,50,0.5,Jul/20/2012 13:54:51
756945,REP.VP.2012.FORTUNO,Luis Fortuno to be Republican VP nominee in 2012,100,0.4,Jul/20/2012 13:54:51
756945,REP.VP.2012.FORTUNO,Luis Fortuno to be Republican VP nominee in 2012,1,0.4,Jul/20/2012 13:54:51
756945,REP.VP.2012.FORTUNO,Luis Fortuno to be Republican VP nominee in 2012,100,0.5,Jul/20/2012 13:54:51
756945,REP.VP.2012.FORTUNO,Luis Fortuno to be Republican VP nominee in 2012,1,0.5,Jul/20/2012 13:54:51
756945,REP.VP.2012.FORTUNO,Luis Fortuno to be Republican VP nominee in 2012,50,0.4,Jul/20/2012 13:54:51
756945,REP.VP.2012.FORTUNO,Luis Fortuno to be Republican VP nominee in 2012,448,0.5,Jul/20/2012 13:54:51
756945,REP.VP.2012.FORTUNO,Luis Fortuno to be Republican VP nominee in 2012,50,0.5,Jul/20/2012 14:42:56
756945,REP.VP.2012.FORTUNO,Luis Fortuno to be Republican VP nominee in 2012,25,0.3,Jul/20/2012 18:51:05
756945,REP.VP.2012.FORTUNO,Luis Fortuno to be Republican VP nominee in 2012,1,0.5,Jul/22/2012 21:09:11
756945,REP.VP.2012.FORTUNO,Luis Fortuno to be Republican VP nominee in 2012,2,0.2,Jul/23/2012 13:21:10
756945,REP.VP.2012.FORTUNO,Luis Fortuno to be Republican VP nominee in 2012,1,0.2,Jul/23/2012 13:22:46
756945,REP.VP.2012.FORTUNO,Luis Fortuno to be Republican VP nominee in 2012,200,0.2,Jul/23/2012 14:11:39
756945,REP.VP.2012.FORTUNO,Luis Fortuno to be Republican VP nominee in 2012,115,0.2,Jul/23/2012 14:11:39
756945,REP.VP.2012.FORTUNO,Luis Fortuno to be Republican VP nominee in 2012,150,0.2,Jul/23/2012 14:11:39
756945,REP.VP.2012.FORTUNO,Luis Fortuno to be Republican VP nominee in 2012,250,0.2,Jul/23/2012 14:11:39
756945,REP.VP.2012.FORTUNO,Luis Fortuno to be Republican VP nominee in 2012,250,0.2,Jul/23/2012 14:11:39
756945,REP.VP.2012.FORTUNO,Luis Fortuno to be Republican VP nominee in 2012,1,0.2,Jul/23/2012 20:10:23
756945,REP.VP.2012.FORTUNO,Luis Fortuno to be Republican VP nominee in 2012,35,0.2,Jul/23/2012 20:10:23
756945,REP.VP.2012.FORTUNO,Luis Fortuno to be Republican VP nominee in 2012,3,0.2,Jul/24/2012 00:32:42
756945,REP.VP.2012.FORTUNO,Luis Fortuno to be Republican VP nominee in 2012,1,0.5,Jul/25/2012 02:12:13
756945,REP.VP.2012.FORTUNO,Luis Fortuno to be Republican VP nominee in 2012,1,0.5,Jul/25/2012 02:12:13
756945,REP.VP.2012.FORTUNO,Luis Fortuno to be Republican VP nominee in 2012,1,0.3,Jul/25/2012 11:58:15
756945,REP.VP.2012.FORTUNO,Luis Fortuno to be Republican VP nominee in 2012,4,0.2,Jul/25/2012 11:58:28
756945,REP.VP.2012.FORTUNO,Luis Fortuno to be Republican VP nominee in 2012,25,0.2,Jul/29/2012 02:36:43
756945,REP.VP.2012.FORTUNO,Luis Fortuno to be Republican VP nominee in 2012,1,0.3,Jul/29/2012 23:36:29
756945,REP.VP.2012.FORTUNO,Luis Fortuno to be Republican VP nominee in 2012,1,0.3,Jul/30/2012 13:06:03
756945,REP.VP.2012.FORTUNO,Luis Fortuno to be Republican VP nominee in 2012,10,0.3,Jul/30/2012 13:06:03
756945,REP.VP.2012.FORTUNO,Luis Fortuno to be Republican VP nominee in 2012,100,0.3,Jul/30/2012 13:06:03
756945,REP.VP.2012.FORTUNO,Luis Fortuno to be Republican VP nominee in 2012,99,0.3,Jul/30/2012 13:06:03
756945,REP.VP.2012.FORTUNO,Luis Fortuno to be Republican VP nominee in 2012,40,0.3,Jul/30/2012 14:30:01
756945,REP.VP.2012.FORTUNO,Luis Fortuno to be Republican VP nominee in 2012,100,0.3,Jul/31/2012 16:10:09
756945,REP.VP.2012.FORTUNO,Luis Fortuno to be Republican VP nominee in 2012,60,0.3,Jul/31/2012 16:10:09
756945,REP.VP.2012.FORTUNO,Luis Fortuno to be Republican VP nominee in 2012,1,0.3,Jul/31/2012 16:10:09
756945,REP.VP.2012.FORTUNO,Luis Fortuno to be Republican VP nominee in 2012,89,0.3,Jul/31/2012 20:54:10
756945,REP.VP.2012.FORTUNO,Luis Fortuno to be Republican VP nominee in 2012,1,0.3,Jul/31/2012 20:54:10
756945,REP.VP.2012.FORTUNO,Luis Fortuno to be Republican VP nominee in 2012,2,0.3,Aug/01/2012 03:00:17
756945,REP.VP.2012.FORTUNO,Luis Fortuno to be Republican VP nominee in 2012,3,0.2,Aug/01/2012 18:26:41
756945,REP.VP.2012.FORTUNO,Luis Fortuno to be Republican VP nominee in 2012,100,0.2,Aug/02/2012 14:39:21
756945,REP.VP.2012.FORTUNO,Luis Fortuno to be Republican VP nominee in 2012,1,0.2,Aug/02/2012 20:49:17
756945,REP.VP.2012.FORTUNO,Luis Fortuno to be Republican VP nominee in 2012,2328,0.2,Aug/03/2012 09:05:11
756945,REP.VP.2012.FORTUNO,Luis Fortuno to be Republican VP nominee in 2012,100,0.2,Aug/03/2012 09:05:11
756945,REP.VP.2012.FORTUNO,Luis Fortuno to be Republican VP nominee in 2012,29,0.3,Aug/06/2012 00:54:32
756945,REP.VP.2012.FORTUNO,Luis Fortuno to be Republican VP nominee in 2012,1,0.3,Aug/06/2012 00:54:32
756945,REP.VP.2012.FORTUNO,Luis Fortuno to be Republican VP nominee in 2012,2,0.3,Aug/06/2012 10:59:53
756945,REP.VP.2012.FORTUNO,Luis Fortuno to be Republican VP nominee in 2012,100,0.2,Aug/06/2012 20:29:01
756945,REP.VP.2012.FORTUNO,Luis Fortuno to be Republican VP nominee in 2012,150,0.2,Aug/07/2012 03:29:23
756945,REP.VP.2012.FORTUNO,Luis Fortuno to be Republican VP nominee in 2012,350,0.2,Aug/07/2012 03:56:36
756945,REP.VP.2012.FORTUNO,Luis Fortuno to be Republican VP nominee in 2012,150,0.2,Aug/07/2012 15:37:25
756945,REP.VP.2012.FORTUNO,Luis Fortuno to be Republican VP nominee in 2012,1,0.2,Aug/07/2012 16:56:25
756945,REP.VP.2012.FORTUNO,Luis Fortuno to be Republican VP nominee in 2012,49,0.2,Aug/07/2012 17:32:55
756945,REP.VP.2012.FORTUNO,Luis Fortuno to be Republican VP nominee in 2012,2,0.1,Aug/07/2012 18:12:25
756945,REP.VP.2012.FORTUNO,Luis Fortuno to be Republican VP nominee in 2012,3,0.1,Aug/07/2012 18:14:15
756945,REP.VP.2012.FORTUNO,Luis Fortuno to be Republican VP nominee in 2012,5,0.1,Aug/07/2012 18:17:48
756945,REP.VP.2012.FORTUNO,Luis Fortuno to be Republican VP nominee in 2012,100,0.2,Aug/07/2012 19:40:51
756945,REP.VP.2012.FORTUNO,Luis Fortuno to be Republican VP nominee in 2012,1,0.2,Aug/07/2012 19:40:51
756945,REP.VP.2012.FORTUNO,Luis Fortuno to be Republican VP nominee in 2012,2,0.2,Aug/07/2012 21:06:40
756945,REP.VP.2012.FORTUNO,Luis Fortuno to be Republican VP nominee in 2012,1,0.2,Aug/07/2012 21:16:03
756945,REP.VP.2012.FORTUNO,Luis Fortuno to be Republican VP nominee in 2012,96,0.2,Aug/07/2012 21:35:39
756945,REP.VP.2012.FORTUNO,Luis Fortuno to be Republican VP nominee in 2012,4,0.2,Aug/08/2012 03:19:41
756945,REP.VP.2012.FORTUNO,Luis Fortuno to be Republican VP nominee in 2012,1,0.2,Aug/08/2012 03:19:41
756945,REP.VP.2012.FORTUNO,Luis Fortuno to be Republican VP nominee in 2012,115,0.2,Aug/08/2012 03:19:41
756945,REP.VP.2012.FORTUNO,Luis Fortuno to be Republican VP nominee in 2012,904,0.1,Aug/08/2012 04:29:01
756945,REP.VP.2012.FORTUNO,Luis Fortuno to be Republican VP nominee in 2012,268,0.1,Aug/08/2012 04:29:01
756945,REP.VP.2012.FORTUNO,Luis Fortuno to be Republican VP nominee in 2012,1,0.1,Aug/08/2012 14:36:57
756945,REP.VP.2012.FORTUNO,Luis Fortuno to be Republican VP nominee in 2012,20,0.2,Aug/08/2012 15:15:28
756945,REP.VP.2012.FORTUNO,Luis Fortuno to be Republican VP nominee in 2012,10,0.1,Aug/08/2012 17:17:55
756945,REP.VP.2012.FORTUNO,Luis Fortuno to be Republican VP nominee in 2012,26,0.1,Aug/08/2012 19:02:14
756945,REP.VP.2012.FORTUNO,Luis Fortuno to be Republican VP nominee in 2012,200,0.2,Aug/08/2012 23:23:39
756945,REP.VP.2012.FORTUNO,Luis Fortuno to be Republican VP nominee in 2012,1,0.2,Aug/08/2012 23:23:39
756945,REP.VP.2012.FORTUNO,Luis Fortuno to be Republican VP nominee in 2012,15,0.2,Aug/08/2012 23:23:39
756945,REP.VP.2012.FORTUNO,Luis Fortuno to be Republican VP nominee in 2012,34,0.2,Aug/08/2012 23:27:59
756945,REP.VP.2012.FORTUNO,Luis Fortuno to be Republican VP nominee in 2012,266,0.2,Aug/08/2012 23:35:51
756945,REP.VP.2012.FORTUNO,Luis Fortuno to be Republican VP nominee in 2012,84,0.2,Aug/08/2012 23:36:51
756945,REP.VP.2012.FORTUNO,Luis Fortuno to be Republican VP nominee in 2012,100,0.2,Aug/09/2012 13:12:56
756945,REP.VP.2012.FORTUNO,Luis Fortuno to be Republican VP nominee in 2012,1,0.2,Aug/09/2012 13:12:56
756945,REP.VP.2012.FORTUNO,Luis Fortuno to be Republican VP nominee in 2012,289,0.2,Aug/09/2012 13:12:56
756945,REP.VP.2012.FORTUNO,Luis Fortuno to be Republican VP nominee in 2012,100,0.2,Aug/09/2012 13:34:18
756945,REP.VP.2012.FORTUNO,Luis Fortuno to be Republican VP nominee in 2012,10,0.2,Aug/09/2012 15:08:01
756945,REP.VP.2012.FORTUNO,Luis Fortuno to be Republican VP nominee in 2012,1,0.2,Aug/09/2012 15:56:34
756945,REP.VP.2012.FORTUNO,Luis Fortuno to be Republican VP nominee in 2012,100,0.2,Aug/09/2012 15:56:34
756945,REP.VP.2012.FORTUNO,Luis Fortuno to be Republican VP nominee in 2012,290,0.2,Aug/09/2012 15:56:34
756945,REP.VP.2012.FORTUNO,Luis Fortuno to be Republican VP nominee in 2012,109,0.2,Aug/09/2012 15:57:03
756945,REP.VP.2012.FORTUNO,Luis Fortuno to be Republican VP nominee in 2012,1,0.1,Aug/09/2012 18:27:38
756945,REP.VP.2012.FORTUNO,Luis Fortuno to be Republican VP nominee in 2012,5,0.1,Aug/09/2012 18:31:59
756945,REP.VP.2012.FORTUNO,Luis Fortuno to be Republican VP nominee in 2012,9,0.1,Aug/09/2012 18:35:31
756945,REP.VP.2012.FORTUNO,Luis Fortuno to be Republican VP nominee in 2012,5,0.1,Aug/09/2012 20:11:04
756945,REP.VP.2012.FORTUNO,Luis Fortuno to be Republican VP nominee in 2012,1,0.2,Aug/09/2012 21:38:41
756945,REP.VP.2012.FORTUNO,Luis Fortuno to be Republican VP nominee in 2012,191,0.2,Aug/09/2012 21:38:41
756945,REP.VP.2012.FORTUNO,Luis Fortuno to be Republican VP nominee in 2012,100,0.2,Aug/09/2012 21:38:41
756945,REP.VP.2012.FORTUNO,Luis Fortuno to be Republican VP nominee in 2012,175,0.2,Aug/09/2012 21:41:51
756945,REP.VP.2012.FORTUNO,Luis Fortuno to be Republican VP nominee in 2012,33,0.2,Aug/09/2012 22:30:31
756945,REP.VP.2012.FORTUNO,Luis Fortuno to be Republican VP nominee in 2012,200,0.2,Aug/10/2012 20:41:30
756945,REP.VP.2012.FORTUNO,Luis Fortuno to be Republican VP nominee in 2012,50,0.2,Aug/10/2012 20:41:30
756945,REP.VP.2012.FORTUNO,Luis Fortuno to be Republican VP nominee in 2012,114,0.2,Aug/10/2012 20:41:30
756945,REP.VP.2012.FORTUNO,Luis Fortuno to be Republican VP nominee in 2012,50,0.2,Aug/10/2012 20:41:30
756945,REP.VP.2012.FORTUNO,Luis Fortuno to be Republican VP nominee in 2012,100,0.2,Aug/10/2012 20:41:30
756945,REP.VP.2012.FORTUNO,Luis Fortuno to be Republican VP nominee in 2012,467,0.2,Aug/10/2012 20:41:30
756945,REP.VP.2012.FORTUNO,Luis Fortuno to be Republican VP nominee in 2012,1,0.2,Aug/10/2012 20:41:30
756945,REP.VP.2012.FORTUNO,Luis Fortuno to be Republican VP nominee in 2012,18,0.2,Aug/10/2012 20:42:17
756945,REP.VP.2012.FORTUNO,Luis Fortuno to be Republican VP nominee in 2012,100,0.2,Aug/10/2012 20:45:32
756945,REP.VP.2012.FORTUNO,Luis Fortuno to be Republican VP nominee in 2012,10,0.2,Aug/10/2012 21:04:32
756945,REP.VP.2012.FORTUNO,Luis Fortuno to be Republican VP nominee in 2012,10,0.2,Aug/10/2012 21:07:13
756945,REP.VP.2012.FORTUNO,Luis Fortuno to be Republican VP nominee in 2012,20,0.2,Aug/10/2012 21:18:46
756945,REP.VP.2012.FORTUNO,Luis Fortuno to be Republican VP nominee in 2012,360,0.2,Aug/10/2012 21:20:54
756945,REP.VP.2012.FORTUNO,Luis Fortuno to be Republican VP nominee in 2012,840,0.2,Aug/10/2012 21:21:44
756945,REP.VP.2012.FORTUNO,Luis Fortuno to be Republican VP nominee in 2012,8,0.2,Aug/10/2012 21:22:31
756945,REP.VP.2012.FORTUNO,Luis Fortuno to be Republican VP nominee in 2012,5,0.2,Aug/10/2012 21:37:01
756945,REP.VP.2012.FORTUNO,Luis Fortuno to be Republican VP nominee in 2012,11,0.2,Aug/10/2012 23:34:38
756945,REP.VP.2012.FORTUNO,Luis Fortuno to be Republican VP nominee in 2012,3,0.2,Aug/11/2012 01:01:13
756945,REP.VP.2012.FORTUNO,Luis Fortuno to be Republican VP nominee in 2012,133,0.2,Aug/11/2012 02:28:45
756945,REP.VP.2012.FORTUNO,Luis Fortuno to be Republican VP nominee in 2012,6,0.1,Aug/11/2012 03:18:01
756945,REP.VP.2012.FORTUNO,Luis Fortuno to be Republican VP nominee in 2012,65,0.1,Aug/11/2012 03:20:50
756945,REP.VP.2012.FORTUNO,Luis Fortuno to be Republican VP nominee in 2012,8,0.1,Aug/11/2012 03:21:11
756945,REP.VP.2012.FORTUNO,Luis Fortuno to be Republican VP nominee in 2012,25,0.1,Aug/11/2012 03:24:53
756945,REP.VP.2012.FORTUNO,Luis Fortuno to be Republican VP nominee in 2012,43,0.1,Aug/11/2012 03:24:53
756945,REP.VP.2012.FORTUNO,Luis Fortuno to be Republican VP nominee in 2012,1,0.1,Aug/11/2012 03:26:25
756945,REP.VP.2012.FORTUNO,Luis Fortuno to be Republican VP nominee in 2012,31,0.1,Aug/11/2012 03:27:07
756945,REP.VP.2012.FORTUNO,Luis Fortuno to be Republican VP nominee in 2012,29,0.1,Aug/11/2012 03:38:09
756945,REP.VP.2012.FORTUNO,Luis Fortuno to be Republican VP nominee in 2012,600,0.1,Aug/11/2012 03:44:44
756945,REP.VP.2012.FORTUNO,Luis Fortuno to be Republican VP nominee in 2012,100,0.2,Aug/11/2012 03:44:45
756945,REP.VP.2012.FORTUNO,Luis Fortuno to be Republican VP nominee in 2012,1,0.1,Aug/11/2012 03:48:38
756945,REP.VP.2012.FORTUNO,Luis Fortuno to be Republican VP nominee in 2012,19,0.1,Aug/11/2012 04:03:58
756945,REP.VP.2012.FORTUNO,Luis Fortuno to be Republican VP nominee in 2012,1,0.1,Aug/11/2012 04:04:29
756945,REP.VP.2012.FORTUNO,Luis Fortuno to be Republican VP nominee in 2012,9,0.1,Aug/11/2012 04:04:50
756945,REP.VP.2012.FORTUNO,Luis Fortuno to be Republican VP nominee in 2012,12,0.1,Aug/11/2012 04:05:21
756945,REP.VP.2012.FORTUNO,Luis Fortuno to be Republican VP nominee in 2012,100,0.1,Aug/11/2012 04:06:53
756945,REP.VP.2012.FORTUNO,Luis Fortuno to be Republican VP nominee in 2012,100,0.1,Aug/11/2012 04:07:24
756945,REP.VP.2012.FORTUNO,Luis Fortuno to be Republican VP nominee in 2012,28,0.1,Aug/11/2012 04:07:45
756945,REP.VP.2012.FORTUNO,Luis Fortuno to be Republican VP nominee in 2012,25,0.1,Aug/11/2012 04:08:06
756945,REP.VP.2012.FORTUNO,Luis Fortuno to be Republican VP nominee in 2012,11,0.1,Aug/11/2012 04:08:59
756945,REP.VP.2012.FORTUNO,Luis Fortuno to be Republican VP nominee in 2012,40,0.1,Aug/11/2012 04:11:21
756945,REP.VP.2012.FORTUNO,Luis Fortuno to be Republican VP nominee in 2012,1,0.1,Aug/11/2012 04:12:52
756945,REP.VP.2012.FORTUNO,Luis Fortuno to be Republican VP nominee in 2012,5,0.1,Aug/11/2012 04:13:43
756945,REP.VP.2012.FORTUNO,Luis Fortuno to be Republican VP nominee in 2012,1,0.1,Aug/11/2012 04:14:24
756945,REP.VP.2012.FORTUNO,Luis Fortuno to be Republican VP nominee in 2012,16,0.1,Aug/11/2012 04:15:16
756945,REP.VP.2012.FORTUNO,Luis Fortuno to be Republican VP nominee in 2012,14,0.1,Aug/11/2012 04:15:37
756945,REP.VP.2012.FORTUNO,Luis Fortuno to be Republican VP nominee in 2012,4,0.1,Aug/11/2012 04:16:39
756945,REP.VP.2012.FORTUNO,Luis Fortuno to be Republican VP nominee in 2012,110,0.1,Aug/11/2012 04:23:09
756945,REP.VP.2012.FORTUNO,Luis Fortuno to be Republican VP nominee in 2012,150,0.1,Aug/11/2012 05:20:44
756945,REP.VP.2012.FORTUNO,Luis Fortuno to be Republican VP nominee in 2012,20,0.1,Aug/11/2012 05:31:57
756945,REP.VP.2012.FORTUNO,Luis Fortuno to be Republican VP nominee in 2012,7,0.1,Aug/11/2012 05:31:57
756945,REP.VP.2012.FORTUNO,Luis Fortuno to be Republican VP nominee in 2012,1167,0.1,Aug/11/2012 05:31:57
756945,REP.VP.2012.FORTUNO,Luis Fortuno to be Republican VP nominee in 2012,7,0.1,Aug/11/2012 05:31:57
756945,REP.VP.2012.FORTUNO,Luis Fortuno to be Republican VP nominee in 2012,20,0.1,Aug/11/2012 05:31:57
756945,REP.VP.2012.FORTUNO,Luis Fortuno to be Republican VP nominee in 2012,1,0.1,Aug/11/2012 05:38:15
756945,REP.VP.2012.FORTUNO,Luis Fortuno to be Republican VP nominee in 2012,1,0.1,Aug/11/2012 05:38:15
756945,REP.VP.2012.FORTUNO,Luis Fortuno to be Republican VP nominee in 2012,20,0.2,Aug/11/2012 05:54:39
756945,REP.VP.2012.FORTUNO,Luis Fortuno to be Republican VP nominee in 2012,20,0.2,Aug/11/2012 05:54:53
756945,REP.VP.2012.FORTUNO,Luis Fortuno to be Republican VP nominee in 2012,250,0.1,Aug/11/2012 05:57:51
756945,REP.VP.2012.FORTUNO,Luis Fortuno to be Republican VP nominee in 2012,250,0.1,Aug/11/2012 05:57:51
756945,REP.VP.2012.FORTUNO,Luis Fortuno to be Republican VP nominee in 2012,99,0.1,Aug/11/2012 05:57:51
756945,REP.VP.2012.FORTUNO,Luis Fortuno to be Republican VP nominee in 2012,90,0.1,Aug/11/2012 06:01:33
756945,REP.VP.2012.FORTUNO,Luis Fortuno to be Republican VP nominee in 2012,100,0.1,Aug/11/2012 09:54:23
756945,REP.VP.2012.FORTUNO,Luis Fortuno to be Republican VP nominee in 2012,8,0.1,Aug/11/2012 14:41:07
756945,REP.VP.2012.FORTUNO,Luis Fortuno to be Republican VP nominee in 2012,7,0.1,Aug/11/2012 16:50:32
756945,REP.VP.2012.FORTUNO,Luis Fortuno to be Republican VP nominee in 2012,3,0.1,Aug/11/2012 16:51:03
756945,REP.VP.2012.FORTUNO,Luis Fortuno to be Republican VP nominee in 2012,53,0.1,Aug/11/2012 21:03:26
756945,REP.VP.2012.FORTUNO,Luis Fortuno to be Republican VP nominee in 2012,175,0.1,Aug/12/2012 18:47:20
756945,REP.VP.2012.FORTUNO,Luis Fortuno to be Republican VP nominee in 2012,5,0.1,Aug/13/2012 17:46:46
756945,REP.VP.2012.FORTUNO,Luis Fortuno to be Republican VP nominee in 2012,1,0.1,Aug/15/2012 09:53:42
756945,REP.VP.2012.FORTUNO,Luis Fortuno to be Republican VP nominee in 2012,1,0.1,Aug/15/2012 10:00:16
756945,REP.VP.2012.FORTUNO,Luis Fortuno to be Republican VP nominee in 2012,1,0.1,Aug/15/2012 10:04:44
756945,REP.VP.2012.FORTUNO,Luis Fortuno to be Republican VP nominee in 2012,1,0.1,Aug/15/2012 10:10:29
756945,REP.VP.2012.FORTUNO,Luis Fortuno to be Republican VP nominee in 2012,1,0.1,Aug/15/2012 10:19:19
