market id,market symbol,market name,trade quantity,trade price,date/time [utc]
750232,REP.VP.2012.PETRAEUS,David Petraeus to be Republican VP nominee in 2012,10,0.2,Jun/25/2011 01:09:38
750232,REP.VP.2012.PETRAEUS,David Petraeus to be Republican VP nominee in 2012,5,0.5,Jun/25/2011 01:16:41
750232,REP.VP.2012.PETRAEUS,David Petraeus to be Republican VP nominee in 2012,1,0.5,Jun/26/2011 02:48:05
750232,REP.VP.2012.PETRAEUS,David Petraeus to be Republican VP nominee in 2012,3,0.5,Jun/29/2011 07:10:44
750232,REP.VP.2012.PETRAEUS,David Petraeus to be Republican VP nominee in 2012,1,0.5,Jul/02/2011 16:57:21
750232,REP.VP.2012.PETRAEUS,David Petraeus to be Republican VP nominee in 2012,9,0.5,Jul/02/2011 16:57:21
750232,REP.VP.2012.PETRAEUS,David Petraeus to be Republican VP nominee in 2012,1,0.5,Jul/09/2011 03:24:22
750232,REP.VP.2012.PETRAEUS,David Petraeus to be Republican VP nominee in 2012,10,0.9,Jul/14/2011 14:00:10
750232,REP.VP.2012.PETRAEUS,David Petraeus to be Republican VP nominee in 2012,1,0.1,Jul/28/2011 04:59:27
750232,REP.VP.2012.PETRAEUS,David Petraeus to be Republican VP nominee in 2012,2,0.5,Aug/16/2011 02:49:14
750232,REP.VP.2012.PETRAEUS,David Petraeus to be Republican VP nominee in 2012,8,0.5,Sep/03/2011 04:44:18
750232,REP.VP.2012.PETRAEUS,David Petraeus to be Republican VP nominee in 2012,10,0.5,Sep/03/2011 04:44:18
750232,REP.VP.2012.PETRAEUS,David Petraeus to be Republican VP nominee in 2012,10,0.5,Sep/03/2011 04:44:18
750232,REP.VP.2012.PETRAEUS,David Petraeus to be Republican VP nominee in 2012,90,0.5,Sep/06/2011 02:08:03
750232,REP.VP.2012.PETRAEUS,David Petraeus to be Republican VP nominee in 2012,20,0.5,Sep/12/2011 22:09:42
750232,REP.VP.2012.PETRAEUS,David Petraeus to be Republican VP nominee in 2012,20,0.5,Sep/12/2011 22:09:42
750232,REP.VP.2012.PETRAEUS,David Petraeus to be Republican VP nominee in 2012,20,0.5,Sep/20/2011 04:58:46
750232,REP.VP.2012.PETRAEUS,David Petraeus to be Republican VP nominee in 2012,20,0.5,Sep/20/2011 04:58:46
750232,REP.VP.2012.PETRAEUS,David Petraeus to be Republican VP nominee in 2012,20,0.5,Sep/20/2011 04:58:46
750232,REP.VP.2012.PETRAEUS,David Petraeus to be Republican VP nominee in 2012,2,0.3,Oct/05/2011 00:33:02
750232,REP.VP.2012.PETRAEUS,David Petraeus to be Republican VP nominee in 2012,20,0.3,Oct/06/2011 02:40:33
750232,REP.VP.2012.PETRAEUS,David Petraeus to be Republican VP nominee in 2012,1,0.3,Oct/12/2011 07:05:57
750232,REP.VP.2012.PETRAEUS,David Petraeus to be Republican VP nominee in 2012,1,0.3,Oct/12/2011 11:22:37
750232,REP.VP.2012.PETRAEUS,David Petraeus to be Republican VP nominee in 2012,2,0.3,Oct/12/2011 11:22:48
750232,REP.VP.2012.PETRAEUS,David Petraeus to be Republican VP nominee in 2012,2,0.3,Oct/12/2011 11:24:27
750232,REP.VP.2012.PETRAEUS,David Petraeus to be Republican VP nominee in 2012,4,0.3,Oct/12/2011 11:24:31
750232,REP.VP.2012.PETRAEUS,David Petraeus to be Republican VP nominee in 2012,6,0.3,Oct/12/2011 11:25:37
750232,REP.VP.2012.PETRAEUS,David Petraeus to be Republican VP nominee in 2012,10,0.3,Oct/12/2011 11:27:30
750232,REP.VP.2012.PETRAEUS,David Petraeus to be Republican VP nominee in 2012,1,0.4,Oct/22/2011 22:02:21
750232,REP.VP.2012.PETRAEUS,David Petraeus to be Republican VP nominee in 2012,1,0.4,Oct/23/2011 10:44:09
750232,REP.VP.2012.PETRAEUS,David Petraeus to be Republican VP nominee in 2012,1,0.4,Oct/23/2011 10:50:40
750232,REP.VP.2012.PETRAEUS,David Petraeus to be Republican VP nominee in 2012,2,0.4,Oct/23/2011 11:47:14
750232,REP.VP.2012.PETRAEUS,David Petraeus to be Republican VP nominee in 2012,7,0.4,Oct/23/2011 14:07:30
750232,REP.VP.2012.PETRAEUS,David Petraeus to be Republican VP nominee in 2012,1,0.4,Oct/23/2011 14:10:43
750232,REP.VP.2012.PETRAEUS,David Petraeus to be Republican VP nominee in 2012,1,0.4,Oct/23/2011 14:17:41
750232,REP.VP.2012.PETRAEUS,David Petraeus to be Republican VP nominee in 2012,1,0.4,Oct/23/2011 14:18:34
750232,REP.VP.2012.PETRAEUS,David Petraeus to be Republican VP nominee in 2012,2,0.4,Oct/23/2011 14:19:18
750232,REP.VP.2012.PETRAEUS,David Petraeus to be Republican VP nominee in 2012,10,0.4,Oct/23/2011 15:15:03
750232,REP.VP.2012.PETRAEUS,David Petraeus to be Republican VP nominee in 2012,7,0.3,Oct/23/2011 15:16:15
750232,REP.VP.2012.PETRAEUS,David Petraeus to be Republican VP nominee in 2012,3,0.4,Oct/23/2011 15:16:15
750232,REP.VP.2012.PETRAEUS,David Petraeus to be Republican VP nominee in 2012,10,0.3,Oct/23/2011 15:31:46
750232,REP.VP.2012.PETRAEUS,David Petraeus to be Republican VP nominee in 2012,30,0.3,Oct/25/2011 14:43:33
750232,REP.VP.2012.PETRAEUS,David Petraeus to be Republican VP nominee in 2012,3,0.3,Oct/25/2011 14:43:33
750232,REP.VP.2012.PETRAEUS,David Petraeus to be Republican VP nominee in 2012,60,0.3,Oct/25/2011 14:43:33
750232,REP.VP.2012.PETRAEUS,David Petraeus to be Republican VP nominee in 2012,25,0.3,Oct/26/2011 05:05:21
750232,REP.VP.2012.PETRAEUS,David Petraeus to be Republican VP nominee in 2012,152,0.3,Nov/03/2011 07:41:30
750232,REP.VP.2012.PETRAEUS,David Petraeus to be Republican VP nominee in 2012,50,0.3,Nov/03/2011 07:41:30
750232,REP.VP.2012.PETRAEUS,David Petraeus to be Republican VP nominee in 2012,60,0.3,Nov/03/2011 07:41:30
750232,REP.VP.2012.PETRAEUS,David Petraeus to be Republican VP nominee in 2012,1,0.3,Nov/03/2011 07:41:30
750232,REP.VP.2012.PETRAEUS,David Petraeus to be Republican VP nominee in 2012,100,0.4,Nov/17/2011 23:01:40
750232,REP.VP.2012.PETRAEUS,David Petraeus to be Republican VP nominee in 2012,30,0.4,Nov/20/2011 10:48:37
750232,REP.VP.2012.PETRAEUS,David Petraeus to be Republican VP nominee in 2012,1,0.4,Nov/20/2011 10:48:37
750232,REP.VP.2012.PETRAEUS,David Petraeus to be Republican VP nominee in 2012,30,0.5,Dec/11/2011 04:10:24
750232,REP.VP.2012.PETRAEUS,David Petraeus to be Republican VP nominee in 2012,50,0.5,Dec/11/2011 04:10:24
750232,REP.VP.2012.PETRAEUS,David Petraeus to be Republican VP nominee in 2012,1,0.5,Dec/11/2011 04:10:24
750232,REP.VP.2012.PETRAEUS,David Petraeus to be Republican VP nominee in 2012,19,0.5,Dec/11/2011 04:10:24
750232,REP.VP.2012.PETRAEUS,David Petraeus to be Republican VP nominee in 2012,3,0.4,Dec/12/2011 06:53:49
750232,REP.VP.2012.PETRAEUS,David Petraeus to be Republican VP nominee in 2012,31,0.5,Dec/17/2011 07:22:03
750232,REP.VP.2012.PETRAEUS,David Petraeus to be Republican VP nominee in 2012,50,0.5,Dec/17/2011 07:22:03
750232,REP.VP.2012.PETRAEUS,David Petraeus to be Republican VP nominee in 2012,50,0.5,Dec/17/2011 07:22:03
750232,REP.VP.2012.PETRAEUS,David Petraeus to be Republican VP nominee in 2012,1,0.5,Dec/17/2011 07:22:03
750232,REP.VP.2012.PETRAEUS,David Petraeus to be Republican VP nominee in 2012,50,0.5,Dec/17/2011 07:22:03
750232,REP.VP.2012.PETRAEUS,David Petraeus to be Republican VP nominee in 2012,50,0.5,Dec/17/2011 07:22:03
750232,REP.VP.2012.PETRAEUS,David Petraeus to be Republican VP nominee in 2012,1,0.5,Dec/17/2011 07:22:03
750232,REP.VP.2012.PETRAEUS,David Petraeus to be Republican VP nominee in 2012,50,0.5,Dec/17/2011 07:22:03
750232,REP.VP.2012.PETRAEUS,David Petraeus to be Republican VP nominee in 2012,30,0.6,Dec/17/2011 07:23:04
750232,REP.VP.2012.PETRAEUS,David Petraeus to be Republican VP nominee in 2012,30,0.7,Dec/17/2011 07:24:33
750232,REP.VP.2012.PETRAEUS,David Petraeus to be Republican VP nominee in 2012,1,0.7,Dec/17/2011 07:24:33
750232,REP.VP.2012.PETRAEUS,David Petraeus to be Republican VP nominee in 2012,70,0.9,Dec/17/2011 07:25:34
750232,REP.VP.2012.PETRAEUS,David Petraeus to be Republican VP nominee in 2012,50,0.5,Dec/25/2011 21:04:57
750232,REP.VP.2012.PETRAEUS,David Petraeus to be Republican VP nominee in 2012,1,0.5,Dec/25/2011 21:04:57
750232,REP.VP.2012.PETRAEUS,David Petraeus to be Republican VP nominee in 2012,50,0.5,Dec/25/2011 21:04:57
750232,REP.VP.2012.PETRAEUS,David Petraeus to be Republican VP nominee in 2012,40,0.5,Dec/28/2011 00:38:46
750232,REP.VP.2012.PETRAEUS,David Petraeus to be Republican VP nominee in 2012,1,0.5,Dec/28/2011 00:38:46
750232,REP.VP.2012.PETRAEUS,David Petraeus to be Republican VP nominee in 2012,50,0.5,Dec/31/2011 08:44:41
750232,REP.VP.2012.PETRAEUS,David Petraeus to be Republican VP nominee in 2012,1,0.5,Dec/31/2011 08:44:41
750232,REP.VP.2012.PETRAEUS,David Petraeus to be Republican VP nominee in 2012,40,0.9,Jan/01/2012 11:43:56
750232,REP.VP.2012.PETRAEUS,David Petraeus to be Republican VP nominee in 2012,30,0.9,Jan/01/2012 11:43:56
750232,REP.VP.2012.PETRAEUS,David Petraeus to be Republican VP nominee in 2012,50,0.9,Jan/01/2012 11:43:56
750232,REP.VP.2012.PETRAEUS,David Petraeus to be Republican VP nominee in 2012,1,0.9,Jan/01/2012 11:43:56
750232,REP.VP.2012.PETRAEUS,David Petraeus to be Republican VP nominee in 2012,50,0.5,Jan/04/2012 19:13:15
750232,REP.VP.2012.PETRAEUS,David Petraeus to be Republican VP nominee in 2012,7,0.4,Jan/04/2012 19:18:23
750232,REP.VP.2012.PETRAEUS,David Petraeus to be Republican VP nominee in 2012,1,0.4,Jan/04/2012 19:18:23
750232,REP.VP.2012.PETRAEUS,David Petraeus to be Republican VP nominee in 2012,2,0.4,Jan/04/2012 19:18:23
750232,REP.VP.2012.PETRAEUS,David Petraeus to be Republican VP nominee in 2012,9,0.4,Jan/04/2012 19:29:41
750232,REP.VP.2012.PETRAEUS,David Petraeus to be Republican VP nominee in 2012,30,0.5,Jan/05/2012 11:35:46
750232,REP.VP.2012.PETRAEUS,David Petraeus to be Republican VP nominee in 2012,4,0.5,Jan/06/2012 15:37:02
750232,REP.VP.2012.PETRAEUS,David Petraeus to be Republican VP nominee in 2012,26,0.5,Jan/08/2012 00:11:51
750232,REP.VP.2012.PETRAEUS,David Petraeus to be Republican VP nominee in 2012,1,0.5,Jan/08/2012 00:11:51
750232,REP.VP.2012.PETRAEUS,David Petraeus to be Republican VP nominee in 2012,1,0.5,Jan/08/2012 00:11:51
750232,REP.VP.2012.PETRAEUS,David Petraeus to be Republican VP nominee in 2012,50,0.5,Jan/08/2012 00:11:51
750232,REP.VP.2012.PETRAEUS,David Petraeus to be Republican VP nominee in 2012,30,0.5,Jan/08/2012 00:11:51
750232,REP.VP.2012.PETRAEUS,David Petraeus to be Republican VP nominee in 2012,1,0.5,Jan/12/2012 23:22:24
750232,REP.VP.2012.PETRAEUS,David Petraeus to be Republican VP nominee in 2012,49,0.5,Jan/13/2012 14:23:31
750232,REP.VP.2012.PETRAEUS,David Petraeus to be Republican VP nominee in 2012,1,0.5,Jan/13/2012 14:23:31
750232,REP.VP.2012.PETRAEUS,David Petraeus to be Republican VP nominee in 2012,40,0.6,Jan/13/2012 21:26:06
750232,REP.VP.2012.PETRAEUS,David Petraeus to be Republican VP nominee in 2012,1,0.4,Jan/15/2012 00:51:12
750232,REP.VP.2012.PETRAEUS,David Petraeus to be Republican VP nominee in 2012,3,0.4,Jan/17/2012 03:58:19
750232,REP.VP.2012.PETRAEUS,David Petraeus to be Republican VP nominee in 2012,1,0.4,Jan/17/2012 03:58:19
750232,REP.VP.2012.PETRAEUS,David Petraeus to be Republican VP nominee in 2012,1,0.4,Jan/18/2012 03:42:12
750232,REP.VP.2012.PETRAEUS,David Petraeus to be Republican VP nominee in 2012,50,0.4,Jan/18/2012 22:58:41
750232,REP.VP.2012.PETRAEUS,David Petraeus to be Republican VP nominee in 2012,50,0.5,Jan/21/2012 21:24:13
750232,REP.VP.2012.PETRAEUS,David Petraeus to be Republican VP nominee in 2012,50,0.5,Jan/21/2012 21:24:13
750232,REP.VP.2012.PETRAEUS,David Petraeus to be Republican VP nominee in 2012,50,0.5,Jan/21/2012 21:24:13
750232,REP.VP.2012.PETRAEUS,David Petraeus to be Republican VP nominee in 2012,1,0.5,Jan/21/2012 21:24:13
750232,REP.VP.2012.PETRAEUS,David Petraeus to be Republican VP nominee in 2012,48,0.4,Jan/23/2012 13:50:47
750232,REP.VP.2012.PETRAEUS,David Petraeus to be Republican VP nominee in 2012,118,0.2,Jan/23/2012 13:50:47
750232,REP.VP.2012.PETRAEUS,David Petraeus to be Republican VP nominee in 2012,10,0.3,Jan/23/2012 13:50:47
750232,REP.VP.2012.PETRAEUS,David Petraeus to be Republican VP nominee in 2012,3,0.3,Jan/23/2012 13:50:47
750232,REP.VP.2012.PETRAEUS,David Petraeus to be Republican VP nominee in 2012,1,0.4,Jan/23/2012 13:50:47
750232,REP.VP.2012.PETRAEUS,David Petraeus to be Republican VP nominee in 2012,200,0.3,Jan/23/2012 13:50:47
750232,REP.VP.2012.PETRAEUS,David Petraeus to be Republican VP nominee in 2012,4,0.4,Jan/26/2012 09:21:33
750232,REP.VP.2012.PETRAEUS,David Petraeus to be Republican VP nominee in 2012,1,0.4,Jan/26/2012 09:21:33
750232,REP.VP.2012.PETRAEUS,David Petraeus to be Republican VP nominee in 2012,3,0.4,Jan/26/2012 09:21:33
750232,REP.VP.2012.PETRAEUS,David Petraeus to be Republican VP nominee in 2012,12,0.4,Jan/26/2012 14:09:12
750232,REP.VP.2012.PETRAEUS,David Petraeus to be Republican VP nominee in 2012,1,0.4,Jan/26/2012 14:09:12
750232,REP.VP.2012.PETRAEUS,David Petraeus to be Republican VP nominee in 2012,5,0.4,Jan/28/2012 00:39:49
750232,REP.VP.2012.PETRAEUS,David Petraeus to be Republican VP nominee in 2012,50,0.3,Jan/28/2012 16:36:26
750232,REP.VP.2012.PETRAEUS,David Petraeus to be Republican VP nominee in 2012,50,0.5,Jan/29/2012 16:32:28
750232,REP.VP.2012.PETRAEUS,David Petraeus to be Republican VP nominee in 2012,48,0.5,Jan/29/2012 16:32:28
750232,REP.VP.2012.PETRAEUS,David Petraeus to be Republican VP nominee in 2012,30,0.5,Jan/29/2012 16:32:28
750232,REP.VP.2012.PETRAEUS,David Petraeus to be Republican VP nominee in 2012,25,0.4,Jan/29/2012 16:32:28
750232,REP.VP.2012.PETRAEUS,David Petraeus to be Republican VP nominee in 2012,50,0.4,Jan/29/2012 16:32:28
750232,REP.VP.2012.PETRAEUS,David Petraeus to be Republican VP nominee in 2012,1,0.4,Jan/29/2012 16:32:28
750232,REP.VP.2012.PETRAEUS,David Petraeus to be Republican VP nominee in 2012,5,0.4,Jan/29/2012 16:32:28
750232,REP.VP.2012.PETRAEUS,David Petraeus to be Republican VP nominee in 2012,1,0.4,Feb/05/2012 00:45:24
750232,REP.VP.2012.PETRAEUS,David Petraeus to be Republican VP nominee in 2012,50,0.4,Feb/05/2012 00:45:24
750232,REP.VP.2012.PETRAEUS,David Petraeus to be Republican VP nominee in 2012,19,0.3,Feb/07/2012 15:45:44
750232,REP.VP.2012.PETRAEUS,David Petraeus to be Republican VP nominee in 2012,20,0.3,Feb/09/2012 15:34:21
750232,REP.VP.2012.PETRAEUS,David Petraeus to be Republican VP nominee in 2012,50,0.4,Feb/13/2012 09:39:25
750232,REP.VP.2012.PETRAEUS,David Petraeus to be Republican VP nominee in 2012,1,0.4,Feb/13/2012 09:39:25
750232,REP.VP.2012.PETRAEUS,David Petraeus to be Republican VP nominee in 2012,50,0.4,Feb/13/2012 09:39:25
750232,REP.VP.2012.PETRAEUS,David Petraeus to be Republican VP nominee in 2012,10,0.4,Feb/13/2012 09:39:25
750232,REP.VP.2012.PETRAEUS,David Petraeus to be Republican VP nominee in 2012,50,0.5,Feb/19/2012 14:31:33
750232,REP.VP.2012.PETRAEUS,David Petraeus to be Republican VP nominee in 2012,50,0.5,Feb/19/2012 14:31:33
750232,REP.VP.2012.PETRAEUS,David Petraeus to be Republican VP nominee in 2012,50,0.5,Feb/19/2012 14:31:33
750232,REP.VP.2012.PETRAEUS,David Petraeus to be Republican VP nominee in 2012,50,0.5,Feb/19/2012 14:31:33
750232,REP.VP.2012.PETRAEUS,David Petraeus to be Republican VP nominee in 2012,50,0.5,Feb/19/2012 14:31:33
750232,REP.VP.2012.PETRAEUS,David Petraeus to be Republican VP nominee in 2012,1,0.5,Feb/19/2012 14:31:33
750232,REP.VP.2012.PETRAEUS,David Petraeus to be Republican VP nominee in 2012,50,0.5,Feb/19/2012 14:31:33
750232,REP.VP.2012.PETRAEUS,David Petraeus to be Republican VP nominee in 2012,11,0.4,Feb/25/2012 04:23:21
750232,REP.VP.2012.PETRAEUS,David Petraeus to be Republican VP nominee in 2012,11,0.3,Feb/25/2012 21:56:15
750232,REP.VP.2012.PETRAEUS,David Petraeus to be Republican VP nominee in 2012,19,0.3,Feb/25/2012 21:56:15
750232,REP.VP.2012.PETRAEUS,David Petraeus to be Republican VP nominee in 2012,10,0.3,Feb/25/2012 21:56:15
750232,REP.VP.2012.PETRAEUS,David Petraeus to be Republican VP nominee in 2012,10,0.3,Feb/25/2012 21:56:15
750232,REP.VP.2012.PETRAEUS,David Petraeus to be Republican VP nominee in 2012,6,0.4,Feb/26/2012 07:11:41
750232,REP.VP.2012.PETRAEUS,David Petraeus to be Republican VP nominee in 2012,1,0.4,Feb/26/2012 07:11:41
750232,REP.VP.2012.PETRAEUS,David Petraeus to be Republican VP nominee in 2012,50,0.4,Feb/26/2012 07:11:41
750232,REP.VP.2012.PETRAEUS,David Petraeus to be Republican VP nominee in 2012,2,0.4,Feb/26/2012 07:11:41
750232,REP.VP.2012.PETRAEUS,David Petraeus to be Republican VP nominee in 2012,50,0.5,Feb/26/2012 07:14:39
750232,REP.VP.2012.PETRAEUS,David Petraeus to be Republican VP nominee in 2012,30,1.0,Feb/26/2012 07:19:58
750232,REP.VP.2012.PETRAEUS,David Petraeus to be Republican VP nominee in 2012,100,1.0,Feb/26/2012 07:19:58
750232,REP.VP.2012.PETRAEUS,David Petraeus to be Republican VP nominee in 2012,10,0.9,Feb/26/2012 07:19:58
750232,REP.VP.2012.PETRAEUS,David Petraeus to be Republican VP nominee in 2012,6,0.8,Feb/26/2012 07:19:58
750232,REP.VP.2012.PETRAEUS,David Petraeus to be Republican VP nominee in 2012,50,0.7,Feb/26/2012 07:19:58
750232,REP.VP.2012.PETRAEUS,David Petraeus to be Republican VP nominee in 2012,50,0.8,Feb/26/2012 07:19:58
750232,REP.VP.2012.PETRAEUS,David Petraeus to be Republican VP nominee in 2012,73,0.9,Feb/26/2012 07:19:58
750232,REP.VP.2012.PETRAEUS,David Petraeus to be Republican VP nominee in 2012,5,0.9,Feb/26/2012 07:19:58
750232,REP.VP.2012.PETRAEUS,David Petraeus to be Republican VP nominee in 2012,5,0.8,Feb/26/2012 07:19:58
750232,REP.VP.2012.PETRAEUS,David Petraeus to be Republican VP nominee in 2012,5,0.7,Feb/26/2012 07:19:58
750232,REP.VP.2012.PETRAEUS,David Petraeus to be Republican VP nominee in 2012,50,0.6,Feb/26/2012 07:19:58
750232,REP.VP.2012.PETRAEUS,David Petraeus to be Republican VP nominee in 2012,1,0.6,Feb/26/2012 07:19:58
750232,REP.VP.2012.PETRAEUS,David Petraeus to be Republican VP nominee in 2012,1,0.8,Feb/26/2012 07:19:58
750232,REP.VP.2012.PETRAEUS,David Petraeus to be Republican VP nominee in 2012,1,1.0,Feb/26/2012 07:19:58
750232,REP.VP.2012.PETRAEUS,David Petraeus to be Republican VP nominee in 2012,50,0.9,Mar/05/2012 18:07:28
750232,REP.VP.2012.PETRAEUS,David Petraeus to be Republican VP nominee in 2012,1,0.9,Mar/05/2012 18:07:28
750232,REP.VP.2012.PETRAEUS,David Petraeus to be Republican VP nominee in 2012,6,0.5,Mar/08/2012 02:33:27
750232,REP.VP.2012.PETRAEUS,David Petraeus to be Republican VP nominee in 2012,4,0.5,Mar/08/2012 02:33:49
750232,REP.VP.2012.PETRAEUS,David Petraeus to be Republican VP nominee in 2012,11,0.5,Mar/08/2012 03:14:24
750232,REP.VP.2012.PETRAEUS,David Petraeus to be Republican VP nominee in 2012,1,0.5,Mar/08/2012 07:41:06
750232,REP.VP.2012.PETRAEUS,David Petraeus to be Republican VP nominee in 2012,38,0.5,Mar/08/2012 20:11:22
750232,REP.VP.2012.PETRAEUS,David Petraeus to be Republican VP nominee in 2012,50,0.5,Mar/08/2012 20:11:22
750232,REP.VP.2012.PETRAEUS,David Petraeus to be Republican VP nominee in 2012,1,0.5,Mar/08/2012 20:11:22
750232,REP.VP.2012.PETRAEUS,David Petraeus to be Republican VP nominee in 2012,50,0.5,Mar/12/2012 01:50:39
750232,REP.VP.2012.PETRAEUS,David Petraeus to be Republican VP nominee in 2012,1,0.5,Mar/12/2012 01:50:39
750232,REP.VP.2012.PETRAEUS,David Petraeus to be Republican VP nominee in 2012,50,0.6,Mar/14/2012 00:10:32
750232,REP.VP.2012.PETRAEUS,David Petraeus to be Republican VP nominee in 2012,11,0.6,Mar/14/2012 00:10:32
750232,REP.VP.2012.PETRAEUS,David Petraeus to be Republican VP nominee in 2012,1,0.6,Mar/14/2012 00:10:32
750232,REP.VP.2012.PETRAEUS,David Petraeus to be Republican VP nominee in 2012,1,0.4,Mar/15/2012 14:42:35
750232,REP.VP.2012.PETRAEUS,David Petraeus to be Republican VP nominee in 2012,4,0.4,Mar/15/2012 17:32:12
750232,REP.VP.2012.PETRAEUS,David Petraeus to be Republican VP nominee in 2012,11,0.4,Mar/15/2012 17:32:12
750232,REP.VP.2012.PETRAEUS,David Petraeus to be Republican VP nominee in 2012,50,0.5,Mar/15/2012 18:53:12
750232,REP.VP.2012.PETRAEUS,David Petraeus to be Republican VP nominee in 2012,35,0.4,Mar/15/2012 18:53:12
750232,REP.VP.2012.PETRAEUS,David Petraeus to be Republican VP nominee in 2012,6,0.5,Mar/15/2012 18:53:12
750232,REP.VP.2012.PETRAEUS,David Petraeus to be Republican VP nominee in 2012,50,0.5,Mar/15/2012 18:53:12
750232,REP.VP.2012.PETRAEUS,David Petraeus to be Republican VP nominee in 2012,1,0.4,Mar/15/2012 18:53:12
750232,REP.VP.2012.PETRAEUS,David Petraeus to be Republican VP nominee in 2012,17,0.6,Mar/16/2012 02:27:30
750232,REP.VP.2012.PETRAEUS,David Petraeus to be Republican VP nominee in 2012,6,0.4,Mar/16/2012 23:17:29
750232,REP.VP.2012.PETRAEUS,David Petraeus to be Republican VP nominee in 2012,19,0.4,Mar/18/2012 14:26:55
750232,REP.VP.2012.PETRAEUS,David Petraeus to be Republican VP nominee in 2012,1,0.4,Mar/18/2012 14:26:55
750232,REP.VP.2012.PETRAEUS,David Petraeus to be Republican VP nominee in 2012,2,0.4,Mar/18/2012 14:26:55
750232,REP.VP.2012.PETRAEUS,David Petraeus to be Republican VP nominee in 2012,25,0.5,Mar/18/2012 20:31:35
750232,REP.VP.2012.PETRAEUS,David Petraeus to be Republican VP nominee in 2012,6,0.5,Mar/18/2012 20:31:35
750232,REP.VP.2012.PETRAEUS,David Petraeus to be Republican VP nominee in 2012,1,0.5,Mar/18/2012 20:31:35
750232,REP.VP.2012.PETRAEUS,David Petraeus to be Republican VP nominee in 2012,2,0.5,Mar/18/2012 20:31:35
750232,REP.VP.2012.PETRAEUS,David Petraeus to be Republican VP nominee in 2012,6,0.4,Mar/19/2012 23:19:03
750232,REP.VP.2012.PETRAEUS,David Petraeus to be Republican VP nominee in 2012,10,0.4,Mar/21/2012 23:57:34
750232,REP.VP.2012.PETRAEUS,David Petraeus to be Republican VP nominee in 2012,1,0.4,Mar/22/2012 06:37:24
750232,REP.VP.2012.PETRAEUS,David Petraeus to be Republican VP nominee in 2012,50,0.3,Mar/22/2012 14:54:08
750232,REP.VP.2012.PETRAEUS,David Petraeus to be Republican VP nominee in 2012,39,0.4,Mar/22/2012 16:50:26
750232,REP.VP.2012.PETRAEUS,David Petraeus to be Republican VP nominee in 2012,1,0.4,Mar/22/2012 16:50:26
750232,REP.VP.2012.PETRAEUS,David Petraeus to be Republican VP nominee in 2012,2,0.3,Mar/23/2012 13:41:52
750232,REP.VP.2012.PETRAEUS,David Petraeus to be Republican VP nominee in 2012,8,0.3,Mar/23/2012 13:59:23
750232,REP.VP.2012.PETRAEUS,David Petraeus to be Republican VP nominee in 2012,3,0.3,Mar/23/2012 14:00:25
750232,REP.VP.2012.PETRAEUS,David Petraeus to be Republican VP nominee in 2012,1,0.3,Mar/23/2012 14:02:28
750232,REP.VP.2012.PETRAEUS,David Petraeus to be Republican VP nominee in 2012,1,0.3,Mar/23/2012 14:06:16
750232,REP.VP.2012.PETRAEUS,David Petraeus to be Republican VP nominee in 2012,25,0.3,Mar/23/2012 14:35:00
750232,REP.VP.2012.PETRAEUS,David Petraeus to be Republican VP nominee in 2012,10,0.3,Mar/23/2012 14:35:00
750232,REP.VP.2012.PETRAEUS,David Petraeus to be Republican VP nominee in 2012,10,0.3,Mar/23/2012 14:35:00
750232,REP.VP.2012.PETRAEUS,David Petraeus to be Republican VP nominee in 2012,55,0.3,Mar/25/2012 09:23:57
750232,REP.VP.2012.PETRAEUS,David Petraeus to be Republican VP nominee in 2012,1,0.3,Mar/25/2012 09:23:57
750232,REP.VP.2012.PETRAEUS,David Petraeus to be Republican VP nominee in 2012,12,0.2,Mar/25/2012 15:11:17
750232,REP.VP.2012.PETRAEUS,David Petraeus to be Republican VP nominee in 2012,2,0.2,Mar/25/2012 18:30:09
750232,REP.VP.2012.PETRAEUS,David Petraeus to be Republican VP nominee in 2012,100,0.2,Mar/25/2012 20:08:16
750232,REP.VP.2012.PETRAEUS,David Petraeus to be Republican VP nominee in 2012,20,0.2,Mar/26/2012 00:25:19
750232,REP.VP.2012.PETRAEUS,David Petraeus to be Republican VP nominee in 2012,100,0.2,Mar/26/2012 15:12:45
750232,REP.VP.2012.PETRAEUS,David Petraeus to be Republican VP nominee in 2012,20,0.2,Mar/26/2012 22:04:57
750232,REP.VP.2012.PETRAEUS,David Petraeus to be Republican VP nominee in 2012,3,0.2,Mar/27/2012 03:10:16
750232,REP.VP.2012.PETRAEUS,David Petraeus to be Republican VP nominee in 2012,1,0.2,Mar/27/2012 14:09:32
750232,REP.VP.2012.PETRAEUS,David Petraeus to be Republican VP nominee in 2012,2,0.2,Mar/27/2012 14:09:54
750232,REP.VP.2012.PETRAEUS,David Petraeus to be Republican VP nominee in 2012,1,0.2,Mar/27/2012 14:13:06
750232,REP.VP.2012.PETRAEUS,David Petraeus to be Republican VP nominee in 2012,1,0.2,Mar/27/2012 14:38:19
750232,REP.VP.2012.PETRAEUS,David Petraeus to be Republican VP nominee in 2012,5,0.2,Mar/27/2012 14:46:12
750232,REP.VP.2012.PETRAEUS,David Petraeus to be Republican VP nominee in 2012,3,0.2,Mar/27/2012 14:47:16
750232,REP.VP.2012.PETRAEUS,David Petraeus to be Republican VP nominee in 2012,2,0.2,Mar/27/2012 14:48:20
750232,REP.VP.2012.PETRAEUS,David Petraeus to be Republican VP nominee in 2012,3,0.2,Mar/27/2012 14:49:12
750232,REP.VP.2012.PETRAEUS,David Petraeus to be Republican VP nominee in 2012,7,0.2,Mar/27/2012 14:51:34
750232,REP.VP.2012.PETRAEUS,David Petraeus to be Republican VP nominee in 2012,7,0.2,Mar/27/2012 14:52:06
750232,REP.VP.2012.PETRAEUS,David Petraeus to be Republican VP nominee in 2012,8,0.2,Mar/27/2012 14:52:26
750232,REP.VP.2012.PETRAEUS,David Petraeus to be Republican VP nominee in 2012,8,0.2,Mar/27/2012 14:52:57
750232,REP.VP.2012.PETRAEUS,David Petraeus to be Republican VP nominee in 2012,2,0.2,Mar/27/2012 14:53:18
750232,REP.VP.2012.PETRAEUS,David Petraeus to be Republican VP nominee in 2012,1,0.2,Mar/27/2012 14:53:49
750232,REP.VP.2012.PETRAEUS,David Petraeus to be Republican VP nominee in 2012,9,0.2,Mar/27/2012 14:55:05
750232,REP.VP.2012.PETRAEUS,David Petraeus to be Republican VP nominee in 2012,6,0.2,Mar/27/2012 14:56:24
750232,REP.VP.2012.PETRAEUS,David Petraeus to be Republican VP nominee in 2012,4,0.2,Mar/27/2012 14:56:47
750232,REP.VP.2012.PETRAEUS,David Petraeus to be Republican VP nominee in 2012,9,0.2,Mar/27/2012 14:58:31
750232,REP.VP.2012.PETRAEUS,David Petraeus to be Republican VP nominee in 2012,5,0.2,Mar/27/2012 14:58:54
750232,REP.VP.2012.PETRAEUS,David Petraeus to be Republican VP nominee in 2012,3,0.2,Mar/27/2012 14:59:57
750232,REP.VP.2012.PETRAEUS,David Petraeus to be Republican VP nominee in 2012,1,0.2,Mar/27/2012 15:20:34
750232,REP.VP.2012.PETRAEUS,David Petraeus to be Republican VP nominee in 2012,1,0.2,Mar/27/2012 15:52:39
750232,REP.VP.2012.PETRAEUS,David Petraeus to be Republican VP nominee in 2012,1,0.2,Mar/27/2012 16:06:11
750232,REP.VP.2012.PETRAEUS,David Petraeus to be Republican VP nominee in 2012,3,0.2,Mar/27/2012 19:03:52
750232,REP.VP.2012.PETRAEUS,David Petraeus to be Republican VP nominee in 2012,20,0.2,Mar/27/2012 20:05:17
750232,REP.VP.2012.PETRAEUS,David Petraeus to be Republican VP nominee in 2012,12,0.2,Mar/27/2012 23:49:16
750232,REP.VP.2012.PETRAEUS,David Petraeus to be Republican VP nominee in 2012,8,0.2,Mar/27/2012 23:49:16
750232,REP.VP.2012.PETRAEUS,David Petraeus to be Republican VP nominee in 2012,42,0.2,Mar/28/2012 04:23:08
750232,REP.VP.2012.PETRAEUS,David Petraeus to be Republican VP nominee in 2012,58,0.2,Mar/28/2012 21:38:01
750232,REP.VP.2012.PETRAEUS,David Petraeus to be Republican VP nominee in 2012,1,0.2,Mar/28/2012 21:38:01
750232,REP.VP.2012.PETRAEUS,David Petraeus to be Republican VP nominee in 2012,100,0.2,Mar/31/2012 13:07:58
750232,REP.VP.2012.PETRAEUS,David Petraeus to be Republican VP nominee in 2012,1,0.2,Mar/31/2012 13:07:58
750232,REP.VP.2012.PETRAEUS,David Petraeus to be Republican VP nominee in 2012,100,0.2,Mar/31/2012 13:07:58
750232,REP.VP.2012.PETRAEUS,David Petraeus to be Republican VP nominee in 2012,25,0.2,Apr/01/2012 18:03:37
750232,REP.VP.2012.PETRAEUS,David Petraeus to be Republican VP nominee in 2012,1,0.2,Apr/01/2012 18:03:37
750232,REP.VP.2012.PETRAEUS,David Petraeus to be Republican VP nominee in 2012,74,0.2,Apr/01/2012 18:03:37
750232,REP.VP.2012.PETRAEUS,David Petraeus to be Republican VP nominee in 2012,100,0.2,Apr/01/2012 18:09:13
750232,REP.VP.2012.PETRAEUS,David Petraeus to be Republican VP nominee in 2012,10,0.2,Apr/02/2012 19:35:12
750232,REP.VP.2012.PETRAEUS,David Petraeus to be Republican VP nominee in 2012,128,0.2,Apr/03/2012 04:16:19
750232,REP.VP.2012.PETRAEUS,David Petraeus to be Republican VP nominee in 2012,50,0.2,Apr/03/2012 04:16:19
750232,REP.VP.2012.PETRAEUS,David Petraeus to be Republican VP nominee in 2012,1,0.2,Apr/03/2012 04:16:19
750232,REP.VP.2012.PETRAEUS,David Petraeus to be Republican VP nominee in 2012,1,0.2,Apr/03/2012 20:19:16
750232,REP.VP.2012.PETRAEUS,David Petraeus to be Republican VP nominee in 2012,10,0.1,Apr/03/2012 20:46:43
750232,REP.VP.2012.PETRAEUS,David Petraeus to be Republican VP nominee in 2012,10,0.1,Apr/03/2012 20:46:43
750232,REP.VP.2012.PETRAEUS,David Petraeus to be Republican VP nominee in 2012,5,0.2,Apr/04/2012 04:14:14
750232,REP.VP.2012.PETRAEUS,David Petraeus to be Republican VP nominee in 2012,5,0.1,Apr/04/2012 16:12:03
750232,REP.VP.2012.PETRAEUS,David Petraeus to be Republican VP nominee in 2012,20,0.1,Apr/04/2012 17:00:59
750232,REP.VP.2012.PETRAEUS,David Petraeus to be Republican VP nominee in 2012,94,0.2,Apr/04/2012 22:37:42
750232,REP.VP.2012.PETRAEUS,David Petraeus to be Republican VP nominee in 2012,1,0.2,Apr/04/2012 22:37:42
750232,REP.VP.2012.PETRAEUS,David Petraeus to be Republican VP nominee in 2012,10,0.2,Apr/04/2012 22:37:42
750232,REP.VP.2012.PETRAEUS,David Petraeus to be Republican VP nominee in 2012,19,0.2,Apr/04/2012 22:37:42
750232,REP.VP.2012.PETRAEUS,David Petraeus to be Republican VP nominee in 2012,5,0.2,Apr/04/2012 22:37:42
750232,REP.VP.2012.PETRAEUS,David Petraeus to be Republican VP nominee in 2012,100,0.2,Apr/04/2012 22:37:42
750232,REP.VP.2012.PETRAEUS,David Petraeus to be Republican VP nominee in 2012,50,0.2,Apr/04/2012 22:37:42
750232,REP.VP.2012.PETRAEUS,David Petraeus to be Republican VP nominee in 2012,20,0.2,Apr/05/2012 23:18:07
750232,REP.VP.2012.PETRAEUS,David Petraeus to be Republican VP nominee in 2012,20,0.1,Apr/06/2012 17:38:51
750232,REP.VP.2012.PETRAEUS,David Petraeus to be Republican VP nominee in 2012,4,0.2,Apr/06/2012 20:14:25
750232,REP.VP.2012.PETRAEUS,David Petraeus to be Republican VP nominee in 2012,20,0.1,Apr/07/2012 04:59:39
750232,REP.VP.2012.PETRAEUS,David Petraeus to be Republican VP nominee in 2012,11,0.2,Apr/07/2012 13:55:31
750232,REP.VP.2012.PETRAEUS,David Petraeus to be Republican VP nominee in 2012,1,0.2,Apr/07/2012 13:55:31
750232,REP.VP.2012.PETRAEUS,David Petraeus to be Republican VP nominee in 2012,50,0.2,Apr/07/2012 13:55:31
750232,REP.VP.2012.PETRAEUS,David Petraeus to be Republican VP nominee in 2012,100,0.2,Apr/07/2012 13:55:31
750232,REP.VP.2012.PETRAEUS,David Petraeus to be Republican VP nominee in 2012,50,0.2,Apr/07/2012 13:55:31
750232,REP.VP.2012.PETRAEUS,David Petraeus to be Republican VP nominee in 2012,6,0.1,Apr/07/2012 18:24:21
750232,REP.VP.2012.PETRAEUS,David Petraeus to be Republican VP nominee in 2012,3,0.1,Apr/09/2012 02:10:25
750232,REP.VP.2012.PETRAEUS,David Petraeus to be Republican VP nominee in 2012,1,0.1,Apr/09/2012 13:56:12
750232,REP.VP.2012.PETRAEUS,David Petraeus to be Republican VP nominee in 2012,5,0.1,Apr/09/2012 14:23:17
750232,REP.VP.2012.PETRAEUS,David Petraeus to be Republican VP nominee in 2012,5,0.1,Apr/09/2012 14:23:38
750232,REP.VP.2012.PETRAEUS,David Petraeus to be Republican VP nominee in 2012,5,0.1,Apr/09/2012 14:26:48
750232,REP.VP.2012.PETRAEUS,David Petraeus to be Republican VP nominee in 2012,4,0.1,Apr/09/2012 14:32:03
750232,REP.VP.2012.PETRAEUS,David Petraeus to be Republican VP nominee in 2012,18,0.1,Apr/09/2012 14:32:34
750232,REP.VP.2012.PETRAEUS,David Petraeus to be Republican VP nominee in 2012,100,0.2,Apr/10/2012 05:19:11
750232,REP.VP.2012.PETRAEUS,David Petraeus to be Republican VP nominee in 2012,50,0.2,Apr/10/2012 05:19:11
750232,REP.VP.2012.PETRAEUS,David Petraeus to be Republican VP nominee in 2012,40,0.2,Apr/10/2012 05:19:11
750232,REP.VP.2012.PETRAEUS,David Petraeus to be Republican VP nominee in 2012,1,0.2,Apr/10/2012 05:19:11
750232,REP.VP.2012.PETRAEUS,David Petraeus to be Republican VP nominee in 2012,4,0.2,Apr/10/2012 05:19:11
750232,REP.VP.2012.PETRAEUS,David Petraeus to be Republican VP nominee in 2012,100,0.2,Apr/10/2012 05:19:11
750232,REP.VP.2012.PETRAEUS,David Petraeus to be Republican VP nominee in 2012,30,0.2,Apr/10/2012 05:19:11
750232,REP.VP.2012.PETRAEUS,David Petraeus to be Republican VP nominee in 2012,1,0.3,Apr/10/2012 05:19:35
750232,REP.VP.2012.PETRAEUS,David Petraeus to be Republican VP nominee in 2012,49,0.3,Apr/10/2012 14:50:43
750232,REP.VP.2012.PETRAEUS,David Petraeus to be Republican VP nominee in 2012,1,0.3,Apr/10/2012 14:50:43
750232,REP.VP.2012.PETRAEUS,David Petraeus to be Republican VP nominee in 2012,10,0.4,Apr/10/2012 14:51:02
750232,REP.VP.2012.PETRAEUS,David Petraeus to be Republican VP nominee in 2012,50,0.4,Apr/10/2012 14:51:02
750232,REP.VP.2012.PETRAEUS,David Petraeus to be Republican VP nominee in 2012,1,0.4,Apr/10/2012 14:51:02
750232,REP.VP.2012.PETRAEUS,David Petraeus to be Republican VP nominee in 2012,6,0.5,Apr/10/2012 14:51:23
750232,REP.VP.2012.PETRAEUS,David Petraeus to be Republican VP nominee in 2012,50,0.5,Apr/10/2012 14:51:23
750232,REP.VP.2012.PETRAEUS,David Petraeus to be Republican VP nominee in 2012,100,0.5,Apr/10/2012 14:51:23
750232,REP.VP.2012.PETRAEUS,David Petraeus to be Republican VP nominee in 2012,1,0.5,Apr/10/2012 14:51:23
750232,REP.VP.2012.PETRAEUS,David Petraeus to be Republican VP nominee in 2012,5,0.6,Apr/10/2012 14:51:50
750232,REP.VP.2012.PETRAEUS,David Petraeus to be Republican VP nominee in 2012,50,0.6,Apr/10/2012 14:51:50
750232,REP.VP.2012.PETRAEUS,David Petraeus to be Republican VP nominee in 2012,1,0.6,Apr/10/2012 14:51:50
750232,REP.VP.2012.PETRAEUS,David Petraeus to be Republican VP nominee in 2012,1,0.4,Apr/11/2012 19:35:08
750232,REP.VP.2012.PETRAEUS,David Petraeus to be Republican VP nominee in 2012,3,0.4,Apr/11/2012 19:36:53
750232,REP.VP.2012.PETRAEUS,David Petraeus to be Republican VP nominee in 2012,4,0.5,Apr/11/2012 20:05:26
750232,REP.VP.2012.PETRAEUS,David Petraeus to be Republican VP nominee in 2012,1,0.5,Apr/11/2012 20:05:26
750232,REP.VP.2012.PETRAEUS,David Petraeus to be Republican VP nominee in 2012,4,0.5,Apr/11/2012 20:05:26
750232,REP.VP.2012.PETRAEUS,David Petraeus to be Republican VP nominee in 2012,1,0.6,Apr/11/2012 20:05:33
750232,REP.VP.2012.PETRAEUS,David Petraeus to be Republican VP nominee in 2012,20,0.4,Apr/11/2012 20:24:57
750232,REP.VP.2012.PETRAEUS,David Petraeus to be Republican VP nominee in 2012,15,0.4,Apr/11/2012 20:33:42
750232,REP.VP.2012.PETRAEUS,David Petraeus to be Republican VP nominee in 2012,20,0.4,Apr/11/2012 21:09:28
750232,REP.VP.2012.PETRAEUS,David Petraeus to be Republican VP nominee in 2012,10,0.5,Apr/13/2012 17:47:32
750232,REP.VP.2012.PETRAEUS,David Petraeus to be Republican VP nominee in 2012,2,0.4,Apr/14/2012 05:48:30
750232,REP.VP.2012.PETRAEUS,David Petraeus to be Republican VP nominee in 2012,23,0.3,Apr/14/2012 19:19:14
750232,REP.VP.2012.PETRAEUS,David Petraeus to be Republican VP nominee in 2012,5,0.3,Apr/16/2012 19:57:12
750232,REP.VP.2012.PETRAEUS,David Petraeus to be Republican VP nominee in 2012,1,0.3,Apr/16/2012 19:57:27
750232,REP.VP.2012.PETRAEUS,David Petraeus to be Republican VP nominee in 2012,4,0.3,Apr/17/2012 00:50:02
750232,REP.VP.2012.PETRAEUS,David Petraeus to be Republican VP nominee in 2012,17,0.3,Apr/18/2012 03:45:19
750232,REP.VP.2012.PETRAEUS,David Petraeus to be Republican VP nominee in 2012,5,0.3,Apr/18/2012 03:45:19
750232,REP.VP.2012.PETRAEUS,David Petraeus to be Republican VP nominee in 2012,3,0.3,Apr/18/2012 16:02:54
750232,REP.VP.2012.PETRAEUS,David Petraeus to be Republican VP nominee in 2012,15,0.2,Apr/19/2012 02:34:32
750232,REP.VP.2012.PETRAEUS,David Petraeus to be Republican VP nominee in 2012,6,0.2,Apr/19/2012 02:34:32
750232,REP.VP.2012.PETRAEUS,David Petraeus to be Republican VP nominee in 2012,28,0.1,Apr/19/2012 17:00:33
750232,REP.VP.2012.PETRAEUS,David Petraeus to be Republican VP nominee in 2012,20,0.1,Apr/19/2012 17:00:33
750232,REP.VP.2012.PETRAEUS,David Petraeus to be Republican VP nominee in 2012,2,0.1,Apr/19/2012 17:00:33
750232,REP.VP.2012.PETRAEUS,David Petraeus to be Republican VP nominee in 2012,40,0.1,Apr/19/2012 19:33:23
750232,REP.VP.2012.PETRAEUS,David Petraeus to be Republican VP nominee in 2012,25,0.2,Apr/19/2012 19:52:06
750232,REP.VP.2012.PETRAEUS,David Petraeus to be Republican VP nominee in 2012,1,0.1,Apr/20/2012 21:32:56
750232,REP.VP.2012.PETRAEUS,David Petraeus to be Republican VP nominee in 2012,4,0.1,Apr/21/2012 04:05:34
750232,REP.VP.2012.PETRAEUS,David Petraeus to be Republican VP nominee in 2012,1,0.1,Apr/21/2012 06:01:39
750232,REP.VP.2012.PETRAEUS,David Petraeus to be Republican VP nominee in 2012,2,0.1,Apr/21/2012 06:19:25
750232,REP.VP.2012.PETRAEUS,David Petraeus to be Republican VP nominee in 2012,1,0.1,Apr/21/2012 07:23:13
750232,REP.VP.2012.PETRAEUS,David Petraeus to be Republican VP nominee in 2012,54,0.2,Apr/22/2012 07:58:40
750232,REP.VP.2012.PETRAEUS,David Petraeus to be Republican VP nominee in 2012,1,0.2,Apr/22/2012 07:58:40
750232,REP.VP.2012.PETRAEUS,David Petraeus to be Republican VP nominee in 2012,4,0.2,Apr/22/2012 07:58:40
750232,REP.VP.2012.PETRAEUS,David Petraeus to be Republican VP nominee in 2012,100,0.2,Apr/22/2012 07:58:40
750232,REP.VP.2012.PETRAEUS,David Petraeus to be Republican VP nominee in 2012,28,0.2,Apr/22/2012 07:58:40
750232,REP.VP.2012.PETRAEUS,David Petraeus to be Republican VP nominee in 2012,100,0.2,Apr/22/2012 07:58:40
750232,REP.VP.2012.PETRAEUS,David Petraeus to be Republican VP nominee in 2012,100,0.2,Apr/24/2012 10:27:43
750232,REP.VP.2012.PETRAEUS,David Petraeus to be Republican VP nominee in 2012,1,0.2,Apr/24/2012 10:27:43
750232,REP.VP.2012.PETRAEUS,David Petraeus to be Republican VP nominee in 2012,100,0.2,Apr/24/2012 10:27:43
750232,REP.VP.2012.PETRAEUS,David Petraeus to be Republican VP nominee in 2012,100,0.2,Apr/24/2012 10:27:43
750232,REP.VP.2012.PETRAEUS,David Petraeus to be Republican VP nominee in 2012,40,0.5,Apr/24/2012 18:23:13
750232,REP.VP.2012.PETRAEUS,David Petraeus to be Republican VP nominee in 2012,1,0.5,Apr/24/2012 18:23:13
750232,REP.VP.2012.PETRAEUS,David Petraeus to be Republican VP nominee in 2012,27,0.5,Apr/24/2012 18:23:13
750232,REP.VP.2012.PETRAEUS,David Petraeus to be Republican VP nominee in 2012,1,0.4,Apr/24/2012 18:23:13
750232,REP.VP.2012.PETRAEUS,David Petraeus to be Republican VP nominee in 2012,50,0.4,Apr/24/2012 18:23:13
750232,REP.VP.2012.PETRAEUS,David Petraeus to be Republican VP nominee in 2012,75,0.3,Apr/24/2012 18:23:13
750232,REP.VP.2012.PETRAEUS,David Petraeus to be Republican VP nominee in 2012,1,0.3,Apr/24/2012 18:23:13
750232,REP.VP.2012.PETRAEUS,David Petraeus to be Republican VP nominee in 2012,4,0.2,Apr/24/2012 18:23:13
750232,REP.VP.2012.PETRAEUS,David Petraeus to be Republican VP nominee in 2012,1,0.2,Apr/24/2012 18:23:13
750232,REP.VP.2012.PETRAEUS,David Petraeus to be Republican VP nominee in 2012,5,0.1,Apr/25/2012 21:06:55
750232,REP.VP.2012.PETRAEUS,David Petraeus to be Republican VP nominee in 2012,5,0.1,Apr/25/2012 21:13:17
750232,REP.VP.2012.PETRAEUS,David Petraeus to be Republican VP nominee in 2012,5,0.1,Apr/25/2012 21:19:17
750232,REP.VP.2012.PETRAEUS,David Petraeus to be Republican VP nominee in 2012,20,0.1,Apr/26/2012 02:50:51
750232,REP.VP.2012.PETRAEUS,David Petraeus to be Republican VP nominee in 2012,65,0.2,Apr/26/2012 08:43:00
750232,REP.VP.2012.PETRAEUS,David Petraeus to be Republican VP nominee in 2012,1,0.2,Apr/26/2012 08:43:00
750232,REP.VP.2012.PETRAEUS,David Petraeus to be Republican VP nominee in 2012,50,0.3,Apr/27/2012 03:22:48
750232,REP.VP.2012.PETRAEUS,David Petraeus to be Republican VP nominee in 2012,1,0.3,Apr/27/2012 03:22:48
750232,REP.VP.2012.PETRAEUS,David Petraeus to be Republican VP nominee in 2012,50,0.2,Apr/28/2012 04:29:23
750232,REP.VP.2012.PETRAEUS,David Petraeus to be Republican VP nominee in 2012,50,0.2,Apr/28/2012 04:35:55
750232,REP.VP.2012.PETRAEUS,David Petraeus to be Republican VP nominee in 2012,50,0.2,Apr/28/2012 04:54:21
750232,REP.VP.2012.PETRAEUS,David Petraeus to be Republican VP nominee in 2012,1,0.2,Apr/28/2012 04:54:21
750232,REP.VP.2012.PETRAEUS,David Petraeus to be Republican VP nominee in 2012,1,0.2,May/02/2012 17:56:57
750232,REP.VP.2012.PETRAEUS,David Petraeus to be Republican VP nominee in 2012,1,0.2,May/02/2012 17:57:18
750232,REP.VP.2012.PETRAEUS,David Petraeus to be Republican VP nominee in 2012,2,0.1,May/02/2012 17:57:59
750232,REP.VP.2012.PETRAEUS,David Petraeus to be Republican VP nominee in 2012,6,0.1,May/02/2012 17:58:39
750232,REP.VP.2012.PETRAEUS,David Petraeus to be Republican VP nominee in 2012,4,0.1,May/02/2012 17:59:41
750232,REP.VP.2012.PETRAEUS,David Petraeus to be Republican VP nominee in 2012,6,0.1,May/02/2012 18:00:03
750232,REP.VP.2012.PETRAEUS,David Petraeus to be Republican VP nominee in 2012,4,0.1,May/02/2012 18:00:24
750232,REP.VP.2012.PETRAEUS,David Petraeus to be Republican VP nominee in 2012,1,0.1,May/02/2012 18:01:28
750232,REP.VP.2012.PETRAEUS,David Petraeus to be Republican VP nominee in 2012,100,0.2,May/03/2012 04:03:21
750232,REP.VP.2012.PETRAEUS,David Petraeus to be Republican VP nominee in 2012,1,0.2,May/03/2012 09:58:05
750232,REP.VP.2012.PETRAEUS,David Petraeus to be Republican VP nominee in 2012,46,0.2,May/03/2012 09:58:05
750232,REP.VP.2012.PETRAEUS,David Petraeus to be Republican VP nominee in 2012,50,0.3,May/03/2012 11:08:15
750232,REP.VP.2012.PETRAEUS,David Petraeus to be Republican VP nominee in 2012,1,0.3,May/03/2012 11:08:15
750232,REP.VP.2012.PETRAEUS,David Petraeus to be Republican VP nominee in 2012,25,0.3,May/03/2012 15:14:55
750232,REP.VP.2012.PETRAEUS,David Petraeus to be Republican VP nominee in 2012,44,0.3,May/03/2012 18:31:43
750232,REP.VP.2012.PETRAEUS,David Petraeus to be Republican VP nominee in 2012,2,0.3,May/03/2012 18:31:43
750232,REP.VP.2012.PETRAEUS,David Petraeus to be Republican VP nominee in 2012,50,0.2,May/03/2012 19:52:16
750232,REP.VP.2012.PETRAEUS,David Petraeus to be Republican VP nominee in 2012,1,0.2,May/03/2012 19:52:16
750232,REP.VP.2012.PETRAEUS,David Petraeus to be Republican VP nominee in 2012,4,0.3,May/03/2012 19:54:52
750232,REP.VP.2012.PETRAEUS,David Petraeus to be Republican VP nominee in 2012,50,0.3,May/03/2012 19:54:52
750232,REP.VP.2012.PETRAEUS,David Petraeus to be Republican VP nominee in 2012,1,0.3,May/03/2012 19:54:52
750232,REP.VP.2012.PETRAEUS,David Petraeus to be Republican VP nominee in 2012,50,0.4,May/04/2012 14:28:44
750232,REP.VP.2012.PETRAEUS,David Petraeus to be Republican VP nominee in 2012,1,0.4,May/04/2012 14:28:44
750232,REP.VP.2012.PETRAEUS,David Petraeus to be Republican VP nominee in 2012,11,0.4,May/04/2012 14:28:44
750232,REP.VP.2012.PETRAEUS,David Petraeus to be Republican VP nominee in 2012,15,0.4,May/04/2012 14:28:44
750232,REP.VP.2012.PETRAEUS,David Petraeus to be Republican VP nominee in 2012,73,0.5,May/04/2012 14:29:15
750232,REP.VP.2012.PETRAEUS,David Petraeus to be Republican VP nominee in 2012,25,0.5,May/04/2012 14:29:15
750232,REP.VP.2012.PETRAEUS,David Petraeus to be Republican VP nominee in 2012,50,0.5,May/04/2012 14:29:15
750232,REP.VP.2012.PETRAEUS,David Petraeus to be Republican VP nominee in 2012,100,0.5,May/04/2012 14:29:15
750232,REP.VP.2012.PETRAEUS,David Petraeus to be Republican VP nominee in 2012,50,0.5,May/04/2012 14:29:15
750232,REP.VP.2012.PETRAEUS,David Petraeus to be Republican VP nominee in 2012,50,0.5,May/04/2012 14:29:15
750232,REP.VP.2012.PETRAEUS,David Petraeus to be Republican VP nominee in 2012,1,0.5,May/04/2012 14:29:15
750232,REP.VP.2012.PETRAEUS,David Petraeus to be Republican VP nominee in 2012,100,0.5,May/04/2012 14:29:15
750232,REP.VP.2012.PETRAEUS,David Petraeus to be Republican VP nominee in 2012,50,0.5,May/04/2012 14:29:15
750232,REP.VP.2012.PETRAEUS,David Petraeus to be Republican VP nominee in 2012,1,0.6,May/04/2012 15:15:37
750232,REP.VP.2012.PETRAEUS,David Petraeus to be Republican VP nominee in 2012,2,0.6,May/04/2012 15:15:37
750232,REP.VP.2012.PETRAEUS,David Petraeus to be Republican VP nominee in 2012,17,0.6,May/04/2012 15:15:37
750232,REP.VP.2012.PETRAEUS,David Petraeus to be Republican VP nominee in 2012,33,0.6,May/04/2012 15:24:25
750232,REP.VP.2012.PETRAEUS,David Petraeus to be Republican VP nominee in 2012,6,0.6,May/04/2012 15:24:25
750232,REP.VP.2012.PETRAEUS,David Petraeus to be Republican VP nominee in 2012,1,0.6,May/04/2012 15:24:25
750232,REP.VP.2012.PETRAEUS,David Petraeus to be Republican VP nominee in 2012,8,0.6,May/04/2012 17:02:06
750232,REP.VP.2012.PETRAEUS,David Petraeus to be Republican VP nominee in 2012,1,0.6,May/04/2012 17:02:06
750232,REP.VP.2012.PETRAEUS,David Petraeus to be Republican VP nominee in 2012,3,0.7,May/04/2012 19:00:49
750232,REP.VP.2012.PETRAEUS,David Petraeus to be Republican VP nominee in 2012,47,0.7,May/04/2012 19:00:49
750232,REP.VP.2012.PETRAEUS,David Petraeus to be Republican VP nominee in 2012,10,0.6,May/04/2012 23:01:35
750232,REP.VP.2012.PETRAEUS,David Petraeus to be Republican VP nominee in 2012,1,0.5,May/04/2012 23:28:38
750232,REP.VP.2012.PETRAEUS,David Petraeus to be Republican VP nominee in 2012,40,0.6,May/05/2012 00:39:14
750232,REP.VP.2012.PETRAEUS,David Petraeus to be Republican VP nominee in 2012,1,0.6,May/05/2012 00:39:14
750232,REP.VP.2012.PETRAEUS,David Petraeus to be Republican VP nominee in 2012,100,0.5,May/05/2012 16:51:22
750232,REP.VP.2012.PETRAEUS,David Petraeus to be Republican VP nominee in 2012,50,0.5,May/06/2012 16:06:10
750232,REP.VP.2012.PETRAEUS,David Petraeus to be Republican VP nominee in 2012,100,0.5,May/06/2012 17:57:03
750232,REP.VP.2012.PETRAEUS,David Petraeus to be Republican VP nominee in 2012,100,0.5,May/06/2012 18:42:12
750232,REP.VP.2012.PETRAEUS,David Petraeus to be Republican VP nominee in 2012,1,0.5,May/07/2012 01:43:42
750232,REP.VP.2012.PETRAEUS,David Petraeus to be Republican VP nominee in 2012,10,0.5,May/07/2012 17:57:01
750232,REP.VP.2012.PETRAEUS,David Petraeus to be Republican VP nominee in 2012,50,0.6,May/07/2012 17:57:10
750232,REP.VP.2012.PETRAEUS,David Petraeus to be Republican VP nominee in 2012,1,0.6,May/07/2012 17:57:10
750232,REP.VP.2012.PETRAEUS,David Petraeus to be Republican VP nominee in 2012,3,0.7,May/07/2012 17:57:26
750232,REP.VP.2012.PETRAEUS,David Petraeus to be Republican VP nominee in 2012,1,0.7,May/07/2012 17:57:26
750232,REP.VP.2012.PETRAEUS,David Petraeus to be Republican VP nominee in 2012,10,0.7,May/07/2012 17:57:26
750232,REP.VP.2012.PETRAEUS,David Petraeus to be Republican VP nominee in 2012,21,0.7,May/07/2012 17:57:26
750232,REP.VP.2012.PETRAEUS,David Petraeus to be Republican VP nominee in 2012,50,0.5,May/07/2012 21:31:31
750232,REP.VP.2012.PETRAEUS,David Petraeus to be Republican VP nominee in 2012,1,0.5,May/07/2012 21:31:31
750232,REP.VP.2012.PETRAEUS,David Petraeus to be Republican VP nominee in 2012,100,0.5,May/07/2012 21:31:31
750232,REP.VP.2012.PETRAEUS,David Petraeus to be Republican VP nominee in 2012,5,0.4,May/10/2012 14:19:18
750232,REP.VP.2012.PETRAEUS,David Petraeus to be Republican VP nominee in 2012,1,0.4,May/10/2012 14:19:18
750232,REP.VP.2012.PETRAEUS,David Petraeus to be Republican VP nominee in 2012,40,0.6,May/10/2012 16:04:20
750232,REP.VP.2012.PETRAEUS,David Petraeus to be Republican VP nominee in 2012,10,0.5,May/10/2012 19:02:59
750232,REP.VP.2012.PETRAEUS,David Petraeus to be Republican VP nominee in 2012,40,0.5,May/11/2012 02:20:57
750232,REP.VP.2012.PETRAEUS,David Petraeus to be Republican VP nominee in 2012,1,0.5,May/11/2012 02:20:57
750232,REP.VP.2012.PETRAEUS,David Petraeus to be Republican VP nominee in 2012,9,0.6,May/11/2012 03:09:30
750232,REP.VP.2012.PETRAEUS,David Petraeus to be Republican VP nominee in 2012,50,0.5,May/11/2012 14:29:29
750232,REP.VP.2012.PETRAEUS,David Petraeus to be Republican VP nominee in 2012,1,0.5,May/11/2012 14:29:29
750232,REP.VP.2012.PETRAEUS,David Petraeus to be Republican VP nominee in 2012,100,0.5,May/11/2012 14:29:29
750232,REP.VP.2012.PETRAEUS,David Petraeus to be Republican VP nominee in 2012,3,0.8,May/11/2012 14:33:16
750232,REP.VP.2012.PETRAEUS,David Petraeus to be Republican VP nominee in 2012,4,0.9,May/11/2012 14:33:16
750232,REP.VP.2012.PETRAEUS,David Petraeus to be Republican VP nominee in 2012,50,0.8,May/11/2012 14:33:16
750232,REP.VP.2012.PETRAEUS,David Petraeus to be Republican VP nominee in 2012,10,0.9,May/11/2012 14:33:16
750232,REP.VP.2012.PETRAEUS,David Petraeus to be Republican VP nominee in 2012,29,0.7,May/11/2012 14:33:16
750232,REP.VP.2012.PETRAEUS,David Petraeus to be Republican VP nominee in 2012,50,0.7,May/11/2012 14:33:16
750232,REP.VP.2012.PETRAEUS,David Petraeus to be Republican VP nominee in 2012,1,0.6,May/11/2012 14:33:16
750232,REP.VP.2012.PETRAEUS,David Petraeus to be Republican VP nominee in 2012,50,0.6,May/11/2012 14:33:16
750232,REP.VP.2012.PETRAEUS,David Petraeus to be Republican VP nominee in 2012,1,0.6,May/11/2012 14:33:16
750232,REP.VP.2012.PETRAEUS,David Petraeus to be Republican VP nominee in 2012,1,0.7,May/11/2012 14:33:16
750232,REP.VP.2012.PETRAEUS,David Petraeus to be Republican VP nominee in 2012,1,0.8,May/11/2012 14:33:16
750232,REP.VP.2012.PETRAEUS,David Petraeus to be Republican VP nominee in 2012,10,0.9,May/11/2012 21:11:31
750232,REP.VP.2012.PETRAEUS,David Petraeus to be Republican VP nominee in 2012,50,0.6,May/12/2012 18:59:03
750232,REP.VP.2012.PETRAEUS,David Petraeus to be Republican VP nominee in 2012,1,0.6,May/12/2012 18:59:03
750232,REP.VP.2012.PETRAEUS,David Petraeus to be Republican VP nominee in 2012,49,0.7,May/12/2012 19:02:36
750232,REP.VP.2012.PETRAEUS,David Petraeus to be Republican VP nominee in 2012,13,0.8,May/12/2012 19:03:16
750232,REP.VP.2012.PETRAEUS,David Petraeus to be Republican VP nominee in 2012,1,0.7,May/12/2012 19:03:16
750232,REP.VP.2012.PETRAEUS,David Petraeus to be Republican VP nominee in 2012,1,0.7,May/12/2012 19:03:16
750232,REP.VP.2012.PETRAEUS,David Petraeus to be Republican VP nominee in 2012,50,0.5,May/14/2012 09:22:44
750232,REP.VP.2012.PETRAEUS,David Petraeus to be Republican VP nominee in 2012,1,0.5,May/14/2012 09:22:44
750232,REP.VP.2012.PETRAEUS,David Petraeus to be Republican VP nominee in 2012,50,0.5,May/14/2012 16:45:38
750232,REP.VP.2012.PETRAEUS,David Petraeus to be Republican VP nominee in 2012,50,0.5,May/14/2012 20:11:46
750232,REP.VP.2012.PETRAEUS,David Petraeus to be Republican VP nominee in 2012,100,0.5,May/14/2012 21:00:48
750232,REP.VP.2012.PETRAEUS,David Petraeus to be Republican VP nominee in 2012,100,0.5,May/14/2012 22:47:49
750232,REP.VP.2012.PETRAEUS,David Petraeus to be Republican VP nominee in 2012,2,0.4,May/16/2012 02:24:58
750232,REP.VP.2012.PETRAEUS,David Petraeus to be Republican VP nominee in 2012,21,0.4,May/16/2012 02:24:58
750232,REP.VP.2012.PETRAEUS,David Petraeus to be Republican VP nominee in 2012,5,0.3,May/16/2012 18:45:31
750232,REP.VP.2012.PETRAEUS,David Petraeus to be Republican VP nominee in 2012,27,0.4,May/17/2012 12:49:02
750232,REP.VP.2012.PETRAEUS,David Petraeus to be Republican VP nominee in 2012,1,0.4,May/17/2012 12:49:02
750232,REP.VP.2012.PETRAEUS,David Petraeus to be Republican VP nominee in 2012,9,0.4,May/18/2012 04:45:25
750232,REP.VP.2012.PETRAEUS,David Petraeus to be Republican VP nominee in 2012,15,0.4,May/18/2012 05:01:10
750232,REP.VP.2012.PETRAEUS,David Petraeus to be Republican VP nominee in 2012,70,0.3,May/18/2012 17:08:52
750232,REP.VP.2012.PETRAEUS,David Petraeus to be Republican VP nominee in 2012,50,0.5,May/19/2012 14:48:19
750232,REP.VP.2012.PETRAEUS,David Petraeus to be Republican VP nominee in 2012,1,0.5,May/19/2012 14:48:19
750232,REP.VP.2012.PETRAEUS,David Petraeus to be Republican VP nominee in 2012,49,0.5,May/19/2012 14:48:19
750232,REP.VP.2012.PETRAEUS,David Petraeus to be Republican VP nominee in 2012,12,0.3,May/21/2012 17:19:19
750232,REP.VP.2012.PETRAEUS,David Petraeus to be Republican VP nominee in 2012,40,0.3,May/23/2012 15:09:19
750232,REP.VP.2012.PETRAEUS,David Petraeus to be Republican VP nominee in 2012,30,0.3,May/23/2012 15:11:47
750232,REP.VP.2012.PETRAEUS,David Petraeus to be Republican VP nominee in 2012,12,0.3,May/23/2012 15:21:14
750232,REP.VP.2012.PETRAEUS,David Petraeus to be Republican VP nominee in 2012,2,0.3,May/23/2012 16:01:32
750232,REP.VP.2012.PETRAEUS,David Petraeus to be Republican VP nominee in 2012,4,0.3,May/23/2012 16:02:29
750232,REP.VP.2012.PETRAEUS,David Petraeus to be Republican VP nominee in 2012,8,0.3,May/23/2012 16:03:14
750232,REP.VP.2012.PETRAEUS,David Petraeus to be Republican VP nominee in 2012,2,0.3,May/23/2012 16:03:31
750232,REP.VP.2012.PETRAEUS,David Petraeus to be Republican VP nominee in 2012,13,0.3,May/23/2012 16:09:09
750232,REP.VP.2012.PETRAEUS,David Petraeus to be Republican VP nominee in 2012,37,0.3,May/23/2012 16:09:09
750232,REP.VP.2012.PETRAEUS,David Petraeus to be Republican VP nominee in 2012,1,0.3,May/23/2012 16:27:26
750232,REP.VP.2012.PETRAEUS,David Petraeus to be Republican VP nominee in 2012,10,0.2,May/23/2012 16:27:30
750232,REP.VP.2012.PETRAEUS,David Petraeus to be Republican VP nominee in 2012,3,0.2,May/23/2012 16:27:30
750232,REP.VP.2012.PETRAEUS,David Petraeus to be Republican VP nominee in 2012,37,0.2,May/23/2012 17:35:08
750232,REP.VP.2012.PETRAEUS,David Petraeus to be Republican VP nominee in 2012,1,0.2,May/23/2012 17:35:08
750232,REP.VP.2012.PETRAEUS,David Petraeus to be Republican VP nominee in 2012,10,0.3,May/24/2012 06:55:29
750232,REP.VP.2012.PETRAEUS,David Petraeus to be Republican VP nominee in 2012,39,0.3,May/24/2012 15:34:54
750232,REP.VP.2012.PETRAEUS,David Petraeus to be Republican VP nominee in 2012,1,0.3,May/24/2012 15:34:54
750232,REP.VP.2012.PETRAEUS,David Petraeus to be Republican VP nominee in 2012,51,0.5,May/25/2012 02:16:05
750232,REP.VP.2012.PETRAEUS,David Petraeus to be Republican VP nominee in 2012,100,0.5,May/25/2012 02:16:05
750232,REP.VP.2012.PETRAEUS,David Petraeus to be Republican VP nominee in 2012,21,0.5,May/25/2012 02:16:05
750232,REP.VP.2012.PETRAEUS,David Petraeus to be Republican VP nominee in 2012,100,0.5,May/25/2012 02:16:05
750232,REP.VP.2012.PETRAEUS,David Petraeus to be Republican VP nominee in 2012,10,0.5,May/25/2012 02:16:05
750232,REP.VP.2012.PETRAEUS,David Petraeus to be Republican VP nominee in 2012,100,0.5,May/25/2012 02:16:05
750232,REP.VP.2012.PETRAEUS,David Petraeus to be Republican VP nominee in 2012,1,0.5,May/25/2012 02:16:05
750232,REP.VP.2012.PETRAEUS,David Petraeus to be Republican VP nominee in 2012,100,0.5,May/25/2012 02:16:05
750232,REP.VP.2012.PETRAEUS,David Petraeus to be Republican VP nominee in 2012,100,0.5,May/25/2012 02:16:05
750232,REP.VP.2012.PETRAEUS,David Petraeus to be Republican VP nominee in 2012,50,0.4,May/25/2012 02:16:05
750232,REP.VP.2012.PETRAEUS,David Petraeus to be Republican VP nominee in 2012,1,0.4,May/25/2012 02:16:05
750232,REP.VP.2012.PETRAEUS,David Petraeus to be Republican VP nominee in 2012,50,0.6,May/25/2012 05:42:21
750232,REP.VP.2012.PETRAEUS,David Petraeus to be Republican VP nominee in 2012,1,0.6,May/25/2012 05:42:21
750232,REP.VP.2012.PETRAEUS,David Petraeus to be Republican VP nominee in 2012,99,0.6,May/25/2012 21:41:50
750232,REP.VP.2012.PETRAEUS,David Petraeus to be Republican VP nominee in 2012,50,0.5,May/25/2012 22:26:42
750232,REP.VP.2012.PETRAEUS,David Petraeus to be Republican VP nominee in 2012,52,0.5,May/26/2012 02:26:38
750232,REP.VP.2012.PETRAEUS,David Petraeus to be Republican VP nominee in 2012,65,0.4,May/28/2012 02:49:00
750232,REP.VP.2012.PETRAEUS,David Petraeus to be Republican VP nominee in 2012,50,0.5,May/28/2012 22:52:20
750232,REP.VP.2012.PETRAEUS,David Petraeus to be Republican VP nominee in 2012,1,0.5,May/28/2012 22:52:20
750232,REP.VP.2012.PETRAEUS,David Petraeus to be Republican VP nominee in 2012,50,0.6,May/28/2012 22:52:34
750232,REP.VP.2012.PETRAEUS,David Petraeus to be Republican VP nominee in 2012,1,0.6,May/28/2012 22:52:34
750232,REP.VP.2012.PETRAEUS,David Petraeus to be Republican VP nominee in 2012,50,0.7,May/28/2012 22:52:52
750232,REP.VP.2012.PETRAEUS,David Petraeus to be Republican VP nominee in 2012,1,0.7,May/28/2012 22:52:52
750232,REP.VP.2012.PETRAEUS,David Petraeus to be Republican VP nominee in 2012,37,0.8,May/28/2012 22:53:21
750232,REP.VP.2012.PETRAEUS,David Petraeus to be Republican VP nominee in 2012,5,0.8,May/28/2012 22:53:21
750232,REP.VP.2012.PETRAEUS,David Petraeus to be Republican VP nominee in 2012,1,0.8,May/28/2012 22:53:21
750232,REP.VP.2012.PETRAEUS,David Petraeus to be Republican VP nominee in 2012,80,0.5,May/29/2012 14:36:15
750232,REP.VP.2012.PETRAEUS,David Petraeus to be Republican VP nominee in 2012,50,0.4,May/30/2012 05:02:42
750232,REP.VP.2012.PETRAEUS,David Petraeus to be Republican VP nominee in 2012,100,0.5,May/30/2012 17:02:11
750232,REP.VP.2012.PETRAEUS,David Petraeus to be Republican VP nominee in 2012,1,0.5,May/30/2012 17:02:11
750232,REP.VP.2012.PETRAEUS,David Petraeus to be Republican VP nominee in 2012,99,0.5,May/30/2012 17:02:11
750232,REP.VP.2012.PETRAEUS,David Petraeus to be Republican VP nominee in 2012,10,0.4,May/30/2012 19:40:48
750232,REP.VP.2012.PETRAEUS,David Petraeus to be Republican VP nominee in 2012,1,0.5,May/30/2012 19:52:44
750232,REP.VP.2012.PETRAEUS,David Petraeus to be Republican VP nominee in 2012,1,0.5,May/30/2012 19:52:44
750232,REP.VP.2012.PETRAEUS,David Petraeus to be Republican VP nominee in 2012,98,0.5,May/30/2012 19:52:44
750232,REP.VP.2012.PETRAEUS,David Petraeus to be Republican VP nominee in 2012,2,0.5,May/31/2012 03:08:27
750232,REP.VP.2012.PETRAEUS,David Petraeus to be Republican VP nominee in 2012,1,0.5,May/31/2012 03:08:27
750232,REP.VP.2012.PETRAEUS,David Petraeus to be Republican VP nominee in 2012,17,0.5,May/31/2012 03:08:27
750232,REP.VP.2012.PETRAEUS,David Petraeus to be Republican VP nominee in 2012,70,0.4,May/31/2012 05:03:00
750232,REP.VP.2012.PETRAEUS,David Petraeus to be Republican VP nominee in 2012,13,0.4,May/31/2012 05:08:34
750232,REP.VP.2012.PETRAEUS,David Petraeus to be Republican VP nominee in 2012,5,0.4,May/31/2012 05:11:58
750232,REP.VP.2012.PETRAEUS,David Petraeus to be Republican VP nominee in 2012,100,0.4,Jun/01/2012 06:55:00
750232,REP.VP.2012.PETRAEUS,David Petraeus to be Republican VP nominee in 2012,23,0.4,Jun/01/2012 14:28:38
750232,REP.VP.2012.PETRAEUS,David Petraeus to be Republican VP nominee in 2012,40,0.4,Jun/02/2012 03:32:10
750232,REP.VP.2012.PETRAEUS,David Petraeus to be Republican VP nominee in 2012,100,0.4,Jun/02/2012 15:30:05
750232,REP.VP.2012.PETRAEUS,David Petraeus to be Republican VP nominee in 2012,30,0.4,Jun/03/2012 07:45:42
750232,REP.VP.2012.PETRAEUS,David Petraeus to be Republican VP nominee in 2012,10,0.4,Jun/05/2012 20:02:19
750232,REP.VP.2012.PETRAEUS,David Petraeus to be Republican VP nominee in 2012,100,0.4,Jun/05/2012 22:06:54
750232,REP.VP.2012.PETRAEUS,David Petraeus to be Republican VP nominee in 2012,120,0.4,Jun/06/2012 17:51:21
750232,REP.VP.2012.PETRAEUS,David Petraeus to be Republican VP nominee in 2012,18,0.4,Jun/06/2012 19:47:15
750232,REP.VP.2012.PETRAEUS,David Petraeus to be Republican VP nominee in 2012,46,0.4,Jun/06/2012 23:13:59
750232,REP.VP.2012.PETRAEUS,David Petraeus to be Republican VP nominee in 2012,10,0.4,Jun/06/2012 23:13:59
750232,REP.VP.2012.PETRAEUS,David Petraeus to be Republican VP nominee in 2012,21,0.4,Jun/06/2012 23:13:59
750232,REP.VP.2012.PETRAEUS,David Petraeus to be Republican VP nominee in 2012,10,0.3,Jun/07/2012 21:44:07
750232,REP.VP.2012.PETRAEUS,David Petraeus to be Republican VP nominee in 2012,83,0.5,Jun/08/2012 14:46:41
750232,REP.VP.2012.PETRAEUS,David Petraeus to be Republican VP nominee in 2012,100,0.5,Jun/08/2012 14:46:41
750232,REP.VP.2012.PETRAEUS,David Petraeus to be Republican VP nominee in 2012,100,0.5,Jun/08/2012 14:46:41
750232,REP.VP.2012.PETRAEUS,David Petraeus to be Republican VP nominee in 2012,100,0.5,Jun/08/2012 14:46:41
750232,REP.VP.2012.PETRAEUS,David Petraeus to be Republican VP nominee in 2012,100,0.5,Jun/08/2012 14:46:41
750232,REP.VP.2012.PETRAEUS,David Petraeus to be Republican VP nominee in 2012,90,0.5,Jun/08/2012 14:46:41
750232,REP.VP.2012.PETRAEUS,David Petraeus to be Republican VP nominee in 2012,23,0.4,Jun/08/2012 14:46:41
750232,REP.VP.2012.PETRAEUS,David Petraeus to be Republican VP nominee in 2012,1,0.4,Jun/08/2012 14:46:41
750232,REP.VP.2012.PETRAEUS,David Petraeus to be Republican VP nominee in 2012,90,0.3,Jun/08/2012 14:46:41
750232,REP.VP.2012.PETRAEUS,David Petraeus to be Republican VP nominee in 2012,1,0.3,Jun/08/2012 14:46:41
750232,REP.VP.2012.PETRAEUS,David Petraeus to be Republican VP nominee in 2012,1,0.4,Jun/08/2012 14:46:41
750232,REP.VP.2012.PETRAEUS,David Petraeus to be Republican VP nominee in 2012,11,0.4,Jun/08/2012 14:46:41
750232,REP.VP.2012.PETRAEUS,David Petraeus to be Republican VP nominee in 2012,10,0.5,Jun/09/2012 10:54:33
750232,REP.VP.2012.PETRAEUS,David Petraeus to be Republican VP nominee in 2012,20,0.5,Jun/09/2012 10:54:33
750232,REP.VP.2012.PETRAEUS,David Petraeus to be Republican VP nominee in 2012,1,0.5,Jun/09/2012 10:54:33
750232,REP.VP.2012.PETRAEUS,David Petraeus to be Republican VP nominee in 2012,100,0.5,Jun/09/2012 10:54:33
750232,REP.VP.2012.PETRAEUS,David Petraeus to be Republican VP nominee in 2012,100,0.5,Jun/09/2012 10:54:33
750232,REP.VP.2012.PETRAEUS,David Petraeus to be Republican VP nominee in 2012,100,0.5,Jun/09/2012 10:54:33
750232,REP.VP.2012.PETRAEUS,David Petraeus to be Republican VP nominee in 2012,50,0.6,Jun/09/2012 10:55:17
750232,REP.VP.2012.PETRAEUS,David Petraeus to be Republican VP nominee in 2012,1,0.6,Jun/09/2012 10:55:17
750232,REP.VP.2012.PETRAEUS,David Petraeus to be Republican VP nominee in 2012,608,0.6,Jun/09/2012 10:55:17
750232,REP.VP.2012.PETRAEUS,David Petraeus to be Republican VP nominee in 2012,1,0.5,Jun/10/2012 14:39:45
750232,REP.VP.2012.PETRAEUS,David Petraeus to be Republican VP nominee in 2012,76,0.4,Jun/11/2012 17:45:22
750232,REP.VP.2012.PETRAEUS,David Petraeus to be Republican VP nominee in 2012,12,0.3,Jun/11/2012 17:45:34
750232,REP.VP.2012.PETRAEUS,David Petraeus to be Republican VP nominee in 2012,5,0.3,Jun/11/2012 17:45:34
750232,REP.VP.2012.PETRAEUS,David Petraeus to be Republican VP nominee in 2012,21,0.3,Jun/11/2012 17:45:34
750232,REP.VP.2012.PETRAEUS,David Petraeus to be Republican VP nominee in 2012,321,0.2,Jun/11/2012 17:45:49
750232,REP.VP.2012.PETRAEUS,David Petraeus to be Republican VP nominee in 2012,21,0.3,Jun/11/2012 22:35:34
750232,REP.VP.2012.PETRAEUS,David Petraeus to be Republican VP nominee in 2012,1,0.3,Jun/13/2012 12:47:27
750232,REP.VP.2012.PETRAEUS,David Petraeus to be Republican VP nominee in 2012,49,0.5,Jun/14/2012 00:16:32
750232,REP.VP.2012.PETRAEUS,David Petraeus to be Republican VP nominee in 2012,1,0.5,Jun/14/2012 00:16:32
750232,REP.VP.2012.PETRAEUS,David Petraeus to be Republican VP nominee in 2012,21,0.4,Jun/14/2012 00:16:32
750232,REP.VP.2012.PETRAEUS,David Petraeus to be Republican VP nominee in 2012,1,0.4,Jun/14/2012 00:16:32
750232,REP.VP.2012.PETRAEUS,David Petraeus to be Republican VP nominee in 2012,100,0.5,Jun/14/2012 00:16:32
750232,REP.VP.2012.PETRAEUS,David Petraeus to be Republican VP nominee in 2012,98,0.5,Jun/14/2012 00:16:32
750232,REP.VP.2012.PETRAEUS,David Petraeus to be Republican VP nominee in 2012,100,0.5,Jun/14/2012 00:16:32
750232,REP.VP.2012.PETRAEUS,David Petraeus to be Republican VP nominee in 2012,100,0.5,Jun/14/2012 00:16:32
750232,REP.VP.2012.PETRAEUS,David Petraeus to be Republican VP nominee in 2012,5,0.3,Jun/17/2012 19:07:40
750232,REP.VP.2012.PETRAEUS,David Petraeus to be Republican VP nominee in 2012,5,0.4,Jun/18/2012 13:02:56
750232,REP.VP.2012.PETRAEUS,David Petraeus to be Republican VP nominee in 2012,1,0.4,Jun/18/2012 13:02:56
750232,REP.VP.2012.PETRAEUS,David Petraeus to be Republican VP nominee in 2012,100,0.5,Jun/18/2012 13:03:10
750232,REP.VP.2012.PETRAEUS,David Petraeus to be Republican VP nominee in 2012,1,0.5,Jun/18/2012 13:03:10
750232,REP.VP.2012.PETRAEUS,David Petraeus to be Republican VP nominee in 2012,93,0.5,Jun/18/2012 13:03:10
750232,REP.VP.2012.PETRAEUS,David Petraeus to be Republican VP nominee in 2012,7,0.5,Jun/19/2012 17:23:42
750232,REP.VP.2012.PETRAEUS,David Petraeus to be Republican VP nominee in 2012,100,0.5,Jun/19/2012 17:23:42
750232,REP.VP.2012.PETRAEUS,David Petraeus to be Republican VP nominee in 2012,100,0.5,Jun/19/2012 17:23:42
750232,REP.VP.2012.PETRAEUS,David Petraeus to be Republican VP nominee in 2012,100,0.5,Jun/19/2012 17:23:42
750232,REP.VP.2012.PETRAEUS,David Petraeus to be Republican VP nominee in 2012,100,0.5,Jun/19/2012 17:23:42
750232,REP.VP.2012.PETRAEUS,David Petraeus to be Republican VP nominee in 2012,100,0.5,Jun/19/2012 17:23:42
750232,REP.VP.2012.PETRAEUS,David Petraeus to be Republican VP nominee in 2012,1,0.5,Jun/19/2012 17:23:42
750232,REP.VP.2012.PETRAEUS,David Petraeus to be Republican VP nominee in 2012,100,0.5,Jun/19/2012 17:23:42
750232,REP.VP.2012.PETRAEUS,David Petraeus to be Republican VP nominee in 2012,100,0.5,Jun/19/2012 17:23:42
750232,REP.VP.2012.PETRAEUS,David Petraeus to be Republican VP nominee in 2012,19,0.5,Jun/20/2012 22:54:22
750232,REP.VP.2012.PETRAEUS,David Petraeus to be Republican VP nominee in 2012,1,0.5,Jun/20/2012 22:54:22
750232,REP.VP.2012.PETRAEUS,David Petraeus to be Republican VP nominee in 2012,100,0.5,Jun/20/2012 22:54:22
750232,REP.VP.2012.PETRAEUS,David Petraeus to be Republican VP nominee in 2012,100,0.5,Jun/20/2012 22:54:22
750232,REP.VP.2012.PETRAEUS,David Petraeus to be Republican VP nominee in 2012,100,0.5,Jun/20/2012 22:54:22
750232,REP.VP.2012.PETRAEUS,David Petraeus to be Republican VP nominee in 2012,100,0.5,Jun/20/2012 22:54:22
750232,REP.VP.2012.PETRAEUS,David Petraeus to be Republican VP nominee in 2012,1,0.4,Jun/20/2012 22:54:22
750232,REP.VP.2012.PETRAEUS,David Petraeus to be Republican VP nominee in 2012,1,0.4,Jun/20/2012 22:54:22
750232,REP.VP.2012.PETRAEUS,David Petraeus to be Republican VP nominee in 2012,100,0.5,Jun/20/2012 22:54:22
750232,REP.VP.2012.PETRAEUS,David Petraeus to be Republican VP nominee in 2012,2,0.4,Jun/21/2012 00:18:00
750232,REP.VP.2012.PETRAEUS,David Petraeus to be Republican VP nominee in 2012,2,0.5,Jun/21/2012 02:06:34
750232,REP.VP.2012.PETRAEUS,David Petraeus to be Republican VP nominee in 2012,98,0.5,Jun/21/2012 02:06:34
750232,REP.VP.2012.PETRAEUS,David Petraeus to be Republican VP nominee in 2012,9,0.4,Jun/22/2012 07:35:49
750232,REP.VP.2012.PETRAEUS,David Petraeus to be Republican VP nominee in 2012,8,0.4,Jun/22/2012 11:00:06
750232,REP.VP.2012.PETRAEUS,David Petraeus to be Republican VP nominee in 2012,2,0.4,Jun/22/2012 11:00:06
750232,REP.VP.2012.PETRAEUS,David Petraeus to be Republican VP nominee in 2012,40,0.4,Jun/22/2012 22:14:17
750232,REP.VP.2012.PETRAEUS,David Petraeus to be Republican VP nominee in 2012,1,0.4,Jun/22/2012 22:14:17
750232,REP.VP.2012.PETRAEUS,David Petraeus to be Republican VP nominee in 2012,7,0.4,Jun/23/2012 03:37:28
750232,REP.VP.2012.PETRAEUS,David Petraeus to be Republican VP nominee in 2012,50,0.6,Jun/24/2012 10:12:00
750232,REP.VP.2012.PETRAEUS,David Petraeus to be Republican VP nominee in 2012,1,0.6,Jun/24/2012 10:12:00
750232,REP.VP.2012.PETRAEUS,David Petraeus to be Republican VP nominee in 2012,6,0.6,Jun/24/2012 10:12:00
750232,REP.VP.2012.PETRAEUS,David Petraeus to be Republican VP nominee in 2012,2,0.5,Jun/24/2012 10:12:00
750232,REP.VP.2012.PETRAEUS,David Petraeus to be Republican VP nominee in 2012,1,0.5,Jun/24/2012 10:12:00
750232,REP.VP.2012.PETRAEUS,David Petraeus to be Republican VP nominee in 2012,1,0.5,Jun/24/2012 10:12:00
750232,REP.VP.2012.PETRAEUS,David Petraeus to be Republican VP nominee in 2012,39,0.5,Jun/24/2012 10:12:00
750232,REP.VP.2012.PETRAEUS,David Petraeus to be Republican VP nominee in 2012,100,0.5,Jun/24/2012 10:12:00
750232,REP.VP.2012.PETRAEUS,David Petraeus to be Republican VP nominee in 2012,100,0.5,Jun/24/2012 10:12:00
750232,REP.VP.2012.PETRAEUS,David Petraeus to be Republican VP nominee in 2012,3,0.6,Jun/25/2012 01:52:38
750232,REP.VP.2012.PETRAEUS,David Petraeus to be Republican VP nominee in 2012,1,0.6,Jun/25/2012 01:52:38
750232,REP.VP.2012.PETRAEUS,David Petraeus to be Republican VP nominee in 2012,20,0.6,Jun/25/2012 01:52:38
750232,REP.VP.2012.PETRAEUS,David Petraeus to be Republican VP nominee in 2012,50,0.7,Jun/25/2012 01:52:56
750232,REP.VP.2012.PETRAEUS,David Petraeus to be Republican VP nominee in 2012,1,0.7,Jun/25/2012 01:52:56
750232,REP.VP.2012.PETRAEUS,David Petraeus to be Republican VP nominee in 2012,50,0.8,Jun/25/2012 01:53:13
750232,REP.VP.2012.PETRAEUS,David Petraeus to be Republican VP nominee in 2012,1,0.8,Jun/25/2012 01:53:13
750232,REP.VP.2012.PETRAEUS,David Petraeus to be Republican VP nominee in 2012,20,0.4,Jun/26/2012 02:54:21
750232,REP.VP.2012.PETRAEUS,David Petraeus to be Republican VP nominee in 2012,1,0.4,Jun/28/2012 17:40:13
750232,REP.VP.2012.PETRAEUS,David Petraeus to be Republican VP nominee in 2012,50,0.5,Jul/01/2012 06:41:55
750232,REP.VP.2012.PETRAEUS,David Petraeus to be Republican VP nominee in 2012,1,0.5,Jul/01/2012 06:41:55
750232,REP.VP.2012.PETRAEUS,David Petraeus to be Republican VP nominee in 2012,100,0.5,Jul/01/2012 06:41:55
750232,REP.VP.2012.PETRAEUS,David Petraeus to be Republican VP nominee in 2012,24,0.5,Jul/01/2012 06:41:55
750232,REP.VP.2012.PETRAEUS,David Petraeus to be Republican VP nominee in 2012,20,0.5,Jul/02/2012 20:59:02
750232,REP.VP.2012.PETRAEUS,David Petraeus to be Republican VP nominee in 2012,56,0.5,Jul/03/2012 12:47:43
750232,REP.VP.2012.PETRAEUS,David Petraeus to be Republican VP nominee in 2012,100,0.5,Jul/03/2012 12:47:43
750232,REP.VP.2012.PETRAEUS,David Petraeus to be Republican VP nominee in 2012,100,0.5,Jul/03/2012 12:47:43
750232,REP.VP.2012.PETRAEUS,David Petraeus to be Republican VP nominee in 2012,1,0.5,Jul/03/2012 12:47:43
750232,REP.VP.2012.PETRAEUS,David Petraeus to be Republican VP nominee in 2012,100,0.5,Jul/03/2012 12:47:43
750232,REP.VP.2012.PETRAEUS,David Petraeus to be Republican VP nominee in 2012,1,0.5,Jul/03/2012 12:47:43
750232,REP.VP.2012.PETRAEUS,David Petraeus to be Republican VP nominee in 2012,100,0.5,Jul/03/2012 12:47:43
750232,REP.VP.2012.PETRAEUS,David Petraeus to be Republican VP nominee in 2012,100,0.5,Jul/03/2012 12:47:43
750232,REP.VP.2012.PETRAEUS,David Petraeus to be Republican VP nominee in 2012,100,0.5,Jul/05/2012 04:02:41
750232,REP.VP.2012.PETRAEUS,David Petraeus to be Republican VP nominee in 2012,1,0.5,Jul/05/2012 04:02:41
750232,REP.VP.2012.PETRAEUS,David Petraeus to be Republican VP nominee in 2012,100,0.5,Jul/05/2012 04:02:41
750232,REP.VP.2012.PETRAEUS,David Petraeus to be Republican VP nominee in 2012,100,0.5,Jul/05/2012 04:02:41
750232,REP.VP.2012.PETRAEUS,David Petraeus to be Republican VP nominee in 2012,10,0.4,Jul/06/2012 01:48:55
750232,REP.VP.2012.PETRAEUS,David Petraeus to be Republican VP nominee in 2012,25,0.4,Jul/11/2012 01:08:21
750232,REP.VP.2012.PETRAEUS,David Petraeus to be Republican VP nominee in 2012,1,0.4,Jul/11/2012 01:08:21
750232,REP.VP.2012.PETRAEUS,David Petraeus to be Republican VP nominee in 2012,74,0.4,Jul/11/2012 01:08:21
750232,REP.VP.2012.PETRAEUS,David Petraeus to be Republican VP nominee in 2012,500,0.2,Jul/12/2012 02:30:18
750232,REP.VP.2012.PETRAEUS,David Petraeus to be Republican VP nominee in 2012,45,0.3,Jul/12/2012 02:30:18
750232,REP.VP.2012.PETRAEUS,David Petraeus to be Republican VP nominee in 2012,360,0.2,Jul/12/2012 19:00:42
750232,REP.VP.2012.PETRAEUS,David Petraeus to be Republican VP nominee in 2012,1,0.2,Jul/12/2012 19:00:42
750232,REP.VP.2012.PETRAEUS,David Petraeus to be Republican VP nominee in 2012,500,0.2,Jul/12/2012 19:00:42
750232,REP.VP.2012.PETRAEUS,David Petraeus to be Republican VP nominee in 2012,20,0.2,Jul/12/2012 23:38:30
750232,REP.VP.2012.PETRAEUS,David Petraeus to be Republican VP nominee in 2012,2,0.2,Jul/12/2012 23:38:56
750232,REP.VP.2012.PETRAEUS,David Petraeus to be Republican VP nominee in 2012,10,0.2,Jul/12/2012 23:40:09
750232,REP.VP.2012.PETRAEUS,David Petraeus to be Republican VP nominee in 2012,300,0.2,Jul/13/2012 18:05:09
750232,REP.VP.2012.PETRAEUS,David Petraeus to be Republican VP nominee in 2012,30,0.3,Jul/14/2012 10:32:55
750232,REP.VP.2012.PETRAEUS,David Petraeus to be Republican VP nominee in 2012,20,0.3,Jul/14/2012 22:28:21
750232,REP.VP.2012.PETRAEUS,David Petraeus to be Republican VP nominee in 2012,1,0.3,Jul/15/2012 05:01:47
750232,REP.VP.2012.PETRAEUS,David Petraeus to be Republican VP nominee in 2012,99,0.3,Jul/15/2012 05:01:47
750232,REP.VP.2012.PETRAEUS,David Petraeus to be Republican VP nominee in 2012,1,0.2,Jul/16/2012 14:26:19
750232,REP.VP.2012.PETRAEUS,David Petraeus to be Republican VP nominee in 2012,100,0.2,Jul/16/2012 14:39:51
750232,REP.VP.2012.PETRAEUS,David Petraeus to be Republican VP nominee in 2012,30,0.2,Jul/16/2012 14:46:25
750232,REP.VP.2012.PETRAEUS,David Petraeus to be Republican VP nominee in 2012,100,0.2,Jul/16/2012 14:52:03
750232,REP.VP.2012.PETRAEUS,David Petraeus to be Republican VP nominee in 2012,55,0.2,Jul/16/2012 15:45:35
750232,REP.VP.2012.PETRAEUS,David Petraeus to be Republican VP nominee in 2012,20,0.2,Jul/16/2012 15:46:01
750232,REP.VP.2012.PETRAEUS,David Petraeus to be Republican VP nominee in 2012,162,0.2,Jul/16/2012 18:35:46
750232,REP.VP.2012.PETRAEUS,David Petraeus to be Republican VP nominee in 2012,114,0.2,Jul/16/2012 18:35:46
750232,REP.VP.2012.PETRAEUS,David Petraeus to be Republican VP nominee in 2012,100,0.2,Jul/17/2012 05:54:21
750232,REP.VP.2012.PETRAEUS,David Petraeus to be Republican VP nominee in 2012,1,0.3,Jul/17/2012 15:09:44
750232,REP.VP.2012.PETRAEUS,David Petraeus to be Republican VP nominee in 2012,107,0.2,Jul/17/2012 15:59:03
750232,REP.VP.2012.PETRAEUS,David Petraeus to be Republican VP nominee in 2012,15,0.2,Jul/18/2012 07:30:08
750232,REP.VP.2012.PETRAEUS,David Petraeus to be Republican VP nominee in 2012,18,0.2,Jul/18/2012 16:27:54
750232,REP.VP.2012.PETRAEUS,David Petraeus to be Republican VP nominee in 2012,4,0.2,Jul/18/2012 17:35:08
750232,REP.VP.2012.PETRAEUS,David Petraeus to be Republican VP nominee in 2012,10,0.2,Jul/18/2012 18:00:23
750232,REP.VP.2012.PETRAEUS,David Petraeus to be Republican VP nominee in 2012,5,0.2,Jul/18/2012 18:00:40
750232,REP.VP.2012.PETRAEUS,David Petraeus to be Republican VP nominee in 2012,100,0.2,Jul/18/2012 21:18:41
750232,REP.VP.2012.PETRAEUS,David Petraeus to be Republican VP nominee in 2012,6,0.2,Jul/19/2012 02:29:04
750232,REP.VP.2012.PETRAEUS,David Petraeus to be Republican VP nominee in 2012,20,0.2,Jul/19/2012 08:33:43
750232,REP.VP.2012.PETRAEUS,David Petraeus to be Republican VP nominee in 2012,100,0.3,Jul/19/2012 14:47:45
750232,REP.VP.2012.PETRAEUS,David Petraeus to be Republican VP nominee in 2012,100,0.3,Jul/19/2012 14:47:45
750232,REP.VP.2012.PETRAEUS,David Petraeus to be Republican VP nominee in 2012,1,0.3,Jul/19/2012 19:37:35
750232,REP.VP.2012.PETRAEUS,David Petraeus to be Republican VP nominee in 2012,100,0.3,Jul/19/2012 19:37:35
750232,REP.VP.2012.PETRAEUS,David Petraeus to be Republican VP nominee in 2012,100,0.3,Jul/19/2012 19:37:35
750232,REP.VP.2012.PETRAEUS,David Petraeus to be Republican VP nominee in 2012,100,0.3,Jul/19/2012 19:37:35
750232,REP.VP.2012.PETRAEUS,David Petraeus to be Republican VP nominee in 2012,100,0.3,Jul/19/2012 19:37:35
750232,REP.VP.2012.PETRAEUS,David Petraeus to be Republican VP nominee in 2012,100,0.3,Jul/19/2012 19:37:35
750232,REP.VP.2012.PETRAEUS,David Petraeus to be Republican VP nominee in 2012,100,0.4,Jul/19/2012 19:37:50
750232,REP.VP.2012.PETRAEUS,David Petraeus to be Republican VP nominee in 2012,50,0.4,Jul/19/2012 19:37:50
750232,REP.VP.2012.PETRAEUS,David Petraeus to be Republican VP nominee in 2012,1,0.4,Jul/19/2012 19:37:50
750232,REP.VP.2012.PETRAEUS,David Petraeus to be Republican VP nominee in 2012,100,0.5,Jul/19/2012 19:38:06
750232,REP.VP.2012.PETRAEUS,David Petraeus to be Republican VP nominee in 2012,1,0.5,Jul/19/2012 19:38:06
750232,REP.VP.2012.PETRAEUS,David Petraeus to be Republican VP nominee in 2012,100,0.5,Jul/19/2012 19:38:06
750232,REP.VP.2012.PETRAEUS,David Petraeus to be Republican VP nominee in 2012,50,0.5,Jul/19/2012 19:38:06
750232,REP.VP.2012.PETRAEUS,David Petraeus to be Republican VP nominee in 2012,100,0.5,Jul/19/2012 19:38:06
750232,REP.VP.2012.PETRAEUS,David Petraeus to be Republican VP nominee in 2012,100,0.5,Jul/19/2012 19:38:06
750232,REP.VP.2012.PETRAEUS,David Petraeus to be Republican VP nominee in 2012,1,0.6,Jul/19/2012 19:40:01
750232,REP.VP.2012.PETRAEUS,David Petraeus to be Republican VP nominee in 2012,150,0.6,Jul/19/2012 19:40:01
750232,REP.VP.2012.PETRAEUS,David Petraeus to be Republican VP nominee in 2012,50,0.6,Jul/19/2012 19:40:01
750232,REP.VP.2012.PETRAEUS,David Petraeus to be Republican VP nominee in 2012,1,0.7,Jul/19/2012 19:40:15
750232,REP.VP.2012.PETRAEUS,David Petraeus to be Republican VP nominee in 2012,50,0.7,Jul/19/2012 19:40:15
750232,REP.VP.2012.PETRAEUS,David Petraeus to be Republican VP nominee in 2012,1,0.8,Jul/19/2012 19:40:28
750232,REP.VP.2012.PETRAEUS,David Petraeus to be Republican VP nominee in 2012,50,0.8,Jul/19/2012 19:40:28
750232,REP.VP.2012.PETRAEUS,David Petraeus to be Republican VP nominee in 2012,1,0.9,Jul/19/2012 19:40:53
750232,REP.VP.2012.PETRAEUS,David Petraeus to be Republican VP nominee in 2012,100,0.9,Jul/19/2012 19:40:53
750232,REP.VP.2012.PETRAEUS,David Petraeus to be Republican VP nominee in 2012,50,0.9,Jul/19/2012 19:40:53
750232,REP.VP.2012.PETRAEUS,David Petraeus to be Republican VP nominee in 2012,1,1.0,Jul/19/2012 19:41:12
750232,REP.VP.2012.PETRAEUS,David Petraeus to be Republican VP nominee in 2012,100,1.0,Jul/19/2012 19:41:12
750232,REP.VP.2012.PETRAEUS,David Petraeus to be Republican VP nominee in 2012,25,1.0,Jul/19/2012 19:41:12
750232,REP.VP.2012.PETRAEUS,David Petraeus to be Republican VP nominee in 2012,27,1.2,Jul/19/2012 19:41:28
750232,REP.VP.2012.PETRAEUS,David Petraeus to be Republican VP nominee in 2012,2,1.2,Jul/19/2012 19:41:28
750232,REP.VP.2012.PETRAEUS,David Petraeus to be Republican VP nominee in 2012,100,1.5,Jul/19/2012 19:41:46
750232,REP.VP.2012.PETRAEUS,David Petraeus to be Republican VP nominee in 2012,300,1.2,Jul/19/2012 20:03:39
750232,REP.VP.2012.PETRAEUS,David Petraeus to be Republican VP nominee in 2012,1,0.2,Jul/19/2012 20:28:57
750232,REP.VP.2012.PETRAEUS,David Petraeus to be Republican VP nominee in 2012,25,1.0,Jul/19/2012 22:17:03
750232,REP.VP.2012.PETRAEUS,David Petraeus to be Republican VP nominee in 2012,1,1.0,Jul/19/2012 22:17:03
750232,REP.VP.2012.PETRAEUS,David Petraeus to be Republican VP nominee in 2012,25,1.4,Jul/19/2012 22:17:12
750232,REP.VP.2012.PETRAEUS,David Petraeus to be Republican VP nominee in 2012,4,1.4,Jul/19/2012 22:17:12
750232,REP.VP.2012.PETRAEUS,David Petraeus to be Republican VP nominee in 2012,50,1.5,Jul/19/2012 22:17:24
750232,REP.VP.2012.PETRAEUS,David Petraeus to be Republican VP nominee in 2012,1,1.5,Jul/19/2012 22:17:24
750232,REP.VP.2012.PETRAEUS,David Petraeus to be Republican VP nominee in 2012,100,1.5,Jul/19/2012 22:52:48
750232,REP.VP.2012.PETRAEUS,David Petraeus to be Republican VP nominee in 2012,100,1.9,Jul/19/2012 22:57:34
750232,REP.VP.2012.PETRAEUS,David Petraeus to be Republican VP nominee in 2012,100,1.9,Jul/19/2012 23:00:30
750232,REP.VP.2012.PETRAEUS,David Petraeus to be Republican VP nominee in 2012,1,3.0,Jul/20/2012 01:18:04
750232,REP.VP.2012.PETRAEUS,David Petraeus to be Republican VP nominee in 2012,200,1.9,Jul/20/2012 04:04:08
750232,REP.VP.2012.PETRAEUS,David Petraeus to be Republican VP nominee in 2012,172,1.9,Jul/20/2012 04:16:09
750232,REP.VP.2012.PETRAEUS,David Petraeus to be Republican VP nominee in 2012,1,2.8,Jul/20/2012 06:01:28
750232,REP.VP.2012.PETRAEUS,David Petraeus to be Republican VP nominee in 2012,1,2.8,Jul/20/2012 06:01:28
750232,REP.VP.2012.PETRAEUS,David Petraeus to be Republican VP nominee in 2012,100,2.8,Jul/20/2012 06:01:28
750232,REP.VP.2012.PETRAEUS,David Petraeus to be Republican VP nominee in 2012,17,2.9,Jul/20/2012 06:01:39
750232,REP.VP.2012.PETRAEUS,David Petraeus to be Republican VP nominee in 2012,1,2.9,Jul/20/2012 06:01:39
750232,REP.VP.2012.PETRAEUS,David Petraeus to be Republican VP nominee in 2012,20,3.0,Jul/20/2012 06:01:53
750232,REP.VP.2012.PETRAEUS,David Petraeus to be Republican VP nominee in 2012,1,3.0,Jul/20/2012 06:01:53
750232,REP.VP.2012.PETRAEUS,David Petraeus to be Republican VP nominee in 2012,1300,1.9,Jul/20/2012 07:12:45
750232,REP.VP.2012.PETRAEUS,David Petraeus to be Republican VP nominee in 2012,5,1.9,Jul/20/2012 07:23:03
750232,REP.VP.2012.PETRAEUS,David Petraeus to be Republican VP nominee in 2012,1,1.9,Jul/20/2012 07:23:27
750232,REP.VP.2012.PETRAEUS,David Petraeus to be Republican VP nominee in 2012,22,1.9,Jul/20/2012 08:55:42
750232,REP.VP.2012.PETRAEUS,David Petraeus to be Republican VP nominee in 2012,10,1.9,Jul/20/2012 08:55:42
750232,REP.VP.2012.PETRAEUS,David Petraeus to be Republican VP nominee in 2012,2,0.6,Jul/20/2012 17:33:21
750232,REP.VP.2012.PETRAEUS,David Petraeus to be Republican VP nominee in 2012,3,0.5,Jul/20/2012 18:00:18
750232,REP.VP.2012.PETRAEUS,David Petraeus to be Republican VP nominee in 2012,1,0.9,Jul/20/2012 19:43:30
750232,REP.VP.2012.PETRAEUS,David Petraeus to be Republican VP nominee in 2012,1,0.9,Jul/20/2012 19:43:30
750232,REP.VP.2012.PETRAEUS,David Petraeus to be Republican VP nominee in 2012,10,1.0,Jul/20/2012 19:51:02
750232,REP.VP.2012.PETRAEUS,David Petraeus to be Republican VP nominee in 2012,1,1.0,Jul/20/2012 19:51:02
750232,REP.VP.2012.PETRAEUS,David Petraeus to be Republican VP nominee in 2012,10,1.3,Jul/20/2012 19:51:10
750232,REP.VP.2012.PETRAEUS,David Petraeus to be Republican VP nominee in 2012,3,1.3,Jul/20/2012 19:51:10
750232,REP.VP.2012.PETRAEUS,David Petraeus to be Republican VP nominee in 2012,10,1.5,Jul/20/2012 19:51:23
750232,REP.VP.2012.PETRAEUS,David Petraeus to be Republican VP nominee in 2012,2,1.5,Jul/20/2012 19:51:23
750232,REP.VP.2012.PETRAEUS,David Petraeus to be Republican VP nominee in 2012,20,1.7,Jul/20/2012 19:51:36
750232,REP.VP.2012.PETRAEUS,David Petraeus to be Republican VP nominee in 2012,2,1.7,Jul/20/2012 19:51:36
750232,REP.VP.2012.PETRAEUS,David Petraeus to be Republican VP nominee in 2012,10,1.8,Jul/20/2012 19:51:46
750232,REP.VP.2012.PETRAEUS,David Petraeus to be Republican VP nominee in 2012,1,1.8,Jul/20/2012 19:51:46
750232,REP.VP.2012.PETRAEUS,David Petraeus to be Republican VP nominee in 2012,3,1.9,Jul/20/2012 19:51:56
750232,REP.VP.2012.PETRAEUS,David Petraeus to be Republican VP nominee in 2012,100,1.9,Jul/20/2012 19:51:56
750232,REP.VP.2012.PETRAEUS,David Petraeus to be Republican VP nominee in 2012,1,1.9,Jul/20/2012 19:51:56
750232,REP.VP.2012.PETRAEUS,David Petraeus to be Republican VP nominee in 2012,3,3.8,Jul/20/2012 20:01:34
750232,REP.VP.2012.PETRAEUS,David Petraeus to be Republican VP nominee in 2012,2,2.9,Jul/20/2012 20:01:34
750232,REP.VP.2012.PETRAEUS,David Petraeus to be Republican VP nominee in 2012,20,3.5,Jul/20/2012 21:08:08
750232,REP.VP.2012.PETRAEUS,David Petraeus to be Republican VP nominee in 2012,10,3.5,Jul/20/2012 21:23:45
750232,REP.VP.2012.PETRAEUS,David Petraeus to be Republican VP nominee in 2012,1,3.5,Jul/20/2012 21:23:45
750232,REP.VP.2012.PETRAEUS,David Petraeus to be Republican VP nominee in 2012,5,3.8,Jul/20/2012 21:23:56
750232,REP.VP.2012.PETRAEUS,David Petraeus to be Republican VP nominee in 2012,3,3.8,Jul/20/2012 21:23:56
750232,REP.VP.2012.PETRAEUS,David Petraeus to be Republican VP nominee in 2012,5,3.9,Jul/20/2012 21:24:35
750232,REP.VP.2012.PETRAEUS,David Petraeus to be Republican VP nominee in 2012,100,3.9,Jul/20/2012 21:24:35
750232,REP.VP.2012.PETRAEUS,David Petraeus to be Republican VP nominee in 2012,1,3.9,Jul/20/2012 21:24:35
750232,REP.VP.2012.PETRAEUS,David Petraeus to be Republican VP nominee in 2012,50,4.0,Jul/20/2012 21:24:58
750232,REP.VP.2012.PETRAEUS,David Petraeus to be Republican VP nominee in 2012,1,4.0,Jul/20/2012 21:24:58
750232,REP.VP.2012.PETRAEUS,David Petraeus to be Republican VP nominee in 2012,10,4.4,Jul/20/2012 21:25:13
750232,REP.VP.2012.PETRAEUS,David Petraeus to be Republican VP nominee in 2012,4,4.4,Jul/20/2012 21:25:13
750232,REP.VP.2012.PETRAEUS,David Petraeus to be Republican VP nominee in 2012,51,3.9,Jul/20/2012 21:28:20
750232,REP.VP.2012.PETRAEUS,David Petraeus to be Republican VP nominee in 2012,1,2.0,Jul/20/2012 21:46:19
750232,REP.VP.2012.PETRAEUS,David Petraeus to be Republican VP nominee in 2012,1,2.0,Jul/20/2012 21:55:57
750232,REP.VP.2012.PETRAEUS,David Petraeus to be Republican VP nominee in 2012,1,2.0,Jul/20/2012 21:55:57
750232,REP.VP.2012.PETRAEUS,David Petraeus to be Republican VP nominee in 2012,10,2.9,Jul/20/2012 23:13:39
750232,REP.VP.2012.PETRAEUS,David Petraeus to be Republican VP nominee in 2012,1,2.9,Jul/20/2012 23:13:39
750232,REP.VP.2012.PETRAEUS,David Petraeus to be Republican VP nominee in 2012,1,2.9,Jul/20/2012 23:13:39
750232,REP.VP.2012.PETRAEUS,David Petraeus to be Republican VP nominee in 2012,25,3.0,Jul/20/2012 23:13:54
750232,REP.VP.2012.PETRAEUS,David Petraeus to be Republican VP nominee in 2012,1,3.0,Jul/20/2012 23:13:54
750232,REP.VP.2012.PETRAEUS,David Petraeus to be Republican VP nominee in 2012,10,3.5,Jul/20/2012 23:14:09
750232,REP.VP.2012.PETRAEUS,David Petraeus to be Republican VP nominee in 2012,25,3.5,Jul/20/2012 23:14:09
750232,REP.VP.2012.PETRAEUS,David Petraeus to be Republican VP nominee in 2012,5,3.5,Jul/20/2012 23:14:09
750232,REP.VP.2012.PETRAEUS,David Petraeus to be Republican VP nominee in 2012,1,1.1,Jul/21/2012 00:25:07
750232,REP.VP.2012.PETRAEUS,David Petraeus to be Republican VP nominee in 2012,1,1.1,Jul/21/2012 03:42:34
750232,REP.VP.2012.PETRAEUS,David Petraeus to be Republican VP nominee in 2012,10,1.1,Jul/21/2012 03:42:34
750232,REP.VP.2012.PETRAEUS,David Petraeus to be Republican VP nominee in 2012,5,1.0,Jul/21/2012 03:43:24
750232,REP.VP.2012.PETRAEUS,David Petraeus to be Republican VP nominee in 2012,50,2.9,Jul/21/2012 06:32:52
750232,REP.VP.2012.PETRAEUS,David Petraeus to be Republican VP nominee in 2012,1,2.9,Jul/21/2012 06:32:52
750232,REP.VP.2012.PETRAEUS,David Petraeus to be Republican VP nominee in 2012,15,3.0,Jul/21/2012 06:33:03
750232,REP.VP.2012.PETRAEUS,David Petraeus to be Republican VP nominee in 2012,1,3.0,Jul/21/2012 06:33:03
750232,REP.VP.2012.PETRAEUS,David Petraeus to be Republican VP nominee in 2012,10,3.4,Jul/21/2012 06:33:36
750232,REP.VP.2012.PETRAEUS,David Petraeus to be Republican VP nominee in 2012,4,3.4,Jul/21/2012 06:33:36
750232,REP.VP.2012.PETRAEUS,David Petraeus to be Republican VP nominee in 2012,25,3.5,Jul/21/2012 06:33:55
750232,REP.VP.2012.PETRAEUS,David Petraeus to be Republican VP nominee in 2012,1,3.5,Jul/21/2012 06:33:55
750232,REP.VP.2012.PETRAEUS,David Petraeus to be Republican VP nominee in 2012,35,0.8,Jul/21/2012 14:34:13
750232,REP.VP.2012.PETRAEUS,David Petraeus to be Republican VP nominee in 2012,11,0.8,Jul/21/2012 14:37:38
750232,REP.VP.2012.PETRAEUS,David Petraeus to be Republican VP nominee in 2012,10,0.7,Jul/21/2012 14:48:19
750232,REP.VP.2012.PETRAEUS,David Petraeus to be Republican VP nominee in 2012,3,0.6,Jul/21/2012 14:48:58
750232,REP.VP.2012.PETRAEUS,David Petraeus to be Republican VP nominee in 2012,3,0.6,Jul/21/2012 14:48:58
750232,REP.VP.2012.PETRAEUS,David Petraeus to be Republican VP nominee in 2012,20,0.6,Jul/21/2012 14:48:58
750232,REP.VP.2012.PETRAEUS,David Petraeus to be Republican VP nominee in 2012,10,0.6,Jul/21/2012 14:48:58
750232,REP.VP.2012.PETRAEUS,David Petraeus to be Republican VP nominee in 2012,8,0.5,Jul/21/2012 14:49:53
750232,REP.VP.2012.PETRAEUS,David Petraeus to be Republican VP nominee in 2012,25,2.0,Jul/21/2012 17:39:45
750232,REP.VP.2012.PETRAEUS,David Petraeus to be Republican VP nominee in 2012,20,2.0,Jul/21/2012 17:39:45
750232,REP.VP.2012.PETRAEUS,David Petraeus to be Republican VP nominee in 2012,1,2.0,Jul/21/2012 17:39:45
750232,REP.VP.2012.PETRAEUS,David Petraeus to be Republican VP nominee in 2012,20,2.3,Jul/21/2012 17:39:58
750232,REP.VP.2012.PETRAEUS,David Petraeus to be Republican VP nominee in 2012,3,2.3,Jul/21/2012 17:39:58
750232,REP.VP.2012.PETRAEUS,David Petraeus to be Republican VP nominee in 2012,200,2.4,Jul/21/2012 17:40:08
750232,REP.VP.2012.PETRAEUS,David Petraeus to be Republican VP nominee in 2012,1,2.4,Jul/21/2012 17:40:08
750232,REP.VP.2012.PETRAEUS,David Petraeus to be Republican VP nominee in 2012,29,2.5,Jul/21/2012 17:40:19
750232,REP.VP.2012.PETRAEUS,David Petraeus to be Republican VP nominee in 2012,1,2.5,Jul/21/2012 17:40:19
750232,REP.VP.2012.PETRAEUS,David Petraeus to be Republican VP nominee in 2012,17,2.7,Jul/21/2012 17:40:28
750232,REP.VP.2012.PETRAEUS,David Petraeus to be Republican VP nominee in 2012,2,2.7,Jul/21/2012 17:40:28
750232,REP.VP.2012.PETRAEUS,David Petraeus to be Republican VP nominee in 2012,2,2.8,Jul/21/2012 17:55:08
750232,REP.VP.2012.PETRAEUS,David Petraeus to be Republican VP nominee in 2012,10,1.5,Jul/22/2012 17:51:02
750232,REP.VP.2012.PETRAEUS,David Petraeus to be Republican VP nominee in 2012,1,1.5,Jul/22/2012 17:51:02
750232,REP.VP.2012.PETRAEUS,David Petraeus to be Republican VP nominee in 2012,15,2.0,Jul/22/2012 17:51:18
750232,REP.VP.2012.PETRAEUS,David Petraeus to be Republican VP nominee in 2012,5,2.0,Jul/22/2012 17:51:18
750232,REP.VP.2012.PETRAEUS,David Petraeus to be Republican VP nominee in 2012,30,2.3,Jul/22/2012 17:51:31
750232,REP.VP.2012.PETRAEUS,David Petraeus to be Republican VP nominee in 2012,30,2.4,Jul/22/2012 17:52:13
750232,REP.VP.2012.PETRAEUS,David Petraeus to be Republican VP nominee in 2012,4,2.4,Jul/22/2012 17:52:13
750232,REP.VP.2012.PETRAEUS,David Petraeus to be Republican VP nominee in 2012,25,2.5,Jul/22/2012 17:52:26
750232,REP.VP.2012.PETRAEUS,David Petraeus to be Republican VP nominee in 2012,1,2.5,Jul/22/2012 17:52:26
750232,REP.VP.2012.PETRAEUS,David Petraeus to be Republican VP nominee in 2012,5,2.6,Jul/22/2012 17:52:36
750232,REP.VP.2012.PETRAEUS,David Petraeus to be Republican VP nominee in 2012,1,2.6,Jul/22/2012 17:52:36
750232,REP.VP.2012.PETRAEUS,David Petraeus to be Republican VP nominee in 2012,10,2.7,Jul/22/2012 17:53:39
750232,REP.VP.2012.PETRAEUS,David Petraeus to be Republican VP nominee in 2012,10,2.8,Jul/22/2012 17:53:52
750232,REP.VP.2012.PETRAEUS,David Petraeus to be Republican VP nominee in 2012,2,2.8,Jul/22/2012 17:53:52
750232,REP.VP.2012.PETRAEUS,David Petraeus to be Republican VP nominee in 2012,30,0.9,Jul/23/2012 14:14:22
750232,REP.VP.2012.PETRAEUS,David Petraeus to be Republican VP nominee in 2012,10,0.9,Jul/23/2012 14:14:22
750232,REP.VP.2012.PETRAEUS,David Petraeus to be Republican VP nominee in 2012,200,1.0,Jul/23/2012 14:14:22
750232,REP.VP.2012.PETRAEUS,David Petraeus to be Republican VP nominee in 2012,20,0.7,Jul/23/2012 14:14:22
750232,REP.VP.2012.PETRAEUS,David Petraeus to be Republican VP nominee in 2012,333,0.7,Jul/23/2012 14:14:22
750232,REP.VP.2012.PETRAEUS,David Petraeus to be Republican VP nominee in 2012,403,0.8,Jul/23/2012 14:14:22
750232,REP.VP.2012.PETRAEUS,David Petraeus to be Republican VP nominee in 2012,4,0.7,Jul/24/2012 00:09:21
750232,REP.VP.2012.PETRAEUS,David Petraeus to be Republican VP nominee in 2012,1,0.7,Jul/24/2012 00:09:21
750232,REP.VP.2012.PETRAEUS,David Petraeus to be Republican VP nominee in 2012,5,0.5,Jul/24/2012 14:33:30
750232,REP.VP.2012.PETRAEUS,David Petraeus to be Republican VP nominee in 2012,1,0.5,Jul/25/2012 15:28:56
750232,REP.VP.2012.PETRAEUS,David Petraeus to be Republican VP nominee in 2012,1,0.4,Jul/25/2012 15:53:34
750232,REP.VP.2012.PETRAEUS,David Petraeus to be Republican VP nominee in 2012,400,0.3,Jul/25/2012 15:53:57
750232,REP.VP.2012.PETRAEUS,David Petraeus to be Republican VP nominee in 2012,99,0.4,Jul/25/2012 17:12:13
750232,REP.VP.2012.PETRAEUS,David Petraeus to be Republican VP nominee in 2012,1,0.4,Jul/25/2012 17:12:13
750232,REP.VP.2012.PETRAEUS,David Petraeus to be Republican VP nominee in 2012,20,1.0,Jul/25/2012 17:12:59
750232,REP.VP.2012.PETRAEUS,David Petraeus to be Republican VP nominee in 2012,1,1.0,Jul/25/2012 17:12:59
750232,REP.VP.2012.PETRAEUS,David Petraeus to be Republican VP nominee in 2012,19,0.5,Jul/25/2012 17:12:59
750232,REP.VP.2012.PETRAEUS,David Petraeus to be Republican VP nominee in 2012,25,0.9,Jul/25/2012 17:12:59
750232,REP.VP.2012.PETRAEUS,David Petraeus to be Republican VP nominee in 2012,1,0.5,Jul/25/2012 17:12:59
750232,REP.VP.2012.PETRAEUS,David Petraeus to be Republican VP nominee in 2012,22,0.7,Jul/25/2012 17:12:59
750232,REP.VP.2012.PETRAEUS,David Petraeus to be Republican VP nominee in 2012,2,0.7,Jul/25/2012 17:12:59
750232,REP.VP.2012.PETRAEUS,David Petraeus to be Republican VP nominee in 2012,2,0.9,Jul/25/2012 17:12:59
750232,REP.VP.2012.PETRAEUS,David Petraeus to be Republican VP nominee in 2012,100,1.3,Jul/25/2012 17:13:19
750232,REP.VP.2012.PETRAEUS,David Petraeus to be Republican VP nominee in 2012,25,1.2,Jul/25/2012 17:13:19
750232,REP.VP.2012.PETRAEUS,David Petraeus to be Republican VP nominee in 2012,2,1.2,Jul/25/2012 17:13:19
750232,REP.VP.2012.PETRAEUS,David Petraeus to be Republican VP nominee in 2012,19,1.5,Jul/25/2012 17:13:48
750232,REP.VP.2012.PETRAEUS,David Petraeus to be Republican VP nominee in 2012,1,1.5,Jul/25/2012 17:13:48
750232,REP.VP.2012.PETRAEUS,David Petraeus to be Republican VP nominee in 2012,100,1.5,Jul/25/2012 17:13:48
750232,REP.VP.2012.PETRAEUS,David Petraeus to be Republican VP nominee in 2012,50,1.4,Jul/25/2012 17:13:48
750232,REP.VP.2012.PETRAEUS,David Petraeus to be Republican VP nominee in 2012,50,1.4,Jul/25/2012 17:13:48
750232,REP.VP.2012.PETRAEUS,David Petraeus to be Republican VP nominee in 2012,2,1.4,Jul/25/2012 17:13:48
750232,REP.VP.2012.PETRAEUS,David Petraeus to be Republican VP nominee in 2012,10,1.2,Jul/25/2012 17:59:39
750232,REP.VP.2012.PETRAEUS,David Petraeus to be Republican VP nominee in 2012,212,1.2,Jul/25/2012 18:00:29
750232,REP.VP.2012.PETRAEUS,David Petraeus to be Republican VP nominee in 2012,1,1.2,Jul/25/2012 18:00:29
750232,REP.VP.2012.PETRAEUS,David Petraeus to be Republican VP nominee in 2012,18,1.8,Jul/25/2012 18:00:42
750232,REP.VP.2012.PETRAEUS,David Petraeus to be Republican VP nominee in 2012,6,1.8,Jul/25/2012 18:00:42
750232,REP.VP.2012.PETRAEUS,David Petraeus to be Republican VP nominee in 2012,25,1.9,Jul/25/2012 18:01:05
750232,REP.VP.2012.PETRAEUS,David Petraeus to be Republican VP nominee in 2012,1,1.9,Jul/25/2012 18:01:05
750232,REP.VP.2012.PETRAEUS,David Petraeus to be Republican VP nominee in 2012,3,1.7,Jul/25/2012 22:58:44
750232,REP.VP.2012.PETRAEUS,David Petraeus to be Republican VP nominee in 2012,1,1.7,Jul/25/2012 22:58:44
750232,REP.VP.2012.PETRAEUS,David Petraeus to be Republican VP nominee in 2012,3,1.7,Jul/26/2012 16:32:27
750232,REP.VP.2012.PETRAEUS,David Petraeus to be Republican VP nominee in 2012,1,1.7,Jul/26/2012 16:32:27
750232,REP.VP.2012.PETRAEUS,David Petraeus to be Republican VP nominee in 2012,1,1.7,Jul/26/2012 16:32:27
750232,REP.VP.2012.PETRAEUS,David Petraeus to be Republican VP nominee in 2012,10,1.7,Jul/26/2012 16:32:27
750232,REP.VP.2012.PETRAEUS,David Petraeus to be Republican VP nominee in 2012,100,1.8,Jul/26/2012 16:39:44
750232,REP.VP.2012.PETRAEUS,David Petraeus to be Republican VP nominee in 2012,8,1.0,Jul/26/2012 22:17:36
750232,REP.VP.2012.PETRAEUS,David Petraeus to be Republican VP nominee in 2012,17,1.0,Jul/27/2012 20:36:14
750232,REP.VP.2012.PETRAEUS,David Petraeus to be Republican VP nominee in 2012,1,1.0,Jul/27/2012 20:36:14
750232,REP.VP.2012.PETRAEUS,David Petraeus to be Republican VP nominee in 2012,22,1.0,Jul/27/2012 20:36:14
750232,REP.VP.2012.PETRAEUS,David Petraeus to be Republican VP nominee in 2012,25,0.5,Jul/29/2012 23:35:48
750232,REP.VP.2012.PETRAEUS,David Petraeus to be Republican VP nominee in 2012,1,0.5,Jul/29/2012 23:35:48
750232,REP.VP.2012.PETRAEUS,David Petraeus to be Republican VP nominee in 2012,5,0.6,Jul/30/2012 06:31:12
750232,REP.VP.2012.PETRAEUS,David Petraeus to be Republican VP nominee in 2012,300,0.5,Jul/31/2012 11:13:19
750232,REP.VP.2012.PETRAEUS,David Petraeus to be Republican VP nominee in 2012,10,0.5,Jul/31/2012 14:48:38
750232,REP.VP.2012.PETRAEUS,David Petraeus to be Republican VP nominee in 2012,90,0.5,Jul/31/2012 18:13:23
750232,REP.VP.2012.PETRAEUS,David Petraeus to be Republican VP nominee in 2012,20,0.6,Jul/31/2012 18:50:22
750232,REP.VP.2012.PETRAEUS,David Petraeus to be Republican VP nominee in 2012,1,0.6,Jul/31/2012 18:50:22
750232,REP.VP.2012.PETRAEUS,David Petraeus to be Republican VP nominee in 2012,100,0.6,Jul/31/2012 18:50:22
750232,REP.VP.2012.PETRAEUS,David Petraeus to be Republican VP nominee in 2012,10,0.5,Jul/31/2012 18:50:22
750232,REP.VP.2012.PETRAEUS,David Petraeus to be Republican VP nominee in 2012,1,0.5,Jul/31/2012 18:50:22
750232,REP.VP.2012.PETRAEUS,David Petraeus to be Republican VP nominee in 2012,25,0.7,Jul/31/2012 18:50:33
750232,REP.VP.2012.PETRAEUS,David Petraeus to be Republican VP nominee in 2012,1,0.7,Jul/31/2012 18:50:33
750232,REP.VP.2012.PETRAEUS,David Petraeus to be Republican VP nominee in 2012,100,0.7,Jul/31/2012 18:50:33
750232,REP.VP.2012.PETRAEUS,David Petraeus to be Republican VP nominee in 2012,10,0.9,Jul/31/2012 18:50:48
750232,REP.VP.2012.PETRAEUS,David Petraeus to be Republican VP nominee in 2012,50,0.9,Jul/31/2012 18:50:48
750232,REP.VP.2012.PETRAEUS,David Petraeus to be Republican VP nominee in 2012,2,0.9,Jul/31/2012 18:50:48
750232,REP.VP.2012.PETRAEUS,David Petraeus to be Republican VP nominee in 2012,100,0.9,Jul/31/2012 18:50:48
750232,REP.VP.2012.PETRAEUS,David Petraeus to be Republican VP nominee in 2012,11,1.0,Jul/31/2012 18:51:01
750232,REP.VP.2012.PETRAEUS,David Petraeus to be Republican VP nominee in 2012,25,1.0,Jul/31/2012 18:51:01
750232,REP.VP.2012.PETRAEUS,David Petraeus to be Republican VP nominee in 2012,50,1.0,Jul/31/2012 18:51:01
750232,REP.VP.2012.PETRAEUS,David Petraeus to be Republican VP nominee in 2012,1,1.0,Jul/31/2012 18:51:01
750232,REP.VP.2012.PETRAEUS,David Petraeus to be Republican VP nominee in 2012,100,1.0,Jul/31/2012 18:51:01
750232,REP.VP.2012.PETRAEUS,David Petraeus to be Republican VP nominee in 2012,10,1.4,Jul/31/2012 18:51:17
750232,REP.VP.2012.PETRAEUS,David Petraeus to be Republican VP nominee in 2012,25,1.5,Jul/31/2012 19:17:12
750232,REP.VP.2012.PETRAEUS,David Petraeus to be Republican VP nominee in 2012,25,1.5,Jul/31/2012 19:17:12
750232,REP.VP.2012.PETRAEUS,David Petraeus to be Republican VP nominee in 2012,1,1.5,Jul/31/2012 19:17:12
750232,REP.VP.2012.PETRAEUS,David Petraeus to be Republican VP nominee in 2012,100,1.5,Aug/01/2012 01:30:33
750232,REP.VP.2012.PETRAEUS,David Petraeus to be Republican VP nominee in 2012,1,1.5,Aug/01/2012 01:30:33
750232,REP.VP.2012.PETRAEUS,David Petraeus to be Republican VP nominee in 2012,25,1.6,Aug/01/2012 01:30:44
750232,REP.VP.2012.PETRAEUS,David Petraeus to be Republican VP nominee in 2012,1,1.6,Aug/01/2012 01:30:44
750232,REP.VP.2012.PETRAEUS,David Petraeus to be Republican VP nominee in 2012,100,1.6,Aug/01/2012 01:30:44
750232,REP.VP.2012.PETRAEUS,David Petraeus to be Republican VP nominee in 2012,10,1.7,Aug/01/2012 01:30:53
750232,REP.VP.2012.PETRAEUS,David Petraeus to be Republican VP nominee in 2012,1,1.7,Aug/01/2012 01:30:53
750232,REP.VP.2012.PETRAEUS,David Petraeus to be Republican VP nominee in 2012,40,1.7,Aug/01/2012 01:30:53
750232,REP.VP.2012.PETRAEUS,David Petraeus to be Republican VP nominee in 2012,25,1.7,Aug/01/2012 01:30:53
750232,REP.VP.2012.PETRAEUS,David Petraeus to be Republican VP nominee in 2012,100,1.8,Aug/01/2012 01:31:03
750232,REP.VP.2012.PETRAEUS,David Petraeus to be Republican VP nominee in 2012,222,1.9,Aug/01/2012 01:31:35
750232,REP.VP.2012.PETRAEUS,David Petraeus to be Republican VP nominee in 2012,19,1.9,Aug/01/2012 01:31:35
