market id,market symbol,market name,trade quantity,trade price,date/time [utc]
743871,REP.VP.2012.CANTOR,Eric Cantor to be Republican VP nominee in 2012,1,1.5,Jan/31/2011 16:20:33
743871,REP.VP.2012.CANTOR,Eric Cantor to be Republican VP nominee in 2012,1,1.5,Feb/05/2011 19:28:10
743871,REP.VP.2012.CANTOR,Eric Cantor to be Republican VP nominee in 2012,2,1.8,Mar/01/2011 20:40:14
743871,REP.VP.2012.CANTOR,Eric Cantor to be Republican VP nominee in 2012,3,1.7,Apr/16/2011 15:37:07
743871,REP.VP.2012.CANTOR,Eric Cantor to be Republican VP nominee in 2012,3,2.5,Apr/16/2011 20:21:08
743871,REP.VP.2012.CANTOR,Eric Cantor to be Republican VP nominee in 2012,1,1.5,May/16/2011 17:11:43
743871,REP.VP.2012.CANTOR,Eric Cantor to be Republican VP nominee in 2012,1,1.5,May/16/2011 17:12:49
743871,REP.VP.2012.CANTOR,Eric Cantor to be Republican VP nominee in 2012,1,1.5,May/21/2011 23:24:55
743871,REP.VP.2012.CANTOR,Eric Cantor to be Republican VP nominee in 2012,3,1.5,May/28/2011 15:15:56
743871,REP.VP.2012.CANTOR,Eric Cantor to be Republican VP nominee in 2012,1,1.8,May/28/2011 15:17:09
743871,REP.VP.2012.CANTOR,Eric Cantor to be Republican VP nominee in 2012,5,1.8,May/28/2011 15:17:09
743871,REP.VP.2012.CANTOR,Eric Cantor to be Republican VP nominee in 2012,10,1.5,Jun/14/2011 23:13:16
743871,REP.VP.2012.CANTOR,Eric Cantor to be Republican VP nominee in 2012,5,1.2,Jul/01/2011 17:23:09
743871,REP.VP.2012.CANTOR,Eric Cantor to be Republican VP nominee in 2012,5,1.2,Jul/01/2011 17:26:01
743871,REP.VP.2012.CANTOR,Eric Cantor to be Republican VP nominee in 2012,7,1.0,Jul/01/2011 19:36:51
743871,REP.VP.2012.CANTOR,Eric Cantor to be Republican VP nominee in 2012,3,1.0,Jul/01/2011 20:04:36
743871,REP.VP.2012.CANTOR,Eric Cantor to be Republican VP nominee in 2012,3,0.9,Jul/14/2011 00:09:50
743871,REP.VP.2012.CANTOR,Eric Cantor to be Republican VP nominee in 2012,5,0.9,Jul/17/2011 02:35:35
743871,REP.VP.2012.CANTOR,Eric Cantor to be Republican VP nominee in 2012,5,1.0,Jul/24/2011 09:48:25
743871,REP.VP.2012.CANTOR,Eric Cantor to be Republican VP nominee in 2012,5,0.9,Jul/24/2011 09:48:25
743871,REP.VP.2012.CANTOR,Eric Cantor to be Republican VP nominee in 2012,1,1.0,Jul/29/2011 03:09:01
743871,REP.VP.2012.CANTOR,Eric Cantor to be Republican VP nominee in 2012,1,0.9,Aug/03/2011 09:40:15
743871,REP.VP.2012.CANTOR,Eric Cantor to be Republican VP nominee in 2012,10,0.9,Aug/03/2011 14:53:49
743871,REP.VP.2012.CANTOR,Eric Cantor to be Republican VP nominee in 2012,5,0.9,Aug/04/2011 05:56:35
743871,REP.VP.2012.CANTOR,Eric Cantor to be Republican VP nominee in 2012,4,0.9,Aug/06/2011 04:38:18
743871,REP.VP.2012.CANTOR,Eric Cantor to be Republican VP nominee in 2012,1,0.8,Aug/12/2011 02:31:40
743871,REP.VP.2012.CANTOR,Eric Cantor to be Republican VP nominee in 2012,20,1.0,Sep/15/2011 23:12:34
743871,REP.VP.2012.CANTOR,Eric Cantor to be Republican VP nominee in 2012,1,0.3,Sep/30/2011 09:08:07
743871,REP.VP.2012.CANTOR,Eric Cantor to be Republican VP nominee in 2012,1,0.3,Sep/30/2011 09:09:22
743871,REP.VP.2012.CANTOR,Eric Cantor to be Republican VP nominee in 2012,16,0.5,Oct/03/2011 14:24:14
743871,REP.VP.2012.CANTOR,Eric Cantor to be Republican VP nominee in 2012,10,0.5,Oct/03/2011 14:25:20
743871,REP.VP.2012.CANTOR,Eric Cantor to be Republican VP nominee in 2012,2,0.4,Oct/05/2011 00:33:02
743871,REP.VP.2012.CANTOR,Eric Cantor to be Republican VP nominee in 2012,10,0.5,Oct/05/2011 16:20:22
743871,REP.VP.2012.CANTOR,Eric Cantor to be Republican VP nominee in 2012,7,0.5,Oct/05/2011 19:31:41
743871,REP.VP.2012.CANTOR,Eric Cantor to be Republican VP nominee in 2012,20,0.5,Oct/05/2011 19:31:41
743871,REP.VP.2012.CANTOR,Eric Cantor to be Republican VP nominee in 2012,1,0.5,Oct/05/2011 19:31:41
743871,REP.VP.2012.CANTOR,Eric Cantor to be Republican VP nominee in 2012,20,0.5,Oct/05/2011 19:31:41
743871,REP.VP.2012.CANTOR,Eric Cantor to be Republican VP nominee in 2012,20,0.5,Oct/05/2011 19:31:41
743871,REP.VP.2012.CANTOR,Eric Cantor to be Republican VP nominee in 2012,20,0.5,Oct/05/2011 19:31:41
743871,REP.VP.2012.CANTOR,Eric Cantor to be Republican VP nominee in 2012,20,0.5,Oct/05/2011 19:31:41
743871,REP.VP.2012.CANTOR,Eric Cantor to be Republican VP nominee in 2012,1,0.7,Oct/07/2011 02:15:35
743871,REP.VP.2012.CANTOR,Eric Cantor to be Republican VP nominee in 2012,15,0.5,Oct/08/2011 12:53:14
743871,REP.VP.2012.CANTOR,Eric Cantor to be Republican VP nominee in 2012,1,0.4,Oct/12/2011 07:05:57
743871,REP.VP.2012.CANTOR,Eric Cantor to be Republican VP nominee in 2012,1,0.4,Oct/12/2011 11:22:37
743871,REP.VP.2012.CANTOR,Eric Cantor to be Republican VP nominee in 2012,1,0.4,Oct/12/2011 11:22:48
743871,REP.VP.2012.CANTOR,Eric Cantor to be Republican VP nominee in 2012,1,0.4,Oct/12/2011 11:22:48
743871,REP.VP.2012.CANTOR,Eric Cantor to be Republican VP nominee in 2012,2,0.4,Oct/12/2011 11:24:26
743871,REP.VP.2012.CANTOR,Eric Cantor to be Republican VP nominee in 2012,4,0.4,Oct/12/2011 11:24:31
743871,REP.VP.2012.CANTOR,Eric Cantor to be Republican VP nominee in 2012,6,0.4,Oct/12/2011 11:25:38
743871,REP.VP.2012.CANTOR,Eric Cantor to be Republican VP nominee in 2012,10,0.4,Oct/12/2011 11:27:30
743871,REP.VP.2012.CANTOR,Eric Cantor to be Republican VP nominee in 2012,20,0.5,Oct/14/2011 21:44:59
743871,REP.VP.2012.CANTOR,Eric Cantor to be Republican VP nominee in 2012,15,0.5,Oct/14/2011 21:44:59
743871,REP.VP.2012.CANTOR,Eric Cantor to be Republican VP nominee in 2012,1,0.5,Oct/14/2011 21:44:59
743871,REP.VP.2012.CANTOR,Eric Cantor to be Republican VP nominee in 2012,4,0.5,Oct/14/2011 21:44:59
743871,REP.VP.2012.CANTOR,Eric Cantor to be Republican VP nominee in 2012,1,0.4,Oct/22/2011 22:02:21
743871,REP.VP.2012.CANTOR,Eric Cantor to be Republican VP nominee in 2012,1,0.4,Oct/23/2011 10:44:09
743871,REP.VP.2012.CANTOR,Eric Cantor to be Republican VP nominee in 2012,1,0.4,Oct/23/2011 10:50:40
743871,REP.VP.2012.CANTOR,Eric Cantor to be Republican VP nominee in 2012,2,0.4,Oct/23/2011 11:47:14
743871,REP.VP.2012.CANTOR,Eric Cantor to be Republican VP nominee in 2012,7,0.4,Oct/23/2011 14:07:30
743871,REP.VP.2012.CANTOR,Eric Cantor to be Republican VP nominee in 2012,1,0.4,Oct/23/2011 14:10:43
743871,REP.VP.2012.CANTOR,Eric Cantor to be Republican VP nominee in 2012,1,0.4,Oct/23/2011 14:17:41
743871,REP.VP.2012.CANTOR,Eric Cantor to be Republican VP nominee in 2012,1,0.4,Oct/23/2011 14:18:34
743871,REP.VP.2012.CANTOR,Eric Cantor to be Republican VP nominee in 2012,2,0.4,Oct/23/2011 14:19:18
743871,REP.VP.2012.CANTOR,Eric Cantor to be Republican VP nominee in 2012,10,0.4,Oct/23/2011 15:15:03
743871,REP.VP.2012.CANTOR,Eric Cantor to be Republican VP nominee in 2012,10,0.4,Oct/23/2011 15:16:15
743871,REP.VP.2012.CANTOR,Eric Cantor to be Republican VP nominee in 2012,10,0.4,Oct/23/2011 15:31:46
743871,REP.VP.2012.CANTOR,Eric Cantor to be Republican VP nominee in 2012,15,0.5,Oct/26/2011 16:16:33
743871,REP.VP.2012.CANTOR,Eric Cantor to be Republican VP nominee in 2012,5,0.5,Oct/26/2011 16:16:33
743871,REP.VP.2012.CANTOR,Eric Cantor to be Republican VP nominee in 2012,100,1.4,Oct/27/2011 10:10:35
743871,REP.VP.2012.CANTOR,Eric Cantor to be Republican VP nominee in 2012,1,2.0,Oct/27/2011 10:10:35
743871,REP.VP.2012.CANTOR,Eric Cantor to be Republican VP nominee in 2012,1,1.0,Oct/27/2011 10:10:35
743871,REP.VP.2012.CANTOR,Eric Cantor to be Republican VP nominee in 2012,20,1.5,Oct/27/2011 10:10:35
743871,REP.VP.2012.CANTOR,Eric Cantor to be Republican VP nominee in 2012,40,1.0,Oct/27/2011 10:10:35
743871,REP.VP.2012.CANTOR,Eric Cantor to be Republican VP nominee in 2012,35,0.5,Oct/27/2011 10:10:35
743871,REP.VP.2012.CANTOR,Eric Cantor to be Republican VP nominee in 2012,2,0.7,Oct/27/2011 10:10:35
743871,REP.VP.2012.CANTOR,Eric Cantor to be Republican VP nominee in 2012,20,2.0,Oct/27/2011 10:10:35
743871,REP.VP.2012.CANTOR,Eric Cantor to be Republican VP nominee in 2012,1,1.5,Oct/27/2011 10:10:35
743871,REP.VP.2012.CANTOR,Eric Cantor to be Republican VP nominee in 2012,20,2.0,Oct/27/2011 10:10:35
743871,REP.VP.2012.CANTOR,Eric Cantor to be Republican VP nominee in 2012,30,0.5,Oct/27/2011 10:10:35
743871,REP.VP.2012.CANTOR,Eric Cantor to be Republican VP nominee in 2012,1,0.5,Oct/27/2011 10:10:35
743871,REP.VP.2012.CANTOR,Eric Cantor to be Republican VP nominee in 2012,20,0.5,Oct/27/2011 10:10:35
743871,REP.VP.2012.CANTOR,Eric Cantor to be Republican VP nominee in 2012,50,1.5,Oct/27/2011 10:10:35
743871,REP.VP.2012.CANTOR,Eric Cantor to be Republican VP nominee in 2012,50,1.0,Oct/27/2011 10:10:35
743871,REP.VP.2012.CANTOR,Eric Cantor to be Republican VP nominee in 2012,50,1.0,Oct/27/2011 10:10:35
743871,REP.VP.2012.CANTOR,Eric Cantor to be Republican VP nominee in 2012,47,2.0,Oct/27/2011 10:10:35
743871,REP.VP.2012.CANTOR,Eric Cantor to be Republican VP nominee in 2012,50,0.5,Oct/27/2011 10:10:35
743871,REP.VP.2012.CANTOR,Eric Cantor to be Republican VP nominee in 2012,25,0.9,Oct/27/2011 10:10:35
743871,REP.VP.2012.CANTOR,Eric Cantor to be Republican VP nominee in 2012,50,0.5,Oct/27/2011 10:10:35
743871,REP.VP.2012.CANTOR,Eric Cantor to be Republican VP nominee in 2012,100,0.9,Oct/27/2011 10:10:35
743871,REP.VP.2012.CANTOR,Eric Cantor to be Republican VP nominee in 2012,30,1.0,Oct/27/2011 10:10:35
743871,REP.VP.2012.CANTOR,Eric Cantor to be Republican VP nominee in 2012,2,0.8,Oct/27/2011 10:10:35
743871,REP.VP.2012.CANTOR,Eric Cantor to be Republican VP nominee in 2012,20,2.0,Oct/27/2011 10:10:35
743871,REP.VP.2012.CANTOR,Eric Cantor to be Republican VP nominee in 2012,1,1.4,Oct/27/2011 10:10:35
743871,REP.VP.2012.CANTOR,Eric Cantor to be Republican VP nominee in 2012,1,2.0,Oct/27/2011 10:10:35
743871,REP.VP.2012.CANTOR,Eric Cantor to be Republican VP nominee in 2012,30,1.0,Oct/27/2011 10:10:35
743871,REP.VP.2012.CANTOR,Eric Cantor to be Republican VP nominee in 2012,50,2.0,Oct/27/2011 10:10:35
743871,REP.VP.2012.CANTOR,Eric Cantor to be Republican VP nominee in 2012,20,1.0,Oct/27/2011 10:10:35
743871,REP.VP.2012.CANTOR,Eric Cantor to be Republican VP nominee in 2012,20,1.0,Oct/27/2011 10:10:35
743871,REP.VP.2012.CANTOR,Eric Cantor to be Republican VP nominee in 2012,20,1.0,Oct/27/2011 10:10:35
743871,REP.VP.2012.CANTOR,Eric Cantor to be Republican VP nominee in 2012,20,1.0,Oct/27/2011 10:10:35
743871,REP.VP.2012.CANTOR,Eric Cantor to be Republican VP nominee in 2012,20,2.0,Oct/27/2011 10:10:35
743871,REP.VP.2012.CANTOR,Eric Cantor to be Republican VP nominee in 2012,20,1.5,Oct/27/2011 10:10:35
743871,REP.VP.2012.CANTOR,Eric Cantor to be Republican VP nominee in 2012,20,2.0,Oct/27/2011 10:10:35
743871,REP.VP.2012.CANTOR,Eric Cantor to be Republican VP nominee in 2012,3,0.9,Oct/27/2011 10:10:35
743871,REP.VP.2012.CANTOR,Eric Cantor to be Republican VP nominee in 2012,20,2.0,Oct/27/2011 10:10:35
743871,REP.VP.2012.CANTOR,Eric Cantor to be Republican VP nominee in 2012,100,2.2,Oct/27/2011 10:22:48
743871,REP.VP.2012.CANTOR,Eric Cantor to be Republican VP nominee in 2012,3,2.0,Oct/27/2011 10:22:48
743871,REP.VP.2012.CANTOR,Eric Cantor to be Republican VP nominee in 2012,50,2.5,Oct/27/2011 10:23:33
743871,REP.VP.2012.CANTOR,Eric Cantor to be Republican VP nominee in 2012,1,2.5,Oct/27/2011 10:23:33
743871,REP.VP.2012.CANTOR,Eric Cantor to be Republican VP nominee in 2012,20,3.0,Oct/27/2011 10:24:06
743871,REP.VP.2012.CANTOR,Eric Cantor to be Republican VP nominee in 2012,50,3.0,Oct/27/2011 10:24:06
743871,REP.VP.2012.CANTOR,Eric Cantor to be Republican VP nominee in 2012,1,3.0,Oct/27/2011 10:24:06
743871,REP.VP.2012.CANTOR,Eric Cantor to be Republican VP nominee in 2012,75,3.4,Oct/27/2011 10:25:16
743871,REP.VP.2012.CANTOR,Eric Cantor to be Republican VP nominee in 2012,3,2.9,Nov/25/2011 03:46:30
743871,REP.VP.2012.CANTOR,Eric Cantor to be Republican VP nominee in 2012,1,2.9,Nov/25/2011 03:46:30
743871,REP.VP.2012.CANTOR,Eric Cantor to be Republican VP nominee in 2012,1,2.9,Nov/25/2011 16:18:50
743871,REP.VP.2012.CANTOR,Eric Cantor to be Republican VP nominee in 2012,1,2.5,Dec/01/2011 03:05:03
743871,REP.VP.2012.CANTOR,Eric Cantor to be Republican VP nominee in 2012,24,2.5,Dec/01/2011 03:05:03
743871,REP.VP.2012.CANTOR,Eric Cantor to be Republican VP nominee in 2012,20,3.0,Dec/01/2011 03:05:26
743871,REP.VP.2012.CANTOR,Eric Cantor to be Republican VP nominee in 2012,10,3.0,Dec/01/2011 03:05:26
743871,REP.VP.2012.CANTOR,Eric Cantor to be Republican VP nominee in 2012,1,2.0,Dec/06/2011 00:32:08
743871,REP.VP.2012.CANTOR,Eric Cantor to be Republican VP nominee in 2012,30,2.0,Dec/06/2011 00:32:08
743871,REP.VP.2012.CANTOR,Eric Cantor to be Republican VP nominee in 2012,30,2.0,Dec/06/2011 00:32:08
743871,REP.VP.2012.CANTOR,Eric Cantor to be Republican VP nominee in 2012,1,2.4,Dec/07/2011 03:41:04
743871,REP.VP.2012.CANTOR,Eric Cantor to be Republican VP nominee in 2012,1,2.4,Dec/07/2011 03:41:04
743871,REP.VP.2012.CANTOR,Eric Cantor to be Republican VP nominee in 2012,25,2.0,Dec/19/2011 05:10:21
743871,REP.VP.2012.CANTOR,Eric Cantor to be Republican VP nominee in 2012,1,1.2,Jan/04/2012 19:18:23
743871,REP.VP.2012.CANTOR,Eric Cantor to be Republican VP nominee in 2012,1,1.1,Jan/04/2012 19:18:23
743871,REP.VP.2012.CANTOR,Eric Cantor to be Republican VP nominee in 2012,2,1.0,Jan/04/2012 19:18:23
743871,REP.VP.2012.CANTOR,Eric Cantor to be Republican VP nominee in 2012,6,0.9,Jan/04/2012 19:18:23
743871,REP.VP.2012.CANTOR,Eric Cantor to be Republican VP nominee in 2012,9,0.9,Jan/04/2012 19:29:41
743871,REP.VP.2012.CANTOR,Eric Cantor to be Republican VP nominee in 2012,50,1.0,Jan/05/2012 17:49:05
743871,REP.VP.2012.CANTOR,Eric Cantor to be Republican VP nominee in 2012,5,1.0,Jan/06/2012 15:34:39
743871,REP.VP.2012.CANTOR,Eric Cantor to be Republican VP nominee in 2012,5,0.9,Jan/09/2012 16:05:57
743871,REP.VP.2012.CANTOR,Eric Cantor to be Republican VP nominee in 2012,7,0.5,Jan/13/2012 18:31:16
743871,REP.VP.2012.CANTOR,Eric Cantor to be Republican VP nominee in 2012,1,0.6,Jan/16/2012 18:13:59
743871,REP.VP.2012.CANTOR,Eric Cantor to be Republican VP nominee in 2012,7,0.6,Jan/16/2012 18:13:59
743871,REP.VP.2012.CANTOR,Eric Cantor to be Republican VP nominee in 2012,9,0.4,Jan/16/2012 23:56:49
743871,REP.VP.2012.CANTOR,Eric Cantor to be Republican VP nominee in 2012,41,0.3,Jan/16/2012 23:57:16
743871,REP.VP.2012.CANTOR,Eric Cantor to be Republican VP nominee in 2012,4,0.3,Jan/17/2012 03:58:19
743871,REP.VP.2012.CANTOR,Eric Cantor to be Republican VP nominee in 2012,20,0.5,Jan/17/2012 08:48:38
743871,REP.VP.2012.CANTOR,Eric Cantor to be Republican VP nominee in 2012,20,0.3,Jan/17/2012 22:23:02
743871,REP.VP.2012.CANTOR,Eric Cantor to be Republican VP nominee in 2012,4,0.3,Jan/18/2012 01:40:57
743871,REP.VP.2012.CANTOR,Eric Cantor to be Republican VP nominee in 2012,1,0.4,Jan/18/2012 03:42:12
743871,REP.VP.2012.CANTOR,Eric Cantor to be Republican VP nominee in 2012,20,0.3,Jan/18/2012 23:00:02
743871,REP.VP.2012.CANTOR,Eric Cantor to be Republican VP nominee in 2012,11,0.3,Jan/20/2012 00:53:25
743871,REP.VP.2012.CANTOR,Eric Cantor to be Republican VP nominee in 2012,5,0.3,Jan/20/2012 00:53:25
743871,REP.VP.2012.CANTOR,Eric Cantor to be Republican VP nominee in 2012,4,0.3,Jan/20/2012 00:53:25
743871,REP.VP.2012.CANTOR,Eric Cantor to be Republican VP nominee in 2012,100,0.4,Jan/22/2012 12:36:38
743871,REP.VP.2012.CANTOR,Eric Cantor to be Republican VP nominee in 2012,4,0.4,Jan/22/2012 12:36:38
743871,REP.VP.2012.CANTOR,Eric Cantor to be Republican VP nominee in 2012,10,0.4,Jan/22/2012 12:36:38
743871,REP.VP.2012.CANTOR,Eric Cantor to be Republican VP nominee in 2012,1,0.4,Jan/22/2012 12:36:38
743871,REP.VP.2012.CANTOR,Eric Cantor to be Republican VP nominee in 2012,25,0.3,Jan/25/2012 23:45:53
743871,REP.VP.2012.CANTOR,Eric Cantor to be Republican VP nominee in 2012,1,0.3,Jan/28/2012 01:28:19
743871,REP.VP.2012.CANTOR,Eric Cantor to be Republican VP nominee in 2012,25,0.3,Jan/28/2012 03:42:48
743871,REP.VP.2012.CANTOR,Eric Cantor to be Republican VP nominee in 2012,6,0.3,Jan/29/2012 17:17:59
743871,REP.VP.2012.CANTOR,Eric Cantor to be Republican VP nominee in 2012,144,0.3,Jan/29/2012 17:17:59
743871,REP.VP.2012.CANTOR,Eric Cantor to be Republican VP nominee in 2012,10,0.3,Jan/29/2012 17:17:59
743871,REP.VP.2012.CANTOR,Eric Cantor to be Republican VP nominee in 2012,10,0.2,Jan/29/2012 17:17:59
743871,REP.VP.2012.CANTOR,Eric Cantor to be Republican VP nominee in 2012,10,0.3,Jan/29/2012 17:17:59
743871,REP.VP.2012.CANTOR,Eric Cantor to be Republican VP nominee in 2012,100,0.2,Jan/29/2012 17:31:18
743871,REP.VP.2012.CANTOR,Eric Cantor to be Republican VP nominee in 2012,110,0.2,Jan/29/2012 19:03:07
743871,REP.VP.2012.CANTOR,Eric Cantor to be Republican VP nominee in 2012,30,0.3,Jan/30/2012 01:36:44
743871,REP.VP.2012.CANTOR,Eric Cantor to be Republican VP nominee in 2012,75,0.2,Jan/30/2012 23:54:20
743871,REP.VP.2012.CANTOR,Eric Cantor to be Republican VP nominee in 2012,30,0.2,Jan/30/2012 23:54:30
743871,REP.VP.2012.CANTOR,Eric Cantor to be Republican VP nominee in 2012,25,0.2,Jan/30/2012 23:54:47
743871,REP.VP.2012.CANTOR,Eric Cantor to be Republican VP nominee in 2012,1,0.3,Feb/04/2012 06:12:15
743871,REP.VP.2012.CANTOR,Eric Cantor to be Republican VP nominee in 2012,25,0.3,Feb/04/2012 06:12:15
743871,REP.VP.2012.CANTOR,Eric Cantor to be Republican VP nominee in 2012,50,0.3,Feb/04/2012 06:12:15
743871,REP.VP.2012.CANTOR,Eric Cantor to be Republican VP nominee in 2012,50,0.3,Feb/04/2012 06:12:15
743871,REP.VP.2012.CANTOR,Eric Cantor to be Republican VP nominee in 2012,50,0.3,Feb/04/2012 06:12:15
743871,REP.VP.2012.CANTOR,Eric Cantor to be Republican VP nominee in 2012,50,0.3,Feb/04/2012 06:12:15
743871,REP.VP.2012.CANTOR,Eric Cantor to be Republican VP nominee in 2012,20,0.3,Feb/04/2012 06:12:15
743871,REP.VP.2012.CANTOR,Eric Cantor to be Republican VP nominee in 2012,50,0.3,Feb/04/2012 06:12:15
743871,REP.VP.2012.CANTOR,Eric Cantor to be Republican VP nominee in 2012,50,0.3,Feb/04/2012 06:12:15
743871,REP.VP.2012.CANTOR,Eric Cantor to be Republican VP nominee in 2012,2,0.2,Feb/05/2012 16:33:41
743871,REP.VP.2012.CANTOR,Eric Cantor to be Republican VP nominee in 2012,19,0.2,Feb/07/2012 15:45:44
743871,REP.VP.2012.CANTOR,Eric Cantor to be Republican VP nominee in 2012,1,0.2,Feb/13/2012 03:38:30
743871,REP.VP.2012.CANTOR,Eric Cantor to be Republican VP nominee in 2012,4,0.2,Feb/13/2012 23:23:40
743871,REP.VP.2012.CANTOR,Eric Cantor to be Republican VP nominee in 2012,12,0.2,Feb/22/2012 06:16:25
743871,REP.VP.2012.CANTOR,Eric Cantor to be Republican VP nominee in 2012,2,0.3,Feb/23/2012 05:17:21
743871,REP.VP.2012.CANTOR,Eric Cantor to be Republican VP nominee in 2012,50,0.2,Feb/29/2012 00:53:06
743871,REP.VP.2012.CANTOR,Eric Cantor to be Republican VP nominee in 2012,6,0.3,Mar/02/2012 02:56:42
743871,REP.VP.2012.CANTOR,Eric Cantor to be Republican VP nominee in 2012,22,0.2,Mar/02/2012 04:14:36
743871,REP.VP.2012.CANTOR,Eric Cantor to be Republican VP nominee in 2012,4,0.2,Mar/02/2012 04:14:36
743871,REP.VP.2012.CANTOR,Eric Cantor to be Republican VP nominee in 2012,24,0.2,Mar/05/2012 05:56:39
743871,REP.VP.2012.CANTOR,Eric Cantor to be Republican VP nominee in 2012,1,0.2,Mar/05/2012 05:56:39
743871,REP.VP.2012.CANTOR,Eric Cantor to be Republican VP nominee in 2012,50,0.3,Mar/06/2012 02:13:58
743871,REP.VP.2012.CANTOR,Eric Cantor to be Republican VP nominee in 2012,50,0.3,Mar/06/2012 02:13:58
743871,REP.VP.2012.CANTOR,Eric Cantor to be Republican VP nominee in 2012,50,0.3,Mar/06/2012 02:13:58
743871,REP.VP.2012.CANTOR,Eric Cantor to be Republican VP nominee in 2012,50,0.3,Mar/06/2012 02:13:58
743871,REP.VP.2012.CANTOR,Eric Cantor to be Republican VP nominee in 2012,1,0.3,Mar/06/2012 02:13:58
743871,REP.VP.2012.CANTOR,Eric Cantor to be Republican VP nominee in 2012,50,0.3,Mar/06/2012 02:13:58
743871,REP.VP.2012.CANTOR,Eric Cantor to be Republican VP nominee in 2012,42,0.3,Mar/06/2012 02:13:58
743871,REP.VP.2012.CANTOR,Eric Cantor to be Republican VP nominee in 2012,1,0.4,Mar/06/2012 06:51:33
743871,REP.VP.2012.CANTOR,Eric Cantor to be Republican VP nominee in 2012,10,0.3,Mar/07/2012 15:53:32
743871,REP.VP.2012.CANTOR,Eric Cantor to be Republican VP nominee in 2012,6,0.1,Mar/08/2012 02:33:27
743871,REP.VP.2012.CANTOR,Eric Cantor to be Republican VP nominee in 2012,4,0.1,Mar/08/2012 02:33:49
743871,REP.VP.2012.CANTOR,Eric Cantor to be Republican VP nominee in 2012,50,0.2,Mar/08/2012 17:08:11
743871,REP.VP.2012.CANTOR,Eric Cantor to be Republican VP nominee in 2012,1,0.2,Mar/08/2012 17:08:11
743871,REP.VP.2012.CANTOR,Eric Cantor to be Republican VP nominee in 2012,50,0.2,Mar/08/2012 17:08:11
743871,REP.VP.2012.CANTOR,Eric Cantor to be Republican VP nominee in 2012,99,0.2,Mar/08/2012 17:08:11
743871,REP.VP.2012.CANTOR,Eric Cantor to be Republican VP nominee in 2012,50,0.2,Mar/08/2012 17:08:11
743871,REP.VP.2012.CANTOR,Eric Cantor to be Republican VP nominee in 2012,1,0.2,Mar/14/2012 18:55:01
743871,REP.VP.2012.CANTOR,Eric Cantor to be Republican VP nominee in 2012,1,0.2,Mar/14/2012 18:55:01
743871,REP.VP.2012.CANTOR,Eric Cantor to be Republican VP nominee in 2012,50,0.2,Mar/14/2012 18:55:01
743871,REP.VP.2012.CANTOR,Eric Cantor to be Republican VP nominee in 2012,40,0.3,Mar/14/2012 18:56:00
743871,REP.VP.2012.CANTOR,Eric Cantor to be Republican VP nominee in 2012,4,0.4,Mar/14/2012 18:56:35
743871,REP.VP.2012.CANTOR,Eric Cantor to be Republican VP nominee in 2012,50,0.4,Mar/14/2012 18:56:35
743871,REP.VP.2012.CANTOR,Eric Cantor to be Republican VP nominee in 2012,10,0.4,Mar/14/2012 18:56:35
743871,REP.VP.2012.CANTOR,Eric Cantor to be Republican VP nominee in 2012,9,0.4,Mar/14/2012 18:56:35
743871,REP.VP.2012.CANTOR,Eric Cantor to be Republican VP nominee in 2012,1,0.4,Mar/14/2012 18:56:35
743871,REP.VP.2012.CANTOR,Eric Cantor to be Republican VP nominee in 2012,26,0.4,Mar/14/2012 18:56:35
743871,REP.VP.2012.CANTOR,Eric Cantor to be Republican VP nominee in 2012,50,0.5,Mar/14/2012 18:57:44
743871,REP.VP.2012.CANTOR,Eric Cantor to be Republican VP nominee in 2012,50,0.5,Mar/14/2012 18:57:44
743871,REP.VP.2012.CANTOR,Eric Cantor to be Republican VP nominee in 2012,50,0.5,Mar/14/2012 18:57:44
743871,REP.VP.2012.CANTOR,Eric Cantor to be Republican VP nominee in 2012,50,0.5,Mar/14/2012 18:57:44
743871,REP.VP.2012.CANTOR,Eric Cantor to be Republican VP nominee in 2012,50,0.6,Mar/14/2012 19:00:14
743871,REP.VP.2012.CANTOR,Eric Cantor to be Republican VP nominee in 2012,33,0.6,Mar/14/2012 19:00:14
743871,REP.VP.2012.CANTOR,Eric Cantor to be Republican VP nominee in 2012,67,0.6,Mar/14/2012 19:16:59
743871,REP.VP.2012.CANTOR,Eric Cantor to be Republican VP nominee in 2012,33,0.6,Mar/14/2012 19:16:59
743871,REP.VP.2012.CANTOR,Eric Cantor to be Republican VP nominee in 2012,100,0.6,Mar/14/2012 19:25:39
743871,REP.VP.2012.CANTOR,Eric Cantor to be Republican VP nominee in 2012,4,0.6,Mar/14/2012 23:14:14
743871,REP.VP.2012.CANTOR,Eric Cantor to be Republican VP nominee in 2012,1,0.3,Mar/15/2012 14:42:35
743871,REP.VP.2012.CANTOR,Eric Cantor to be Republican VP nominee in 2012,2,0.3,Mar/15/2012 17:42:38
743871,REP.VP.2012.CANTOR,Eric Cantor to be Republican VP nominee in 2012,19,0.3,Mar/15/2012 17:42:38
743871,REP.VP.2012.CANTOR,Eric Cantor to be Republican VP nominee in 2012,20,0.4,Mar/16/2012 21:46:07
743871,REP.VP.2012.CANTOR,Eric Cantor to be Republican VP nominee in 2012,20,0.3,Mar/16/2012 23:19:03
743871,REP.VP.2012.CANTOR,Eric Cantor to be Republican VP nominee in 2012,1,0.3,Mar/16/2012 23:19:03
743871,REP.VP.2012.CANTOR,Eric Cantor to be Republican VP nominee in 2012,2,0.2,Mar/18/2012 19:08:29
743871,REP.VP.2012.CANTOR,Eric Cantor to be Republican VP nominee in 2012,2,0.2,Mar/19/2012 19:03:13
743871,REP.VP.2012.CANTOR,Eric Cantor to be Republican VP nominee in 2012,4,0.3,Mar/20/2012 14:51:40
743871,REP.VP.2012.CANTOR,Eric Cantor to be Republican VP nominee in 2012,1,0.3,Mar/20/2012 14:51:40
743871,REP.VP.2012.CANTOR,Eric Cantor to be Republican VP nominee in 2012,2,0.3,Mar/20/2012 14:51:40
743871,REP.VP.2012.CANTOR,Eric Cantor to be Republican VP nominee in 2012,42,0.2,Mar/21/2012 14:26:42
743871,REP.VP.2012.CANTOR,Eric Cantor to be Republican VP nominee in 2012,24,0.2,Mar/22/2012 06:36:43
743871,REP.VP.2012.CANTOR,Eric Cantor to be Republican VP nominee in 2012,34,0.2,Mar/23/2012 02:41:04
743871,REP.VP.2012.CANTOR,Eric Cantor to be Republican VP nominee in 2012,1,0.2,Mar/23/2012 02:41:04
743871,REP.VP.2012.CANTOR,Eric Cantor to be Republican VP nominee in 2012,50,0.2,Mar/23/2012 02:41:04
743871,REP.VP.2012.CANTOR,Eric Cantor to be Republican VP nominee in 2012,15,0.2,Mar/23/2012 02:41:04
743871,REP.VP.2012.CANTOR,Eric Cantor to be Republican VP nominee in 2012,2,0.1,Mar/23/2012 13:41:52
743871,REP.VP.2012.CANTOR,Eric Cantor to be Republican VP nominee in 2012,8,0.1,Mar/23/2012 13:59:23
743871,REP.VP.2012.CANTOR,Eric Cantor to be Republican VP nominee in 2012,3,0.1,Mar/23/2012 14:00:25
743871,REP.VP.2012.CANTOR,Eric Cantor to be Republican VP nominee in 2012,1,0.1,Mar/23/2012 14:02:28
743871,REP.VP.2012.CANTOR,Eric Cantor to be Republican VP nominee in 2012,1,0.1,Mar/23/2012 14:06:16
743871,REP.VP.2012.CANTOR,Eric Cantor to be Republican VP nominee in 2012,35,0.2,Mar/23/2012 14:15:21
743871,REP.VP.2012.CANTOR,Eric Cantor to be Republican VP nominee in 2012,65,0.2,Mar/23/2012 14:15:21
743871,REP.VP.2012.CANTOR,Eric Cantor to be Republican VP nominee in 2012,1,0.2,Mar/23/2012 14:15:48
743871,REP.VP.2012.CANTOR,Eric Cantor to be Republican VP nominee in 2012,35,0.2,Mar/23/2012 14:15:48
743871,REP.VP.2012.CANTOR,Eric Cantor to be Republican VP nominee in 2012,100,0.2,Mar/25/2012 03:52:36
743871,REP.VP.2012.CANTOR,Eric Cantor to be Republican VP nominee in 2012,12,0.1,Mar/25/2012 15:11:17
743871,REP.VP.2012.CANTOR,Eric Cantor to be Republican VP nominee in 2012,20,0.1,Mar/26/2012 00:28:19
743871,REP.VP.2012.CANTOR,Eric Cantor to be Republican VP nominee in 2012,5,0.2,Mar/26/2012 15:50:04
743871,REP.VP.2012.CANTOR,Eric Cantor to be Republican VP nominee in 2012,1,0.2,Mar/26/2012 15:50:04
743871,REP.VP.2012.CANTOR,Eric Cantor to be Republican VP nominee in 2012,3,0.1,Mar/27/2012 03:20:05
743871,REP.VP.2012.CANTOR,Eric Cantor to be Republican VP nominee in 2012,1,0.1,Mar/27/2012 14:09:32
743871,REP.VP.2012.CANTOR,Eric Cantor to be Republican VP nominee in 2012,2,0.1,Mar/27/2012 14:09:54
743871,REP.VP.2012.CANTOR,Eric Cantor to be Republican VP nominee in 2012,1,0.1,Mar/27/2012 14:13:06
743871,REP.VP.2012.CANTOR,Eric Cantor to be Republican VP nominee in 2012,1,0.1,Mar/27/2012 14:38:19
743871,REP.VP.2012.CANTOR,Eric Cantor to be Republican VP nominee in 2012,5,0.1,Mar/27/2012 14:46:12
743871,REP.VP.2012.CANTOR,Eric Cantor to be Republican VP nominee in 2012,3,0.1,Mar/27/2012 14:47:16
743871,REP.VP.2012.CANTOR,Eric Cantor to be Republican VP nominee in 2012,2,0.1,Mar/27/2012 14:48:20
743871,REP.VP.2012.CANTOR,Eric Cantor to be Republican VP nominee in 2012,3,0.1,Mar/27/2012 14:49:12
743871,REP.VP.2012.CANTOR,Eric Cantor to be Republican VP nominee in 2012,7,0.1,Mar/27/2012 14:51:34
743871,REP.VP.2012.CANTOR,Eric Cantor to be Republican VP nominee in 2012,7,0.1,Mar/27/2012 14:52:06
743871,REP.VP.2012.CANTOR,Eric Cantor to be Republican VP nominee in 2012,8,0.1,Mar/27/2012 14:52:26
743871,REP.VP.2012.CANTOR,Eric Cantor to be Republican VP nominee in 2012,8,0.1,Mar/27/2012 14:52:57
743871,REP.VP.2012.CANTOR,Eric Cantor to be Republican VP nominee in 2012,2,0.1,Mar/27/2012 14:53:18
743871,REP.VP.2012.CANTOR,Eric Cantor to be Republican VP nominee in 2012,1,0.1,Mar/27/2012 14:53:49
743871,REP.VP.2012.CANTOR,Eric Cantor to be Republican VP nominee in 2012,9,0.1,Mar/27/2012 14:55:05
743871,REP.VP.2012.CANTOR,Eric Cantor to be Republican VP nominee in 2012,6,0.1,Mar/27/2012 14:56:24
743871,REP.VP.2012.CANTOR,Eric Cantor to be Republican VP nominee in 2012,4,0.1,Mar/27/2012 14:56:47
743871,REP.VP.2012.CANTOR,Eric Cantor to be Republican VP nominee in 2012,9,0.1,Mar/27/2012 14:58:31
743871,REP.VP.2012.CANTOR,Eric Cantor to be Republican VP nominee in 2012,5,0.1,Mar/27/2012 14:58:54
743871,REP.VP.2012.CANTOR,Eric Cantor to be Republican VP nominee in 2012,3,0.1,Mar/27/2012 14:59:57
743871,REP.VP.2012.CANTOR,Eric Cantor to be Republican VP nominee in 2012,1,0.1,Mar/27/2012 15:20:34
743871,REP.VP.2012.CANTOR,Eric Cantor to be Republican VP nominee in 2012,1,0.1,Mar/27/2012 15:52:39
743871,REP.VP.2012.CANTOR,Eric Cantor to be Republican VP nominee in 2012,1,0.1,Mar/27/2012 16:06:11
743871,REP.VP.2012.CANTOR,Eric Cantor to be Republican VP nominee in 2012,3,0.1,Mar/27/2012 19:03:52
743871,REP.VP.2012.CANTOR,Eric Cantor to be Republican VP nominee in 2012,20,0.1,Mar/27/2012 19:56:16
743871,REP.VP.2012.CANTOR,Eric Cantor to be Republican VP nominee in 2012,20,0.1,Mar/27/2012 20:06:02
743871,REP.VP.2012.CANTOR,Eric Cantor to be Republican VP nominee in 2012,20,0.1,Mar/27/2012 23:49:55
743871,REP.VP.2012.CANTOR,Eric Cantor to be Republican VP nominee in 2012,64,0.2,Mar/29/2012 02:02:34
743871,REP.VP.2012.CANTOR,Eric Cantor to be Republican VP nominee in 2012,100,0.2,Mar/29/2012 04:19:53
743871,REP.VP.2012.CANTOR,Eric Cantor to be Republican VP nominee in 2012,31,0.2,Mar/29/2012 04:19:53
743871,REP.VP.2012.CANTOR,Eric Cantor to be Republican VP nominee in 2012,69,0.2,Mar/29/2012 04:19:53
743871,REP.VP.2012.CANTOR,Eric Cantor to be Republican VP nominee in 2012,31,0.2,Mar/29/2012 22:53:22
743871,REP.VP.2012.CANTOR,Eric Cantor to be Republican VP nominee in 2012,69,0.2,Mar/29/2012 22:53:22
743871,REP.VP.2012.CANTOR,Eric Cantor to be Republican VP nominee in 2012,5,0.2,Mar/29/2012 23:27:49
743871,REP.VP.2012.CANTOR,Eric Cantor to be Republican VP nominee in 2012,10,0.1,Mar/30/2012 22:18:36
743871,REP.VP.2012.CANTOR,Eric Cantor to be Republican VP nominee in 2012,17,0.1,Mar/31/2012 00:16:50
743871,REP.VP.2012.CANTOR,Eric Cantor to be Republican VP nominee in 2012,25,0.1,Mar/31/2012 21:34:20
743871,REP.VP.2012.CANTOR,Eric Cantor to be Republican VP nominee in 2012,50,0.2,Apr/01/2012 23:11:19
743871,REP.VP.2012.CANTOR,Eric Cantor to be Republican VP nominee in 2012,26,0.2,Apr/01/2012 23:11:19
743871,REP.VP.2012.CANTOR,Eric Cantor to be Republican VP nominee in 2012,24,0.2,Apr/01/2012 23:11:19
743871,REP.VP.2012.CANTOR,Eric Cantor to be Republican VP nominee in 2012,20,0.1,Apr/03/2012 20:47:33
743871,REP.VP.2012.CANTOR,Eric Cantor to be Republican VP nominee in 2012,5,0.2,Apr/04/2012 04:12:28
743871,REP.VP.2012.CANTOR,Eric Cantor to be Republican VP nominee in 2012,5,0.1,Apr/04/2012 05:04:55
743871,REP.VP.2012.CANTOR,Eric Cantor to be Republican VP nominee in 2012,5,0.1,Apr/04/2012 16:12:03
743871,REP.VP.2012.CANTOR,Eric Cantor to be Republican VP nominee in 2012,20,0.1,Apr/04/2012 17:01:41
743871,REP.VP.2012.CANTOR,Eric Cantor to be Republican VP nominee in 2012,20,0.1,Apr/06/2012 20:41:27
743871,REP.VP.2012.CANTOR,Eric Cantor to be Republican VP nominee in 2012,20,0.1,Apr/07/2012 05:00:24
743871,REP.VP.2012.CANTOR,Eric Cantor to be Republican VP nominee in 2012,6,0.1,Apr/07/2012 18:24:21
743871,REP.VP.2012.CANTOR,Eric Cantor to be Republican VP nominee in 2012,71,0.2,Apr/07/2012 22:01:05
743871,REP.VP.2012.CANTOR,Eric Cantor to be Republican VP nominee in 2012,1,0.2,Apr/07/2012 22:01:05
743871,REP.VP.2012.CANTOR,Eric Cantor to be Republican VP nominee in 2012,3,0.2,Apr/07/2012 22:01:05
743871,REP.VP.2012.CANTOR,Eric Cantor to be Republican VP nominee in 2012,25,0.2,Apr/07/2012 22:01:05
743871,REP.VP.2012.CANTOR,Eric Cantor to be Republican VP nominee in 2012,50,0.2,Apr/08/2012 17:38:56
743871,REP.VP.2012.CANTOR,Eric Cantor to be Republican VP nominee in 2012,100,0.2,Apr/08/2012 17:38:56
743871,REP.VP.2012.CANTOR,Eric Cantor to be Republican VP nominee in 2012,100,0.2,Apr/08/2012 17:38:56
743871,REP.VP.2012.CANTOR,Eric Cantor to be Republican VP nominee in 2012,50,0.2,Apr/08/2012 17:38:56
743871,REP.VP.2012.CANTOR,Eric Cantor to be Republican VP nominee in 2012,255,0.2,Apr/08/2012 17:38:56
743871,REP.VP.2012.CANTOR,Eric Cantor to be Republican VP nominee in 2012,75,0.2,Apr/08/2012 17:38:56
743871,REP.VP.2012.CANTOR,Eric Cantor to be Republican VP nominee in 2012,100,0.2,Apr/08/2012 17:38:56
743871,REP.VP.2012.CANTOR,Eric Cantor to be Republican VP nominee in 2012,100,0.2,Apr/08/2012 17:38:56
743871,REP.VP.2012.CANTOR,Eric Cantor to be Republican VP nominee in 2012,100,0.2,Apr/08/2012 17:38:56
743871,REP.VP.2012.CANTOR,Eric Cantor to be Republican VP nominee in 2012,1,0.2,Apr/08/2012 17:38:56
743871,REP.VP.2012.CANTOR,Eric Cantor to be Republican VP nominee in 2012,150,0.2,Apr/08/2012 17:38:56
743871,REP.VP.2012.CANTOR,Eric Cantor to be Republican VP nominee in 2012,1,0.1,Apr/09/2012 13:56:12
743871,REP.VP.2012.CANTOR,Eric Cantor to be Republican VP nominee in 2012,5,0.1,Apr/09/2012 14:23:17
743871,REP.VP.2012.CANTOR,Eric Cantor to be Republican VP nominee in 2012,5,0.1,Apr/09/2012 14:23:38
743871,REP.VP.2012.CANTOR,Eric Cantor to be Republican VP nominee in 2012,5,0.1,Apr/09/2012 14:26:48
743871,REP.VP.2012.CANTOR,Eric Cantor to be Republican VP nominee in 2012,4,0.1,Apr/09/2012 14:32:03
743871,REP.VP.2012.CANTOR,Eric Cantor to be Republican VP nominee in 2012,18,0.1,Apr/09/2012 14:32:34
743871,REP.VP.2012.CANTOR,Eric Cantor to be Republican VP nominee in 2012,4,0.1,Apr/11/2012 19:06:17
743871,REP.VP.2012.CANTOR,Eric Cantor to be Republican VP nominee in 2012,1,0.1,Apr/11/2012 19:35:08
743871,REP.VP.2012.CANTOR,Eric Cantor to be Republican VP nominee in 2012,3,0.1,Apr/11/2012 19:36:53
743871,REP.VP.2012.CANTOR,Eric Cantor to be Republican VP nominee in 2012,20,0.1,Apr/11/2012 20:18:57
743871,REP.VP.2012.CANTOR,Eric Cantor to be Republican VP nominee in 2012,20,0.1,Apr/11/2012 20:25:43
743871,REP.VP.2012.CANTOR,Eric Cantor to be Republican VP nominee in 2012,15,0.1,Apr/11/2012 20:34:27
743871,REP.VP.2012.CANTOR,Eric Cantor to be Republican VP nominee in 2012,4,0.1,Apr/13/2012 20:13:52
743871,REP.VP.2012.CANTOR,Eric Cantor to be Republican VP nominee in 2012,10,0.1,Apr/14/2012 00:10:50
743871,REP.VP.2012.CANTOR,Eric Cantor to be Republican VP nominee in 2012,46,0.1,Apr/14/2012 00:10:50
743871,REP.VP.2012.CANTOR,Eric Cantor to be Republican VP nominee in 2012,44,0.1,Apr/14/2012 00:10:50
743871,REP.VP.2012.CANTOR,Eric Cantor to be Republican VP nominee in 2012,60,0.1,Apr/14/2012 02:25:26
743871,REP.VP.2012.CANTOR,Eric Cantor to be Republican VP nominee in 2012,25,0.1,Apr/14/2012 05:49:19
743871,REP.VP.2012.CANTOR,Eric Cantor to be Republican VP nominee in 2012,25,0.2,Apr/19/2012 19:54:46
743871,REP.VP.2012.CANTOR,Eric Cantor to be Republican VP nominee in 2012,4,0.2,Apr/20/2012 02:45:11
743871,REP.VP.2012.CANTOR,Eric Cantor to be Republican VP nominee in 2012,21,0.2,Apr/20/2012 02:45:11
743871,REP.VP.2012.CANTOR,Eric Cantor to be Republican VP nominee in 2012,24,0.2,Apr/20/2012 02:45:11
743871,REP.VP.2012.CANTOR,Eric Cantor to be Republican VP nominee in 2012,1,0.2,Apr/20/2012 02:45:11
743871,REP.VP.2012.CANTOR,Eric Cantor to be Republican VP nominee in 2012,1,0.2,Apr/20/2012 13:51:16
743871,REP.VP.2012.CANTOR,Eric Cantor to be Republican VP nominee in 2012,1,0.1,Apr/20/2012 21:32:56
743871,REP.VP.2012.CANTOR,Eric Cantor to be Republican VP nominee in 2012,1,0.1,Apr/21/2012 06:01:39
743871,REP.VP.2012.CANTOR,Eric Cantor to be Republican VP nominee in 2012,2,0.1,Apr/21/2012 06:19:25
743871,REP.VP.2012.CANTOR,Eric Cantor to be Republican VP nominee in 2012,1,0.1,Apr/21/2012 07:23:13
743871,REP.VP.2012.CANTOR,Eric Cantor to be Republican VP nominee in 2012,1,0.2,Apr/21/2012 18:12:13
743871,REP.VP.2012.CANTOR,Eric Cantor to be Republican VP nominee in 2012,30,0.2,Apr/22/2012 18:41:33
743871,REP.VP.2012.CANTOR,Eric Cantor to be Republican VP nominee in 2012,28,0.1,Apr/23/2012 08:32:31
743871,REP.VP.2012.CANTOR,Eric Cantor to be Republican VP nominee in 2012,4,0.1,Apr/24/2012 17:21:55
743871,REP.VP.2012.CANTOR,Eric Cantor to be Republican VP nominee in 2012,20,0.1,Apr/25/2012 19:55:27
743871,REP.VP.2012.CANTOR,Eric Cantor to be Republican VP nominee in 2012,5,0.1,Apr/25/2012 21:07:40
743871,REP.VP.2012.CANTOR,Eric Cantor to be Republican VP nominee in 2012,5,0.1,Apr/25/2012 21:13:57
743871,REP.VP.2012.CANTOR,Eric Cantor to be Republican VP nominee in 2012,5,0.1,Apr/25/2012 21:19:56
743871,REP.VP.2012.CANTOR,Eric Cantor to be Republican VP nominee in 2012,50,0.1,Apr/28/2012 04:30:16
743871,REP.VP.2012.CANTOR,Eric Cantor to be Republican VP nominee in 2012,4,0.2,Apr/28/2012 18:22:19
743871,REP.VP.2012.CANTOR,Eric Cantor to be Republican VP nominee in 2012,11,0.2,Apr/30/2012 02:08:34
743871,REP.VP.2012.CANTOR,Eric Cantor to be Republican VP nominee in 2012,1,0.1,May/02/2012 17:56:57
743871,REP.VP.2012.CANTOR,Eric Cantor to be Republican VP nominee in 2012,1,0.1,May/02/2012 17:57:18
743871,REP.VP.2012.CANTOR,Eric Cantor to be Republican VP nominee in 2012,2,0.1,May/02/2012 17:57:59
743871,REP.VP.2012.CANTOR,Eric Cantor to be Republican VP nominee in 2012,6,0.1,May/02/2012 17:58:39
743871,REP.VP.2012.CANTOR,Eric Cantor to be Republican VP nominee in 2012,4,0.1,May/02/2012 17:59:41
743871,REP.VP.2012.CANTOR,Eric Cantor to be Republican VP nominee in 2012,6,0.1,May/02/2012 18:00:03
743871,REP.VP.2012.CANTOR,Eric Cantor to be Republican VP nominee in 2012,4,0.1,May/02/2012 18:00:24
743871,REP.VP.2012.CANTOR,Eric Cantor to be Republican VP nominee in 2012,1,0.1,May/02/2012 18:01:28
743871,REP.VP.2012.CANTOR,Eric Cantor to be Republican VP nominee in 2012,50,0.1,May/03/2012 18:32:40
743871,REP.VP.2012.CANTOR,Eric Cantor to be Republican VP nominee in 2012,38,0.2,May/05/2012 08:19:37
743871,REP.VP.2012.CANTOR,Eric Cantor to be Republican VP nominee in 2012,83,0.2,May/05/2012 08:19:37
743871,REP.VP.2012.CANTOR,Eric Cantor to be Republican VP nominee in 2012,29,0.2,May/05/2012 08:19:37
743871,REP.VP.2012.CANTOR,Eric Cantor to be Republican VP nominee in 2012,1,0.1,May/07/2012 01:43:42
743871,REP.VP.2012.CANTOR,Eric Cantor to be Republican VP nominee in 2012,50,0.1,May/07/2012 20:33:22
743871,REP.VP.2012.CANTOR,Eric Cantor to be Republican VP nominee in 2012,50,0.1,May/11/2012 05:05:03
743871,REP.VP.2012.CANTOR,Eric Cantor to be Republican VP nominee in 2012,50,0.1,May/13/2012 19:17:37
743871,REP.VP.2012.CANTOR,Eric Cantor to be Republican VP nominee in 2012,9,0.1,May/18/2012 04:45:25
743871,REP.VP.2012.CANTOR,Eric Cantor to be Republican VP nominee in 2012,85,0.1,May/18/2012 05:01:40
743871,REP.VP.2012.CANTOR,Eric Cantor to be Republican VP nominee in 2012,12,0.1,May/21/2012 17:19:19
743871,REP.VP.2012.CANTOR,Eric Cantor to be Republican VP nominee in 2012,2,0.1,May/23/2012 16:01:32
743871,REP.VP.2012.CANTOR,Eric Cantor to be Republican VP nominee in 2012,4,0.1,May/23/2012 16:02:29
743871,REP.VP.2012.CANTOR,Eric Cantor to be Republican VP nominee in 2012,8,0.1,May/23/2012 16:03:14
743871,REP.VP.2012.CANTOR,Eric Cantor to be Republican VP nominee in 2012,2,0.1,May/23/2012 16:03:31
743871,REP.VP.2012.CANTOR,Eric Cantor to be Republican VP nominee in 2012,3,0.1,May/27/2012 16:21:39
743871,REP.VP.2012.CANTOR,Eric Cantor to be Republican VP nominee in 2012,65,0.1,May/28/2012 02:49:34
743871,REP.VP.2012.CANTOR,Eric Cantor to be Republican VP nominee in 2012,50,0.1,May/29/2012 21:23:05
743871,REP.VP.2012.CANTOR,Eric Cantor to be Republican VP nominee in 2012,100,0.1,May/31/2012 10:30:56
743871,REP.VP.2012.CANTOR,Eric Cantor to be Republican VP nominee in 2012,200,0.1,May/31/2012 21:15:01
743871,REP.VP.2012.CANTOR,Eric Cantor to be Republican VP nominee in 2012,150,0.1,May/31/2012 21:22:57
743871,REP.VP.2012.CANTOR,Eric Cantor to be Republican VP nominee in 2012,100,0.1,Jun/03/2012 04:26:35
743871,REP.VP.2012.CANTOR,Eric Cantor to be Republican VP nominee in 2012,1000,0.1,Jun/05/2012 22:05:49
743871,REP.VP.2012.CANTOR,Eric Cantor to be Republican VP nominee in 2012,1000,0.1,Jun/06/2012 01:22:09
743871,REP.VP.2012.CANTOR,Eric Cantor to be Republican VP nominee in 2012,1,0.1,Jun/06/2012 04:36:02
743871,REP.VP.2012.CANTOR,Eric Cantor to be Republican VP nominee in 2012,1,0.1,Jun/06/2012 10:11:21
743871,REP.VP.2012.CANTOR,Eric Cantor to be Republican VP nominee in 2012,1400,0.1,Jun/06/2012 10:11:21
743871,REP.VP.2012.CANTOR,Eric Cantor to be Republican VP nominee in 2012,99,0.1,Jun/06/2012 14:39:52
743871,REP.VP.2012.CANTOR,Eric Cantor to be Republican VP nominee in 2012,5,0.1,Jun/06/2012 20:53:27
743871,REP.VP.2012.CANTOR,Eric Cantor to be Republican VP nominee in 2012,5,0.1,Jun/07/2012 00:55:20
743871,REP.VP.2012.CANTOR,Eric Cantor to be Republican VP nominee in 2012,10,0.1,Jun/07/2012 14:16:47
743871,REP.VP.2012.CANTOR,Eric Cantor to be Republican VP nominee in 2012,50,0.1,Jun/07/2012 14:17:19
743871,REP.VP.2012.CANTOR,Eric Cantor to be Republican VP nominee in 2012,350,0.1,Jun/08/2012 04:53:50
743871,REP.VP.2012.CANTOR,Eric Cantor to be Republican VP nominee in 2012,200,0.1,Jun/09/2012 02:46:39
743871,REP.VP.2012.CANTOR,Eric Cantor to be Republican VP nominee in 2012,481,0.1,Jun/10/2012 19:23:21
743871,REP.VP.2012.CANTOR,Eric Cantor to be Republican VP nominee in 2012,1,0.1,Jun/10/2012 19:23:21
743871,REP.VP.2012.CANTOR,Eric Cantor to be Republican VP nominee in 2012,1,0.1,Jun/13/2012 12:47:27
743871,REP.VP.2012.CANTOR,Eric Cantor to be Republican VP nominee in 2012,249,0.1,Jun/13/2012 15:44:53
743871,REP.VP.2012.CANTOR,Eric Cantor to be Republican VP nominee in 2012,100,0.1,Jun/14/2012 02:58:57
743871,REP.VP.2012.CANTOR,Eric Cantor to be Republican VP nominee in 2012,200,0.1,Jun/18/2012 12:58:32
743871,REP.VP.2012.CANTOR,Eric Cantor to be Republican VP nominee in 2012,200,0.1,Jun/19/2012 04:10:58
743871,REP.VP.2012.CANTOR,Eric Cantor to be Republican VP nominee in 2012,51,0.1,Jun/19/2012 04:14:10
743871,REP.VP.2012.CANTOR,Eric Cantor to be Republican VP nominee in 2012,1,0.1,Jun/19/2012 04:14:10
743871,REP.VP.2012.CANTOR,Eric Cantor to be Republican VP nominee in 2012,4,0.2,Jun/19/2012 04:14:22
743871,REP.VP.2012.CANTOR,Eric Cantor to be Republican VP nominee in 2012,44,0.2,Jun/19/2012 04:14:22
743871,REP.VP.2012.CANTOR,Eric Cantor to be Republican VP nominee in 2012,1,0.1,Jun/19/2012 22:34:26
743871,REP.VP.2012.CANTOR,Eric Cantor to be Republican VP nominee in 2012,99,0.1,Jun/20/2012 01:01:38
743871,REP.VP.2012.CANTOR,Eric Cantor to be Republican VP nominee in 2012,40,0.1,Jun/20/2012 09:18:32
743871,REP.VP.2012.CANTOR,Eric Cantor to be Republican VP nominee in 2012,1,0.1,Jun/20/2012 09:18:32
743871,REP.VP.2012.CANTOR,Eric Cantor to be Republican VP nominee in 2012,500,0.1,Jun/21/2012 09:52:29
743871,REP.VP.2012.CANTOR,Eric Cantor to be Republican VP nominee in 2012,901,0.1,Jun/21/2012 15:13:36
743871,REP.VP.2012.CANTOR,Eric Cantor to be Republican VP nominee in 2012,1,0.1,Jun/21/2012 15:13:36
743871,REP.VP.2012.CANTOR,Eric Cantor to be Republican VP nominee in 2012,1,0.1,Jun/22/2012 02:10:57
743871,REP.VP.2012.CANTOR,Eric Cantor to be Republican VP nominee in 2012,23,0.1,Jun/22/2012 02:10:57
743871,REP.VP.2012.CANTOR,Eric Cantor to be Republican VP nominee in 2012,132,0.1,Jun/22/2012 20:36:30
743871,REP.VP.2012.CANTOR,Eric Cantor to be Republican VP nominee in 2012,1,0.1,Jun/22/2012 20:36:30
743871,REP.VP.2012.CANTOR,Eric Cantor to be Republican VP nominee in 2012,7,0.1,Jun/23/2012 03:37:28
743871,REP.VP.2012.CANTOR,Eric Cantor to be Republican VP nominee in 2012,100,0.2,Jun/24/2012 05:08:54
743871,REP.VP.2012.CANTOR,Eric Cantor to be Republican VP nominee in 2012,100,0.2,Jun/25/2012 04:11:41
743871,REP.VP.2012.CANTOR,Eric Cantor to be Republican VP nominee in 2012,400,0.2,Jun/26/2012 15:08:53
743871,REP.VP.2012.CANTOR,Eric Cantor to be Republican VP nominee in 2012,100,0.2,Jun/28/2012 01:25:59
743871,REP.VP.2012.CANTOR,Eric Cantor to be Republican VP nominee in 2012,5,0.2,Jun/28/2012 06:00:21
743871,REP.VP.2012.CANTOR,Eric Cantor to be Republican VP nominee in 2012,1,0.2,Jun/28/2012 06:00:21
743871,REP.VP.2012.CANTOR,Eric Cantor to be Republican VP nominee in 2012,24,0.2,Jun/28/2012 06:00:21
743871,REP.VP.2012.CANTOR,Eric Cantor to be Republican VP nominee in 2012,250,0.2,Jun/28/2012 06:00:21
743871,REP.VP.2012.CANTOR,Eric Cantor to be Republican VP nominee in 2012,20,0.2,Jun/28/2012 06:00:21
743871,REP.VP.2012.CANTOR,Eric Cantor to be Republican VP nominee in 2012,300,0.2,Jun/28/2012 06:00:21
743871,REP.VP.2012.CANTOR,Eric Cantor to be Republican VP nominee in 2012,4,0.2,Jun/29/2012 12:05:14
743871,REP.VP.2012.CANTOR,Eric Cantor to be Republican VP nominee in 2012,1,0.2,Jun/29/2012 12:05:14
743871,REP.VP.2012.CANTOR,Eric Cantor to be Republican VP nominee in 2012,100,0.2,Jun/29/2012 12:05:14
743871,REP.VP.2012.CANTOR,Eric Cantor to be Republican VP nominee in 2012,300,0.2,Jun/29/2012 12:05:14
743871,REP.VP.2012.CANTOR,Eric Cantor to be Republican VP nominee in 2012,95,0.2,Jun/29/2012 12:05:14
743871,REP.VP.2012.CANTOR,Eric Cantor to be Republican VP nominee in 2012,96,0.2,Jun/29/2012 15:31:48
743871,REP.VP.2012.CANTOR,Eric Cantor to be Republican VP nominee in 2012,100,0.2,Jun/29/2012 15:31:48
743871,REP.VP.2012.CANTOR,Eric Cantor to be Republican VP nominee in 2012,1,0.2,Jun/29/2012 15:31:48
743871,REP.VP.2012.CANTOR,Eric Cantor to be Republican VP nominee in 2012,100,0.2,Jun/30/2012 13:59:02
743871,REP.VP.2012.CANTOR,Eric Cantor to be Republican VP nominee in 2012,1,0.2,Jun/30/2012 13:59:02
743871,REP.VP.2012.CANTOR,Eric Cantor to be Republican VP nominee in 2012,41,0.2,Jun/30/2012 15:33:55
743871,REP.VP.2012.CANTOR,Eric Cantor to be Republican VP nominee in 2012,1,0.2,Jul/01/2012 09:00:32
743871,REP.VP.2012.CANTOR,Eric Cantor to be Republican VP nominee in 2012,59,0.2,Jul/01/2012 09:00:32
743871,REP.VP.2012.CANTOR,Eric Cantor to be Republican VP nominee in 2012,250,0.3,Jul/01/2012 21:14:00
743871,REP.VP.2012.CANTOR,Eric Cantor to be Republican VP nominee in 2012,250,0.3,Jul/01/2012 21:14:17
743871,REP.VP.2012.CANTOR,Eric Cantor to be Republican VP nominee in 2012,30,0.2,Jul/01/2012 22:55:08
743871,REP.VP.2012.CANTOR,Eric Cantor to be Republican VP nominee in 2012,667,0.3,Jul/02/2012 19:42:36
743871,REP.VP.2012.CANTOR,Eric Cantor to be Republican VP nominee in 2012,70,0.2,Jul/03/2012 14:31:17
743871,REP.VP.2012.CANTOR,Eric Cantor to be Republican VP nominee in 2012,100,0.2,Jul/05/2012 02:58:50
743871,REP.VP.2012.CANTOR,Eric Cantor to be Republican VP nominee in 2012,461,0.2,Jul/05/2012 21:20:20
743871,REP.VP.2012.CANTOR,Eric Cantor to be Republican VP nominee in 2012,100,0.2,Jul/05/2012 21:44:23
743871,REP.VP.2012.CANTOR,Eric Cantor to be Republican VP nominee in 2012,100,0.2,Jul/05/2012 23:25:08
743871,REP.VP.2012.CANTOR,Eric Cantor to be Republican VP nominee in 2012,169,0.2,Jul/06/2012 00:51:31
743871,REP.VP.2012.CANTOR,Eric Cantor to be Republican VP nominee in 2012,100,0.2,Jul/06/2012 14:21:51
743871,REP.VP.2012.CANTOR,Eric Cantor to be Republican VP nominee in 2012,100,0.2,Jul/06/2012 21:40:26
743871,REP.VP.2012.CANTOR,Eric Cantor to be Republican VP nominee in 2012,80,0.2,Jul/07/2012 10:22:36
743871,REP.VP.2012.CANTOR,Eric Cantor to be Republican VP nominee in 2012,100,0.2,Jul/08/2012 00:53:48
743871,REP.VP.2012.CANTOR,Eric Cantor to be Republican VP nominee in 2012,100,0.3,Jul/09/2012 09:03:52
743871,REP.VP.2012.CANTOR,Eric Cantor to be Republican VP nominee in 2012,500,0.2,Jul/10/2012 20:37:20
743871,REP.VP.2012.CANTOR,Eric Cantor to be Republican VP nominee in 2012,100,0.2,Jul/12/2012 21:35:16
743871,REP.VP.2012.CANTOR,Eric Cantor to be Republican VP nominee in 2012,50,0.3,Jul/12/2012 23:08:21
743871,REP.VP.2012.CANTOR,Eric Cantor to be Republican VP nominee in 2012,43,0.3,Jul/12/2012 23:08:21
743871,REP.VP.2012.CANTOR,Eric Cantor to be Republican VP nominee in 2012,100,0.3,Jul/12/2012 23:08:21
743871,REP.VP.2012.CANTOR,Eric Cantor to be Republican VP nominee in 2012,6,0.3,Jul/12/2012 23:08:21
743871,REP.VP.2012.CANTOR,Eric Cantor to be Republican VP nominee in 2012,1,0.3,Jul/12/2012 23:08:21
743871,REP.VP.2012.CANTOR,Eric Cantor to be Republican VP nominee in 2012,20,0.2,Jul/12/2012 23:38:30
743871,REP.VP.2012.CANTOR,Eric Cantor to be Republican VP nominee in 2012,2,0.2,Jul/12/2012 23:38:56
743871,REP.VP.2012.CANTOR,Eric Cantor to be Republican VP nominee in 2012,10,0.2,Jul/12/2012 23:40:09
743871,REP.VP.2012.CANTOR,Eric Cantor to be Republican VP nominee in 2012,1,0.3,Jul/13/2012 09:24:35
743871,REP.VP.2012.CANTOR,Eric Cantor to be Republican VP nominee in 2012,59,0.3,Jul/13/2012 09:24:35
743871,REP.VP.2012.CANTOR,Eric Cantor to be Republican VP nominee in 2012,100,0.3,Jul/13/2012 09:24:35
743871,REP.VP.2012.CANTOR,Eric Cantor to be Republican VP nominee in 2012,100,0.2,Jul/14/2012 02:25:34
743871,REP.VP.2012.CANTOR,Eric Cantor to be Republican VP nominee in 2012,20,0.3,Jul/14/2012 22:29:31
743871,REP.VP.2012.CANTOR,Eric Cantor to be Republican VP nominee in 2012,250,0.2,Jul/15/2012 18:17:46
743871,REP.VP.2012.CANTOR,Eric Cantor to be Republican VP nominee in 2012,500,0.2,Jul/15/2012 18:37:19
743871,REP.VP.2012.CANTOR,Eric Cantor to be Republican VP nominee in 2012,10,0.2,Jul/16/2012 10:48:57
743871,REP.VP.2012.CANTOR,Eric Cantor to be Republican VP nominee in 2012,2,0.2,Jul/16/2012 10:49:04
743871,REP.VP.2012.CANTOR,Eric Cantor to be Republican VP nominee in 2012,100,0.2,Jul/16/2012 14:29:30
743871,REP.VP.2012.CANTOR,Eric Cantor to be Republican VP nominee in 2012,6,0.2,Jul/16/2012 14:40:21
743871,REP.VP.2012.CANTOR,Eric Cantor to be Republican VP nominee in 2012,26,0.2,Jul/16/2012 14:40:21
743871,REP.VP.2012.CANTOR,Eric Cantor to be Republican VP nominee in 2012,68,0.2,Jul/16/2012 14:40:21
743871,REP.VP.2012.CANTOR,Eric Cantor to be Republican VP nominee in 2012,30,0.2,Jul/16/2012 14:46:25
743871,REP.VP.2012.CANTOR,Eric Cantor to be Republican VP nominee in 2012,1000,0.2,Jul/16/2012 14:47:56
743871,REP.VP.2012.CANTOR,Eric Cantor to be Republican VP nominee in 2012,100,0.2,Jul/16/2012 14:52:31
743871,REP.VP.2012.CANTOR,Eric Cantor to be Republican VP nominee in 2012,55,0.2,Jul/16/2012 15:45:35
743871,REP.VP.2012.CANTOR,Eric Cantor to be Republican VP nominee in 2012,20,0.2,Jul/16/2012 15:46:01
743871,REP.VP.2012.CANTOR,Eric Cantor to be Republican VP nominee in 2012,250,0.2,Jul/16/2012 15:57:49
743871,REP.VP.2012.CANTOR,Eric Cantor to be Republican VP nominee in 2012,88,0.2,Jul/17/2012 01:10:45
743871,REP.VP.2012.CANTOR,Eric Cantor to be Republican VP nominee in 2012,1,0.3,Jul/17/2012 04:22:20
743871,REP.VP.2012.CANTOR,Eric Cantor to be Republican VP nominee in 2012,80,0.3,Jul/17/2012 04:22:20
743871,REP.VP.2012.CANTOR,Eric Cantor to be Republican VP nominee in 2012,99,0.3,Jul/17/2012 04:22:20
743871,REP.VP.2012.CANTOR,Eric Cantor to be Republican VP nominee in 2012,100,0.3,Jul/17/2012 04:22:20
743871,REP.VP.2012.CANTOR,Eric Cantor to be Republican VP nominee in 2012,6,0.3,Jul/17/2012 04:22:20
743871,REP.VP.2012.CANTOR,Eric Cantor to be Republican VP nominee in 2012,30,0.3,Jul/17/2012 05:40:45
743871,REP.VP.2012.CANTOR,Eric Cantor to be Republican VP nominee in 2012,100,0.3,Jul/18/2012 02:55:37
743871,REP.VP.2012.CANTOR,Eric Cantor to be Republican VP nominee in 2012,1,0.3,Jul/18/2012 02:55:37
743871,REP.VP.2012.CANTOR,Eric Cantor to be Republican VP nominee in 2012,250,0.3,Jul/18/2012 02:55:37
743871,REP.VP.2012.CANTOR,Eric Cantor to be Republican VP nominee in 2012,15,0.3,Jul/18/2012 09:16:14
743871,REP.VP.2012.CANTOR,Eric Cantor to be Republican VP nominee in 2012,5,0.3,Jul/18/2012 09:16:28
743871,REP.VP.2012.CANTOR,Eric Cantor to be Republican VP nominee in 2012,4,0.3,Jul/18/2012 13:11:48
743871,REP.VP.2012.CANTOR,Eric Cantor to be Republican VP nominee in 2012,18,0.2,Jul/18/2012 16:26:20
743871,REP.VP.2012.CANTOR,Eric Cantor to be Republican VP nominee in 2012,400,0.2,Jul/18/2012 20:31:23
743871,REP.VP.2012.CANTOR,Eric Cantor to be Republican VP nominee in 2012,150,0.2,Jul/21/2012 20:21:10
743871,REP.VP.2012.CANTOR,Eric Cantor to be Republican VP nominee in 2012,100,0.2,Jul/23/2012 03:40:35
743871,REP.VP.2012.CANTOR,Eric Cantor to be Republican VP nominee in 2012,100,0.2,Jul/23/2012 12:25:17
743871,REP.VP.2012.CANTOR,Eric Cantor to be Republican VP nominee in 2012,121,0.2,Jul/23/2012 14:09:10
743871,REP.VP.2012.CANTOR,Eric Cantor to be Republican VP nominee in 2012,879,0.2,Jul/23/2012 14:09:10
743871,REP.VP.2012.CANTOR,Eric Cantor to be Republican VP nominee in 2012,621,0.2,Jul/23/2012 14:26:04
743871,REP.VP.2012.CANTOR,Eric Cantor to be Republican VP nominee in 2012,229,0.2,Jul/23/2012 14:46:44
743871,REP.VP.2012.CANTOR,Eric Cantor to be Republican VP nominee in 2012,1,0.2,Jul/23/2012 14:46:44
743871,REP.VP.2012.CANTOR,Eric Cantor to be Republican VP nominee in 2012,3,0.2,Jul/24/2012 00:31:47
743871,REP.VP.2012.CANTOR,Eric Cantor to be Republican VP nominee in 2012,100,0.2,Jul/24/2012 14:34:15
743871,REP.VP.2012.CANTOR,Eric Cantor to be Republican VP nominee in 2012,4,0.3,Jul/25/2012 02:14:50
743871,REP.VP.2012.CANTOR,Eric Cantor to be Republican VP nominee in 2012,1,0.3,Jul/25/2012 02:14:50
743871,REP.VP.2012.CANTOR,Eric Cantor to be Republican VP nominee in 2012,1,0.3,Jul/25/2012 03:16:07
743871,REP.VP.2012.CANTOR,Eric Cantor to be Republican VP nominee in 2012,400,0.2,Jul/25/2012 15:51:18
743871,REP.VP.2012.CANTOR,Eric Cantor to be Republican VP nominee in 2012,200,0.2,Jul/26/2012 00:10:09
743871,REP.VP.2012.CANTOR,Eric Cantor to be Republican VP nominee in 2012,275,0.2,Jul/26/2012 02:11:42
743871,REP.VP.2012.CANTOR,Eric Cantor to be Republican VP nominee in 2012,20,0.2,Jul/26/2012 21:53:50
743871,REP.VP.2012.CANTOR,Eric Cantor to be Republican VP nominee in 2012,79,0.2,Jul/31/2012 00:49:15
743871,REP.VP.2012.CANTOR,Eric Cantor to be Republican VP nominee in 2012,1,0.2,Jul/31/2012 00:49:15
743871,REP.VP.2012.CANTOR,Eric Cantor to be Republican VP nominee in 2012,20,0.2,Jul/31/2012 00:49:15
743871,REP.VP.2012.CANTOR,Eric Cantor to be Republican VP nominee in 2012,179,0.1,Aug/01/2012 14:04:52
743871,REP.VP.2012.CANTOR,Eric Cantor to be Republican VP nominee in 2012,120,0.1,Aug/01/2012 14:04:52
743871,REP.VP.2012.CANTOR,Eric Cantor to be Republican VP nominee in 2012,1,0.1,Aug/01/2012 14:04:52
743871,REP.VP.2012.CANTOR,Eric Cantor to be Republican VP nominee in 2012,78,0.2,Aug/02/2012 00:05:34
743871,REP.VP.2012.CANTOR,Eric Cantor to be Republican VP nominee in 2012,1,0.2,Aug/02/2012 00:05:34
743871,REP.VP.2012.CANTOR,Eric Cantor to be Republican VP nominee in 2012,100,0.2,Aug/02/2012 00:05:34
743871,REP.VP.2012.CANTOR,Eric Cantor to be Republican VP nominee in 2012,100,0.2,Aug/02/2012 00:05:34
743871,REP.VP.2012.CANTOR,Eric Cantor to be Republican VP nominee in 2012,100,0.2,Aug/02/2012 00:05:34
743871,REP.VP.2012.CANTOR,Eric Cantor to be Republican VP nominee in 2012,21,0.2,Aug/02/2012 00:05:34
743871,REP.VP.2012.CANTOR,Eric Cantor to be Republican VP nominee in 2012,100,0.2,Aug/02/2012 03:26:10
743871,REP.VP.2012.CANTOR,Eric Cantor to be Republican VP nominee in 2012,1,0.2,Aug/02/2012 03:26:10
743871,REP.VP.2012.CANTOR,Eric Cantor to be Republican VP nominee in 2012,120,0.2,Aug/02/2012 03:26:10
743871,REP.VP.2012.CANTOR,Eric Cantor to be Republican VP nominee in 2012,100,0.2,Aug/02/2012 03:26:10
743871,REP.VP.2012.CANTOR,Eric Cantor to be Republican VP nominee in 2012,100,0.2,Aug/02/2012 03:26:10
743871,REP.VP.2012.CANTOR,Eric Cantor to be Republican VP nominee in 2012,22,0.2,Aug/02/2012 03:26:10
743871,REP.VP.2012.CANTOR,Eric Cantor to be Republican VP nominee in 2012,1,0.3,Aug/02/2012 03:29:51
743871,REP.VP.2012.CANTOR,Eric Cantor to be Republican VP nominee in 2012,100,0.3,Aug/02/2012 03:29:51
743871,REP.VP.2012.CANTOR,Eric Cantor to be Republican VP nominee in 2012,95,0.3,Aug/02/2012 03:29:51
743871,REP.VP.2012.CANTOR,Eric Cantor to be Republican VP nominee in 2012,100,0.3,Aug/02/2012 03:52:24
743871,REP.VP.2012.CANTOR,Eric Cantor to be Republican VP nominee in 2012,100,0.3,Aug/02/2012 03:52:24
743871,REP.VP.2012.CANTOR,Eric Cantor to be Republican VP nominee in 2012,100,0.3,Aug/02/2012 06:17:19
743871,REP.VP.2012.CANTOR,Eric Cantor to be Republican VP nominee in 2012,100,0.4,Aug/02/2012 06:27:53
743871,REP.VP.2012.CANTOR,Eric Cantor to be Republican VP nominee in 2012,100,0.4,Aug/02/2012 06:27:53
743871,REP.VP.2012.CANTOR,Eric Cantor to be Republican VP nominee in 2012,1,0.4,Aug/02/2012 06:28:09
743871,REP.VP.2012.CANTOR,Eric Cantor to be Republican VP nominee in 2012,100,0.3,Aug/02/2012 19:02:27
743871,REP.VP.2012.CANTOR,Eric Cantor to be Republican VP nominee in 2012,100,0.4,Aug/02/2012 21:38:32
743871,REP.VP.2012.CANTOR,Eric Cantor to be Republican VP nominee in 2012,1,0.4,Aug/02/2012 21:38:56
743871,REP.VP.2012.CANTOR,Eric Cantor to be Republican VP nominee in 2012,9,0.7,Aug/03/2012 08:33:03
743871,REP.VP.2012.CANTOR,Eric Cantor to be Republican VP nominee in 2012,1,0.7,Aug/03/2012 08:33:03
743871,REP.VP.2012.CANTOR,Eric Cantor to be Republican VP nominee in 2012,1,0.9,Aug/03/2012 08:33:32
743871,REP.VP.2012.CANTOR,Eric Cantor to be Republican VP nominee in 2012,2,0.9,Aug/03/2012 08:33:32
743871,REP.VP.2012.CANTOR,Eric Cantor to be Republican VP nominee in 2012,10,0.9,Aug/03/2012 08:33:32
743871,REP.VP.2012.CANTOR,Eric Cantor to be Republican VP nominee in 2012,1,0.7,Aug/03/2012 21:20:04
743871,REP.VP.2012.CANTOR,Eric Cantor to be Republican VP nominee in 2012,1,0.7,Aug/03/2012 21:20:04
743871,REP.VP.2012.CANTOR,Eric Cantor to be Republican VP nominee in 2012,1,0.4,Aug/03/2012 21:56:01
743871,REP.VP.2012.CANTOR,Eric Cantor to be Republican VP nominee in 2012,50,0.3,Aug/04/2012 18:38:26
743871,REP.VP.2012.CANTOR,Eric Cantor to be Republican VP nominee in 2012,1,0.3,Aug/04/2012 18:38:26
743871,REP.VP.2012.CANTOR,Eric Cantor to be Republican VP nominee in 2012,1,0.4,Aug/05/2012 20:48:41
743871,REP.VP.2012.CANTOR,Eric Cantor to be Republican VP nominee in 2012,41,0.4,Aug/05/2012 20:48:41
743871,REP.VP.2012.CANTOR,Eric Cantor to be Republican VP nominee in 2012,2,0.5,Aug/06/2012 11:01:13
743871,REP.VP.2012.CANTOR,Eric Cantor to be Republican VP nominee in 2012,28,0.5,Aug/06/2012 17:36:13
743871,REP.VP.2012.CANTOR,Eric Cantor to be Republican VP nominee in 2012,1,0.5,Aug/06/2012 17:36:13
743871,REP.VP.2012.CANTOR,Eric Cantor to be Republican VP nominee in 2012,1,0.7,Aug/06/2012 19:57:26
743871,REP.VP.2012.CANTOR,Eric Cantor to be Republican VP nominee in 2012,1,0.7,Aug/06/2012 19:57:26
743871,REP.VP.2012.CANTOR,Eric Cantor to be Republican VP nominee in 2012,1,0.4,Aug/06/2012 21:38:56
743871,REP.VP.2012.CANTOR,Eric Cantor to be Republican VP nominee in 2012,100,0.3,Aug/07/2012 15:30:51
743871,REP.VP.2012.CANTOR,Eric Cantor to be Republican VP nominee in 2012,3,0.2,Aug/07/2012 18:14:15
743871,REP.VP.2012.CANTOR,Eric Cantor to be Republican VP nominee in 2012,5,0.2,Aug/07/2012 18:17:48
743871,REP.VP.2012.CANTOR,Eric Cantor to be Republican VP nominee in 2012,2,0.2,Aug/07/2012 21:06:40
743871,REP.VP.2012.CANTOR,Eric Cantor to be Republican VP nominee in 2012,1,0.2,Aug/07/2012 21:16:03
743871,REP.VP.2012.CANTOR,Eric Cantor to be Republican VP nominee in 2012,25,0.2,Aug/07/2012 22:20:26
743871,REP.VP.2012.CANTOR,Eric Cantor to be Republican VP nominee in 2012,89,0.2,Aug/07/2012 22:20:26
743871,REP.VP.2012.CANTOR,Eric Cantor to be Republican VP nominee in 2012,1,0.2,Aug/08/2012 04:14:11
743871,REP.VP.2012.CANTOR,Eric Cantor to be Republican VP nominee in 2012,100,0.2,Aug/08/2012 04:14:11
743871,REP.VP.2012.CANTOR,Eric Cantor to be Republican VP nominee in 2012,1,0.3,Aug/08/2012 04:14:35
743871,REP.VP.2012.CANTOR,Eric Cantor to be Republican VP nominee in 2012,100,0.3,Aug/08/2012 04:14:35
743871,REP.VP.2012.CANTOR,Eric Cantor to be Republican VP nominee in 2012,100,0.3,Aug/08/2012 04:14:35
743871,REP.VP.2012.CANTOR,Eric Cantor to be Republican VP nominee in 2012,1,0.3,Aug/08/2012 14:36:57
743871,REP.VP.2012.CANTOR,Eric Cantor to be Republican VP nominee in 2012,10,0.2,Aug/08/2012 17:17:55
743871,REP.VP.2012.CANTOR,Eric Cantor to be Republican VP nominee in 2012,26,0.2,Aug/08/2012 19:02:14
743871,REP.VP.2012.CANTOR,Eric Cantor to be Republican VP nominee in 2012,24,0.2,Aug/08/2012 20:44:10
743871,REP.VP.2012.CANTOR,Eric Cantor to be Republican VP nominee in 2012,100,0.3,Aug/08/2012 20:46:02
743871,REP.VP.2012.CANTOR,Eric Cantor to be Republican VP nominee in 2012,1,0.3,Aug/08/2012 20:46:02
743871,REP.VP.2012.CANTOR,Eric Cantor to be Republican VP nominee in 2012,339,0.2,Aug/08/2012 22:05:32
743871,REP.VP.2012.CANTOR,Eric Cantor to be Republican VP nominee in 2012,20,0.1,Aug/08/2012 22:05:47
743871,REP.VP.2012.CANTOR,Eric Cantor to be Republican VP nominee in 2012,80,0.1,Aug/08/2012 22:05:47
743871,REP.VP.2012.CANTOR,Eric Cantor to be Republican VP nominee in 2012,40,0.1,Aug/08/2012 22:05:56
743871,REP.VP.2012.CANTOR,Eric Cantor to be Republican VP nominee in 2012,60,0.1,Aug/08/2012 22:05:56
743871,REP.VP.2012.CANTOR,Eric Cantor to be Republican VP nominee in 2012,100,0.1,Aug/08/2012 22:06:08
743871,REP.VP.2012.CANTOR,Eric Cantor to be Republican VP nominee in 2012,400,0.1,Aug/08/2012 22:06:23
743871,REP.VP.2012.CANTOR,Eric Cantor to be Republican VP nominee in 2012,110,0.1,Aug/08/2012 22:06:45
743871,REP.VP.2012.CANTOR,Eric Cantor to be Republican VP nominee in 2012,61,0.2,Aug/08/2012 22:10:13
743871,REP.VP.2012.CANTOR,Eric Cantor to be Republican VP nominee in 2012,130,0.2,Aug/08/2012 22:53:21
743871,REP.VP.2012.CANTOR,Eric Cantor to be Republican VP nominee in 2012,7,0.3,Aug/08/2012 23:24:20
743871,REP.VP.2012.CANTOR,Eric Cantor to be Republican VP nominee in 2012,5,0.2,Aug/09/2012 15:37:23
743871,REP.VP.2012.CANTOR,Eric Cantor to be Republican VP nominee in 2012,100,0.1,Aug/10/2012 00:22:48
743871,REP.VP.2012.CANTOR,Eric Cantor to be Republican VP nominee in 2012,40,0.1,Aug/10/2012 00:22:59
743871,REP.VP.2012.CANTOR,Eric Cantor to be Republican VP nominee in 2012,63,0.1,Aug/10/2012 00:22:59
743871,REP.VP.2012.CANTOR,Eric Cantor to be Republican VP nominee in 2012,230,0.1,Aug/10/2012 00:22:59
743871,REP.VP.2012.CANTOR,Eric Cantor to be Republican VP nominee in 2012,50,0.1,Aug/10/2012 03:17:15
743871,REP.VP.2012.CANTOR,Eric Cantor to be Republican VP nominee in 2012,1,0.2,Aug/10/2012 04:36:08
743871,REP.VP.2012.CANTOR,Eric Cantor to be Republican VP nominee in 2012,3,0.1,Aug/10/2012 20:34:11
743871,REP.VP.2012.CANTOR,Eric Cantor to be Republican VP nominee in 2012,3,0.1,Aug/11/2012 01:01:13
743871,REP.VP.2012.CANTOR,Eric Cantor to be Republican VP nominee in 2012,6,0.1,Aug/11/2012 03:18:01
743871,REP.VP.2012.CANTOR,Eric Cantor to be Republican VP nominee in 2012,65,0.1,Aug/11/2012 03:20:50
743871,REP.VP.2012.CANTOR,Eric Cantor to be Republican VP nominee in 2012,8,0.1,Aug/11/2012 03:21:11
743871,REP.VP.2012.CANTOR,Eric Cantor to be Republican VP nominee in 2012,800,0.2,Aug/11/2012 03:23:44
743871,REP.VP.2012.CANTOR,Eric Cantor to be Republican VP nominee in 2012,165,0.2,Aug/11/2012 03:23:44
743871,REP.VP.2012.CANTOR,Eric Cantor to be Republican VP nominee in 2012,50,0.2,Aug/11/2012 03:23:44
743871,REP.VP.2012.CANTOR,Eric Cantor to be Republican VP nominee in 2012,50,0.2,Aug/11/2012 03:23:44
743871,REP.VP.2012.CANTOR,Eric Cantor to be Republican VP nominee in 2012,100,0.2,Aug/11/2012 03:23:44
743871,REP.VP.2012.CANTOR,Eric Cantor to be Republican VP nominee in 2012,1,0.2,Aug/11/2012 03:23:44
743871,REP.VP.2012.CANTOR,Eric Cantor to be Republican VP nominee in 2012,94,0.2,Aug/11/2012 03:23:44
743871,REP.VP.2012.CANTOR,Eric Cantor to be Republican VP nominee in 2012,68,0.1,Aug/11/2012 03:24:53
743871,REP.VP.2012.CANTOR,Eric Cantor to be Republican VP nominee in 2012,100,0.3,Aug/11/2012 03:24:54
743871,REP.VP.2012.CANTOR,Eric Cantor to be Republican VP nominee in 2012,1,0.3,Aug/11/2012 03:24:54
743871,REP.VP.2012.CANTOR,Eric Cantor to be Republican VP nominee in 2012,93,0.3,Aug/11/2012 03:24:54
743871,REP.VP.2012.CANTOR,Eric Cantor to be Republican VP nominee in 2012,1,0.1,Aug/11/2012 03:26:25
743871,REP.VP.2012.CANTOR,Eric Cantor to be Republican VP nominee in 2012,31,0.1,Aug/11/2012 03:27:07
743871,REP.VP.2012.CANTOR,Eric Cantor to be Republican VP nominee in 2012,99,0.1,Aug/11/2012 03:36:26
743871,REP.VP.2012.CANTOR,Eric Cantor to be Republican VP nominee in 2012,1,0.1,Aug/11/2012 03:48:38
743871,REP.VP.2012.CANTOR,Eric Cantor to be Republican VP nominee in 2012,19,0.1,Aug/11/2012 04:03:58
743871,REP.VP.2012.CANTOR,Eric Cantor to be Republican VP nominee in 2012,1,0.1,Aug/11/2012 04:04:29
743871,REP.VP.2012.CANTOR,Eric Cantor to be Republican VP nominee in 2012,9,0.1,Aug/11/2012 04:04:50
743871,REP.VP.2012.CANTOR,Eric Cantor to be Republican VP nominee in 2012,12,0.1,Aug/11/2012 04:05:21
743871,REP.VP.2012.CANTOR,Eric Cantor to be Republican VP nominee in 2012,100,0.1,Aug/11/2012 04:06:53
743871,REP.VP.2012.CANTOR,Eric Cantor to be Republican VP nominee in 2012,100,0.1,Aug/11/2012 04:07:24
743871,REP.VP.2012.CANTOR,Eric Cantor to be Republican VP nominee in 2012,28,0.1,Aug/11/2012 04:07:45
743871,REP.VP.2012.CANTOR,Eric Cantor to be Republican VP nominee in 2012,25,0.1,Aug/11/2012 04:08:06
743871,REP.VP.2012.CANTOR,Eric Cantor to be Republican VP nominee in 2012,200,0.1,Aug/11/2012 04:41:50
743871,REP.VP.2012.CANTOR,Eric Cantor to be Republican VP nominee in 2012,30,0.2,Aug/11/2012 05:05:31
743871,REP.VP.2012.CANTOR,Eric Cantor to be Republican VP nominee in 2012,75,0.1,Aug/11/2012 06:01:00
743871,REP.VP.2012.CANTOR,Eric Cantor to be Republican VP nominee in 2012,17,0.1,Aug/11/2012 21:02:43
