market id,market symbol,market name,trade quantity,trade price,date/time [utc]
754178,REP.VP.2012.AYOTTE,Kelly Ayotte to be Republican VP nominee in 2012,10,1.0,Nov/23/2011 23:52:32
754178,REP.VP.2012.AYOTTE,Kelly Ayotte to be Republican VP nominee in 2012,10,1.0,Nov/23/2011 23:54:04
754178,REP.VP.2012.AYOTTE,Kelly Ayotte to be Republican VP nominee in 2012,30,1.0,Nov/23/2011 23:54:21
754178,REP.VP.2012.AYOTTE,Kelly Ayotte to be Republican VP nominee in 2012,10,0.5,Dec/01/2011 03:55:49
754178,REP.VP.2012.AYOTTE,Kelly Ayotte to be Republican VP nominee in 2012,90,0.5,Dec/01/2011 22:33:51
754178,REP.VP.2012.AYOTTE,Kelly Ayotte to be Republican VP nominee in 2012,1,0.5,Dec/01/2011 22:33:51
754178,REP.VP.2012.AYOTTE,Kelly Ayotte to be Republican VP nominee in 2012,1,0.5,Dec/02/2011 18:46:13
754178,REP.VP.2012.AYOTTE,Kelly Ayotte to be Republican VP nominee in 2012,20,0.5,Dec/02/2011 23:43:47
754178,REP.VP.2012.AYOTTE,Kelly Ayotte to be Republican VP nominee in 2012,20,0.5,Dec/02/2011 23:44:02
754178,REP.VP.2012.AYOTTE,Kelly Ayotte to be Republican VP nominee in 2012,9,0.5,Dec/02/2011 23:44:23
754178,REP.VP.2012.AYOTTE,Kelly Ayotte to be Republican VP nominee in 2012,1,0.5,Dec/02/2011 23:44:23
754178,REP.VP.2012.AYOTTE,Kelly Ayotte to be Republican VP nominee in 2012,100,0.5,Dec/03/2011 17:33:37
754178,REP.VP.2012.AYOTTE,Kelly Ayotte to be Republican VP nominee in 2012,50,0.5,Dec/05/2011 21:27:16
754178,REP.VP.2012.AYOTTE,Kelly Ayotte to be Republican VP nominee in 2012,1,0.5,Dec/05/2011 21:27:16
754178,REP.VP.2012.AYOTTE,Kelly Ayotte to be Republican VP nominee in 2012,100,0.5,Dec/06/2011 00:58:57
754178,REP.VP.2012.AYOTTE,Kelly Ayotte to be Republican VP nominee in 2012,1,0.5,Dec/06/2011 00:58:57
754178,REP.VP.2012.AYOTTE,Kelly Ayotte to be Republican VP nominee in 2012,100,0.5,Dec/07/2011 23:40:59
754178,REP.VP.2012.AYOTTE,Kelly Ayotte to be Republican VP nominee in 2012,1,0.5,Dec/07/2011 23:40:59
754178,REP.VP.2012.AYOTTE,Kelly Ayotte to be Republican VP nominee in 2012,50,0.5,Dec/10/2011 10:54:30
754178,REP.VP.2012.AYOTTE,Kelly Ayotte to be Republican VP nominee in 2012,1,0.5,Dec/10/2011 10:54:30
754178,REP.VP.2012.AYOTTE,Kelly Ayotte to be Republican VP nominee in 2012,1,0.9,Dec/10/2011 10:55:08
754178,REP.VP.2012.AYOTTE,Kelly Ayotte to be Republican VP nominee in 2012,1,0.5,Dec/11/2011 16:22:02
754178,REP.VP.2012.AYOTTE,Kelly Ayotte to be Republican VP nominee in 2012,49,0.5,Dec/13/2011 22:00:50
754178,REP.VP.2012.AYOTTE,Kelly Ayotte to be Republican VP nominee in 2012,1,0.5,Dec/13/2011 22:00:50
754178,REP.VP.2012.AYOTTE,Kelly Ayotte to be Republican VP nominee in 2012,1,0.9,Dec/14/2011 18:54:26
754178,REP.VP.2012.AYOTTE,Kelly Ayotte to be Republican VP nominee in 2012,80,0.5,Dec/15/2011 04:26:43
754178,REP.VP.2012.AYOTTE,Kelly Ayotte to be Republican VP nominee in 2012,1,0.6,Dec/15/2011 04:26:43
754178,REP.VP.2012.AYOTTE,Kelly Ayotte to be Republican VP nominee in 2012,119,0.5,Dec/16/2011 18:07:21
754178,REP.VP.2012.AYOTTE,Kelly Ayotte to be Republican VP nominee in 2012,1,0.5,Dec/16/2011 18:07:21
754178,REP.VP.2012.AYOTTE,Kelly Ayotte to be Republican VP nominee in 2012,1,0.7,Dec/16/2011 18:23:59
754178,REP.VP.2012.AYOTTE,Kelly Ayotte to be Republican VP nominee in 2012,50,0.5,Dec/21/2011 20:01:01
754178,REP.VP.2012.AYOTTE,Kelly Ayotte to be Republican VP nominee in 2012,1,0.5,Dec/21/2011 20:01:01
754178,REP.VP.2012.AYOTTE,Kelly Ayotte to be Republican VP nominee in 2012,1,0.7,Dec/21/2011 20:01:46
754178,REP.VP.2012.AYOTTE,Kelly Ayotte to be Republican VP nominee in 2012,50,0.5,Dec/28/2011 00:40:01
754178,REP.VP.2012.AYOTTE,Kelly Ayotte to be Republican VP nominee in 2012,1,0.5,Dec/28/2011 00:40:01
754178,REP.VP.2012.AYOTTE,Kelly Ayotte to be Republican VP nominee in 2012,49,0.5,Dec/28/2011 00:40:01
754178,REP.VP.2012.AYOTTE,Kelly Ayotte to be Republican VP nominee in 2012,1,0.5,Dec/31/2011 06:10:16
754178,REP.VP.2012.AYOTTE,Kelly Ayotte to be Republican VP nominee in 2012,1,0.5,Dec/31/2011 06:10:16
754178,REP.VP.2012.AYOTTE,Kelly Ayotte to be Republican VP nominee in 2012,50,0.5,Dec/31/2011 06:10:16
754178,REP.VP.2012.AYOTTE,Kelly Ayotte to be Republican VP nominee in 2012,10,0.5,Jan/04/2012 18:25:03
754178,REP.VP.2012.AYOTTE,Kelly Ayotte to be Republican VP nominee in 2012,10,0.4,Jan/04/2012 19:18:23
754178,REP.VP.2012.AYOTTE,Kelly Ayotte to be Republican VP nominee in 2012,1,0.5,Jan/04/2012 19:29:36
754178,REP.VP.2012.AYOTTE,Kelly Ayotte to be Republican VP nominee in 2012,9,0.4,Jan/04/2012 19:29:41
754178,REP.VP.2012.AYOTTE,Kelly Ayotte to be Republican VP nominee in 2012,10,0.5,Jan/09/2012 13:41:26
754178,REP.VP.2012.AYOTTE,Kelly Ayotte to be Republican VP nominee in 2012,29,0.5,Jan/10/2012 09:44:29
754178,REP.VP.2012.AYOTTE,Kelly Ayotte to be Republican VP nominee in 2012,21,0.5,Jan/10/2012 09:44:29
754178,REP.VP.2012.AYOTTE,Kelly Ayotte to be Republican VP nominee in 2012,38,0.5,Jan/10/2012 09:55:45
754178,REP.VP.2012.AYOTTE,Kelly Ayotte to be Republican VP nominee in 2012,12,0.5,Jan/10/2012 09:55:45
754178,REP.VP.2012.AYOTTE,Kelly Ayotte to be Republican VP nominee in 2012,4,0.4,Jan/17/2012 03:58:19
754178,REP.VP.2012.AYOTTE,Kelly Ayotte to be Republican VP nominee in 2012,1,0.4,Jan/18/2012 03:42:12
754178,REP.VP.2012.AYOTTE,Kelly Ayotte to be Republican VP nominee in 2012,38,0.5,Jan/18/2012 08:53:01
754178,REP.VP.2012.AYOTTE,Kelly Ayotte to be Republican VP nominee in 2012,1,0.5,Jan/18/2012 08:53:01
754178,REP.VP.2012.AYOTTE,Kelly Ayotte to be Republican VP nominee in 2012,1,0.5,Jan/18/2012 08:53:01
754178,REP.VP.2012.AYOTTE,Kelly Ayotte to be Republican VP nominee in 2012,30,0.4,Jan/18/2012 22:57:05
754178,REP.VP.2012.AYOTTE,Kelly Ayotte to be Republican VP nominee in 2012,49,0.5,Jan/22/2012 12:41:48
754178,REP.VP.2012.AYOTTE,Kelly Ayotte to be Republican VP nominee in 2012,30,0.5,Jan/22/2012 12:41:48
754178,REP.VP.2012.AYOTTE,Kelly Ayotte to be Republican VP nominee in 2012,30,0.5,Jan/22/2012 12:41:48
754178,REP.VP.2012.AYOTTE,Kelly Ayotte to be Republican VP nominee in 2012,1,0.5,Jan/22/2012 12:41:48
754178,REP.VP.2012.AYOTTE,Kelly Ayotte to be Republican VP nominee in 2012,1,0.4,Jan/25/2012 04:47:11
754178,REP.VP.2012.AYOTTE,Kelly Ayotte to be Republican VP nominee in 2012,9,0.4,Jan/26/2012 14:11:10
754178,REP.VP.2012.AYOTTE,Kelly Ayotte to be Republican VP nominee in 2012,1,0.4,Jan/26/2012 14:11:10
754178,REP.VP.2012.AYOTTE,Kelly Ayotte to be Republican VP nominee in 2012,50,0.4,Jan/26/2012 14:11:10
754178,REP.VP.2012.AYOTTE,Kelly Ayotte to be Republican VP nominee in 2012,10,0.4,Jan/28/2012 00:34:15
754178,REP.VP.2012.AYOTTE,Kelly Ayotte to be Republican VP nominee in 2012,10,0.7,Jan/29/2012 16:40:33
754178,REP.VP.2012.AYOTTE,Kelly Ayotte to be Republican VP nominee in 2012,20,0.6,Jan/29/2012 16:40:33
754178,REP.VP.2012.AYOTTE,Kelly Ayotte to be Republican VP nominee in 2012,50,0.7,Jan/29/2012 16:40:33
754178,REP.VP.2012.AYOTTE,Kelly Ayotte to be Republican VP nominee in 2012,50,0.6,Jan/29/2012 16:40:33
754178,REP.VP.2012.AYOTTE,Kelly Ayotte to be Republican VP nominee in 2012,100,0.5,Jan/29/2012 16:40:33
754178,REP.VP.2012.AYOTTE,Kelly Ayotte to be Republican VP nominee in 2012,71,0.4,Jan/29/2012 16:40:33
754178,REP.VP.2012.AYOTTE,Kelly Ayotte to be Republican VP nominee in 2012,50,0.4,Jan/29/2012 16:40:33
754178,REP.VP.2012.AYOTTE,Kelly Ayotte to be Republican VP nominee in 2012,1,0.4,Jan/29/2012 16:40:33
754178,REP.VP.2012.AYOTTE,Kelly Ayotte to be Republican VP nominee in 2012,1,0.6,Jan/29/2012 16:40:33
754178,REP.VP.2012.AYOTTE,Kelly Ayotte to be Republican VP nominee in 2012,50,0.6,Jan/29/2012 16:40:33
754178,REP.VP.2012.AYOTTE,Kelly Ayotte to be Republican VP nominee in 2012,50,1.0,Jan/29/2012 16:41:41
754178,REP.VP.2012.AYOTTE,Kelly Ayotte to be Republican VP nominee in 2012,50,1.0,Jan/29/2012 16:41:41
754178,REP.VP.2012.AYOTTE,Kelly Ayotte to be Republican VP nominee in 2012,1,0.9,Jan/29/2012 16:41:41
754178,REP.VP.2012.AYOTTE,Kelly Ayotte to be Republican VP nominee in 2012,2,0.9,Jan/29/2012 16:41:41
754178,REP.VP.2012.AYOTTE,Kelly Ayotte to be Republican VP nominee in 2012,5,0.9,Jan/29/2012 16:41:41
754178,REP.VP.2012.AYOTTE,Kelly Ayotte to be Republican VP nominee in 2012,1,0.8,Jan/29/2012 16:41:41
754178,REP.VP.2012.AYOTTE,Kelly Ayotte to be Republican VP nominee in 2012,1,0.9,Jan/29/2012 16:41:41
754178,REP.VP.2012.AYOTTE,Kelly Ayotte to be Republican VP nominee in 2012,9,0.8,Jan/29/2012 16:41:41
754178,REP.VP.2012.AYOTTE,Kelly Ayotte to be Republican VP nominee in 2012,1,0.9,Jan/29/2012 16:41:41
754178,REP.VP.2012.AYOTTE,Kelly Ayotte to be Republican VP nominee in 2012,33,1.0,Jan/29/2012 16:41:41
754178,REP.VP.2012.AYOTTE,Kelly Ayotte to be Republican VP nominee in 2012,6,0.9,Jan/29/2012 16:41:41
754178,REP.VP.2012.AYOTTE,Kelly Ayotte to be Republican VP nominee in 2012,50,0.9,Jan/29/2012 16:41:41
754178,REP.VP.2012.AYOTTE,Kelly Ayotte to be Republican VP nominee in 2012,50,0.9,Jan/29/2012 16:41:41
754178,REP.VP.2012.AYOTTE,Kelly Ayotte to be Republican VP nominee in 2012,10,0.8,Jan/29/2012 16:41:41
754178,REP.VP.2012.AYOTTE,Kelly Ayotte to be Republican VP nominee in 2012,1,0.8,Jan/29/2012 16:41:41
754178,REP.VP.2012.AYOTTE,Kelly Ayotte to be Republican VP nominee in 2012,20,0.7,Jan/29/2012 23:35:48
754178,REP.VP.2012.AYOTTE,Kelly Ayotte to be Republican VP nominee in 2012,10,0.9,Jan/30/2012 00:52:43
754178,REP.VP.2012.AYOTTE,Kelly Ayotte to be Republican VP nominee in 2012,10,0.8,Jan/30/2012 03:54:14
754178,REP.VP.2012.AYOTTE,Kelly Ayotte to be Republican VP nominee in 2012,17,1.0,Feb/01/2012 04:32:19
754178,REP.VP.2012.AYOTTE,Kelly Ayotte to be Republican VP nominee in 2012,30,0.8,Feb/01/2012 04:32:19
754178,REP.VP.2012.AYOTTE,Kelly Ayotte to be Republican VP nominee in 2012,1,0.8,Feb/01/2012 04:32:19
754178,REP.VP.2012.AYOTTE,Kelly Ayotte to be Republican VP nominee in 2012,1,1.0,Feb/01/2012 04:32:19
754178,REP.VP.2012.AYOTTE,Kelly Ayotte to be Republican VP nominee in 2012,50,1.0,Feb/01/2012 04:32:19
754178,REP.VP.2012.AYOTTE,Kelly Ayotte to be Republican VP nominee in 2012,20,0.9,Feb/01/2012 04:32:19
754178,REP.VP.2012.AYOTTE,Kelly Ayotte to be Republican VP nominee in 2012,10,0.8,Feb/02/2012 02:17:25
754178,REP.VP.2012.AYOTTE,Kelly Ayotte to be Republican VP nominee in 2012,50,1.0,Feb/04/2012 04:19:15
754178,REP.VP.2012.AYOTTE,Kelly Ayotte to be Republican VP nominee in 2012,10,0.9,Feb/04/2012 04:19:15
754178,REP.VP.2012.AYOTTE,Kelly Ayotte to be Republican VP nominee in 2012,1,0.9,Feb/04/2012 04:19:15
754178,REP.VP.2012.AYOTTE,Kelly Ayotte to be Republican VP nominee in 2012,50,1.0,Feb/04/2012 04:19:15
754178,REP.VP.2012.AYOTTE,Kelly Ayotte to be Republican VP nominee in 2012,41,0.7,Feb/04/2012 05:04:53
754178,REP.VP.2012.AYOTTE,Kelly Ayotte to be Republican VP nominee in 2012,69,0.7,Feb/04/2012 23:11:03
754178,REP.VP.2012.AYOTTE,Kelly Ayotte to be Republican VP nominee in 2012,1,0.7,Feb/04/2012 23:11:03
754178,REP.VP.2012.AYOTTE,Kelly Ayotte to be Republican VP nominee in 2012,41,1.0,Feb/05/2012 07:26:54
754178,REP.VP.2012.AYOTTE,Kelly Ayotte to be Republican VP nominee in 2012,1,1.0,Feb/05/2012 07:26:54
754178,REP.VP.2012.AYOTTE,Kelly Ayotte to be Republican VP nominee in 2012,19,0.7,Feb/07/2012 15:45:44
754178,REP.VP.2012.AYOTTE,Kelly Ayotte to be Republican VP nominee in 2012,19,0.9,Feb/07/2012 21:42:43
754178,REP.VP.2012.AYOTTE,Kelly Ayotte to be Republican VP nominee in 2012,1,0.9,Feb/07/2012 21:42:43
754178,REP.VP.2012.AYOTTE,Kelly Ayotte to be Republican VP nominee in 2012,50,1.0,Feb/07/2012 21:43:01
754178,REP.VP.2012.AYOTTE,Kelly Ayotte to be Republican VP nominee in 2012,52,0.8,Feb/08/2012 03:49:09
754178,REP.VP.2012.AYOTTE,Kelly Ayotte to be Republican VP nominee in 2012,50,1.0,Feb/11/2012 20:20:55
754178,REP.VP.2012.AYOTTE,Kelly Ayotte to be Republican VP nominee in 2012,1,1.0,Feb/11/2012 20:20:55
754178,REP.VP.2012.AYOTTE,Kelly Ayotte to be Republican VP nominee in 2012,10,1.0,Feb/11/2012 20:20:55
754178,REP.VP.2012.AYOTTE,Kelly Ayotte to be Republican VP nominee in 2012,50,1.0,Feb/13/2012 19:52:41
754178,REP.VP.2012.AYOTTE,Kelly Ayotte to be Republican VP nominee in 2012,1,1.0,Feb/13/2012 19:52:41
754178,REP.VP.2012.AYOTTE,Kelly Ayotte to be Republican VP nominee in 2012,100,0.9,Feb/13/2012 23:07:32
754178,REP.VP.2012.AYOTTE,Kelly Ayotte to be Republican VP nominee in 2012,62,1.0,Feb/14/2012 16:39:48
754178,REP.VP.2012.AYOTTE,Kelly Ayotte to be Republican VP nominee in 2012,1,1.0,Feb/14/2012 16:39:48
754178,REP.VP.2012.AYOTTE,Kelly Ayotte to be Republican VP nominee in 2012,50,1.0,Feb/14/2012 16:39:48
754178,REP.VP.2012.AYOTTE,Kelly Ayotte to be Republican VP nominee in 2012,50,1.5,Feb/14/2012 19:59:20
754178,REP.VP.2012.AYOTTE,Kelly Ayotte to be Republican VP nominee in 2012,50,2.0,Feb/14/2012 19:59:20
754178,REP.VP.2012.AYOTTE,Kelly Ayotte to be Republican VP nominee in 2012,100,1.9,Feb/14/2012 19:59:20
754178,REP.VP.2012.AYOTTE,Kelly Ayotte to be Republican VP nominee in 2012,20,1.8,Feb/14/2012 19:59:20
754178,REP.VP.2012.AYOTTE,Kelly Ayotte to be Republican VP nominee in 2012,50,2.0,Feb/14/2012 19:59:20
754178,REP.VP.2012.AYOTTE,Kelly Ayotte to be Republican VP nominee in 2012,5,1.5,Feb/14/2012 19:59:20
754178,REP.VP.2012.AYOTTE,Kelly Ayotte to be Republican VP nominee in 2012,5,1.8,Feb/14/2012 19:59:20
754178,REP.VP.2012.AYOTTE,Kelly Ayotte to be Republican VP nominee in 2012,10,1.8,Feb/14/2012 19:59:20
754178,REP.VP.2012.AYOTTE,Kelly Ayotte to be Republican VP nominee in 2012,30,1.4,Feb/14/2012 19:59:20
754178,REP.VP.2012.AYOTTE,Kelly Ayotte to be Republican VP nominee in 2012,10,1.2,Feb/14/2012 19:59:20
754178,REP.VP.2012.AYOTTE,Kelly Ayotte to be Republican VP nominee in 2012,10,1.1,Feb/14/2012 19:59:20
754178,REP.VP.2012.AYOTTE,Kelly Ayotte to be Republican VP nominee in 2012,1,1.4,Feb/14/2012 19:59:20
754178,REP.VP.2012.AYOTTE,Kelly Ayotte to be Republican VP nominee in 2012,50,1.5,Feb/14/2012 19:59:20
754178,REP.VP.2012.AYOTTE,Kelly Ayotte to be Republican VP nominee in 2012,50,2.0,Feb/14/2012 19:59:20
754178,REP.VP.2012.AYOTTE,Kelly Ayotte to be Republican VP nominee in 2012,2,1.1,Feb/14/2012 19:59:20
754178,REP.VP.2012.AYOTTE,Kelly Ayotte to be Republican VP nominee in 2012,1,1.1,Feb/14/2012 19:59:20
754178,REP.VP.2012.AYOTTE,Kelly Ayotte to be Republican VP nominee in 2012,1,1.5,Feb/14/2012 19:59:20
754178,REP.VP.2012.AYOTTE,Kelly Ayotte to be Republican VP nominee in 2012,1,1.8,Feb/14/2012 19:59:20
754178,REP.VP.2012.AYOTTE,Kelly Ayotte to be Republican VP nominee in 2012,1,1.9,Feb/14/2012 19:59:20
754178,REP.VP.2012.AYOTTE,Kelly Ayotte to be Republican VP nominee in 2012,50,2.5,Feb/14/2012 20:02:11
754178,REP.VP.2012.AYOTTE,Kelly Ayotte to be Republican VP nominee in 2012,3,2.5,Feb/14/2012 20:02:11
754178,REP.VP.2012.AYOTTE,Kelly Ayotte to be Republican VP nominee in 2012,50,2.0,Feb/21/2012 13:31:21
754178,REP.VP.2012.AYOTTE,Kelly Ayotte to be Republican VP nominee in 2012,1,2.0,Feb/21/2012 13:31:21
754178,REP.VP.2012.AYOTTE,Kelly Ayotte to be Republican VP nominee in 2012,50,2.0,Feb/23/2012 15:38:01
754178,REP.VP.2012.AYOTTE,Kelly Ayotte to be Republican VP nominee in 2012,1,2.0,Feb/23/2012 15:38:01
754178,REP.VP.2012.AYOTTE,Kelly Ayotte to be Republican VP nominee in 2012,10,1.1,Mar/02/2012 04:09:10
754178,REP.VP.2012.AYOTTE,Kelly Ayotte to be Republican VP nominee in 2012,11,1.0,Mar/06/2012 22:51:54
754178,REP.VP.2012.AYOTTE,Kelly Ayotte to be Republican VP nominee in 2012,6,0.8,Mar/08/2012 02:33:27
754178,REP.VP.2012.AYOTTE,Kelly Ayotte to be Republican VP nominee in 2012,4,0.8,Mar/08/2012 02:33:49
754178,REP.VP.2012.AYOTTE,Kelly Ayotte to be Republican VP nominee in 2012,1,0.7,Mar/15/2012 14:42:35
754178,REP.VP.2012.AYOTTE,Kelly Ayotte to be Republican VP nominee in 2012,5,0.6,Mar/15/2012 17:41:06
754178,REP.VP.2012.AYOTTE,Kelly Ayotte to be Republican VP nominee in 2012,31,0.7,Mar/15/2012 17:41:06
754178,REP.VP.2012.AYOTTE,Kelly Ayotte to be Republican VP nominee in 2012,2,0.7,Mar/15/2012 17:41:06
754178,REP.VP.2012.AYOTTE,Kelly Ayotte to be Republican VP nominee in 2012,39,1.0,Mar/16/2012 18:57:54
754178,REP.VP.2012.AYOTTE,Kelly Ayotte to be Republican VP nominee in 2012,50,1.0,Mar/16/2012 18:57:54
754178,REP.VP.2012.AYOTTE,Kelly Ayotte to be Republican VP nominee in 2012,25,1.0,Mar/16/2012 18:57:54
754178,REP.VP.2012.AYOTTE,Kelly Ayotte to be Republican VP nominee in 2012,44,1.0,Mar/16/2012 18:57:54
754178,REP.VP.2012.AYOTTE,Kelly Ayotte to be Republican VP nominee in 2012,5,0.9,Mar/16/2012 18:57:54
754178,REP.VP.2012.AYOTTE,Kelly Ayotte to be Republican VP nominee in 2012,1,0.9,Mar/16/2012 18:57:54
754178,REP.VP.2012.AYOTTE,Kelly Ayotte to be Republican VP nominee in 2012,32,0.9,Mar/16/2012 18:57:54
754178,REP.VP.2012.AYOTTE,Kelly Ayotte to be Republican VP nominee in 2012,2,0.9,Mar/16/2012 18:57:54
754178,REP.VP.2012.AYOTTE,Kelly Ayotte to be Republican VP nominee in 2012,2,0.8,Mar/16/2012 18:57:54
754178,REP.VP.2012.AYOTTE,Kelly Ayotte to be Republican VP nominee in 2012,25,1.5,Mar/17/2012 15:47:48
754178,REP.VP.2012.AYOTTE,Kelly Ayotte to be Republican VP nominee in 2012,67,1.4,Mar/17/2012 15:47:48
754178,REP.VP.2012.AYOTTE,Kelly Ayotte to be Republican VP nominee in 2012,15,1.1,Mar/17/2012 15:47:48
754178,REP.VP.2012.AYOTTE,Kelly Ayotte to be Republican VP nominee in 2012,25,1.3,Mar/17/2012 15:47:48
754178,REP.VP.2012.AYOTTE,Kelly Ayotte to be Republican VP nominee in 2012,10,1.2,Mar/17/2012 15:47:48
754178,REP.VP.2012.AYOTTE,Kelly Ayotte to be Republican VP nominee in 2012,44,1.5,Mar/17/2012 15:47:48
754178,REP.VP.2012.AYOTTE,Kelly Ayotte to be Republican VP nominee in 2012,5,1.3,Mar/17/2012 15:47:48
754178,REP.VP.2012.AYOTTE,Kelly Ayotte to be Republican VP nominee in 2012,6,1.0,Mar/17/2012 15:47:48
754178,REP.VP.2012.AYOTTE,Kelly Ayotte to be Republican VP nominee in 2012,1,1.0,Mar/17/2012 15:47:48
754178,REP.VP.2012.AYOTTE,Kelly Ayotte to be Republican VP nominee in 2012,1,1.2,Mar/17/2012 15:47:48
754178,REP.VP.2012.AYOTTE,Kelly Ayotte to be Republican VP nominee in 2012,1,1.4,Mar/17/2012 15:47:48
754178,REP.VP.2012.AYOTTE,Kelly Ayotte to be Republican VP nominee in 2012,50,1.0,Mar/17/2012 15:47:48
754178,REP.VP.2012.AYOTTE,Kelly Ayotte to be Republican VP nominee in 2012,6,1.5,Mar/19/2012 23:19:27
754178,REP.VP.2012.AYOTTE,Kelly Ayotte to be Republican VP nominee in 2012,25,1.5,Mar/19/2012 23:19:27
754178,REP.VP.2012.AYOTTE,Kelly Ayotte to be Republican VP nominee in 2012,12,1.5,Mar/19/2012 23:19:27
754178,REP.VP.2012.AYOTTE,Kelly Ayotte to be Republican VP nominee in 2012,2,1.4,Mar/19/2012 23:19:27
754178,REP.VP.2012.AYOTTE,Kelly Ayotte to be Republican VP nominee in 2012,1,1.4,Mar/19/2012 23:19:27
754178,REP.VP.2012.AYOTTE,Kelly Ayotte to be Republican VP nominee in 2012,2,1.3,Mar/23/2012 13:41:52
754178,REP.VP.2012.AYOTTE,Kelly Ayotte to be Republican VP nominee in 2012,8,1.3,Mar/23/2012 13:59:23
754178,REP.VP.2012.AYOTTE,Kelly Ayotte to be Republican VP nominee in 2012,3,1.3,Mar/23/2012 14:00:25
754178,REP.VP.2012.AYOTTE,Kelly Ayotte to be Republican VP nominee in 2012,1,1.3,Mar/23/2012 14:02:28
754178,REP.VP.2012.AYOTTE,Kelly Ayotte to be Republican VP nominee in 2012,1,1.3,Mar/23/2012 14:06:16
754178,REP.VP.2012.AYOTTE,Kelly Ayotte to be Republican VP nominee in 2012,60,1.3,Mar/23/2012 14:34:25
754178,REP.VP.2012.AYOTTE,Kelly Ayotte to be Republican VP nominee in 2012,75,1.0,Mar/23/2012 16:50:14
754178,REP.VP.2012.AYOTTE,Kelly Ayotte to be Republican VP nominee in 2012,7,1.5,Mar/23/2012 17:26:02
754178,REP.VP.2012.AYOTTE,Kelly Ayotte to be Republican VP nominee in 2012,6,1.5,Mar/23/2012 17:28:11
754178,REP.VP.2012.AYOTTE,Kelly Ayotte to be Republican VP nominee in 2012,37,1.5,Mar/24/2012 19:50:39
754178,REP.VP.2012.AYOTTE,Kelly Ayotte to be Republican VP nominee in 2012,1,1.5,Mar/24/2012 19:50:39
754178,REP.VP.2012.AYOTTE,Kelly Ayotte to be Republican VP nominee in 2012,50,1.5,Mar/24/2012 19:50:39
754178,REP.VP.2012.AYOTTE,Kelly Ayotte to be Republican VP nominee in 2012,40,1.5,Mar/24/2012 19:50:39
754178,REP.VP.2012.AYOTTE,Kelly Ayotte to be Republican VP nominee in 2012,2,1.1,Mar/25/2012 11:32:55
754178,REP.VP.2012.AYOTTE,Kelly Ayotte to be Republican VP nominee in 2012,12,1.0,Mar/25/2012 15:11:17
754178,REP.VP.2012.AYOTTE,Kelly Ayotte to be Republican VP nominee in 2012,20,1.0,Mar/26/2012 00:24:25
754178,REP.VP.2012.AYOTTE,Kelly Ayotte to be Republican VP nominee in 2012,100,1.0,Mar/26/2012 15:12:11
754178,REP.VP.2012.AYOTTE,Kelly Ayotte to be Republican VP nominee in 2012,2,1.0,Mar/26/2012 18:18:48
754178,REP.VP.2012.AYOTTE,Kelly Ayotte to be Republican VP nominee in 2012,20,1.0,Mar/26/2012 21:57:05
754178,REP.VP.2012.AYOTTE,Kelly Ayotte to be Republican VP nominee in 2012,3,1.0,Mar/27/2012 02:59:29
754178,REP.VP.2012.AYOTTE,Kelly Ayotte to be Republican VP nominee in 2012,1,1.0,Mar/27/2012 14:09:32
754178,REP.VP.2012.AYOTTE,Kelly Ayotte to be Republican VP nominee in 2012,2,1.0,Mar/27/2012 14:09:54
754178,REP.VP.2012.AYOTTE,Kelly Ayotte to be Republican VP nominee in 2012,1,1.0,Mar/27/2012 14:13:06
754178,REP.VP.2012.AYOTTE,Kelly Ayotte to be Republican VP nominee in 2012,1,1.0,Mar/27/2012 14:38:19
754178,REP.VP.2012.AYOTTE,Kelly Ayotte to be Republican VP nominee in 2012,5,1.0,Mar/27/2012 14:46:12
754178,REP.VP.2012.AYOTTE,Kelly Ayotte to be Republican VP nominee in 2012,3,1.0,Mar/27/2012 14:47:16
754178,REP.VP.2012.AYOTTE,Kelly Ayotte to be Republican VP nominee in 2012,2,1.0,Mar/27/2012 14:48:20
754178,REP.VP.2012.AYOTTE,Kelly Ayotte to be Republican VP nominee in 2012,3,1.0,Mar/27/2012 14:49:12
754178,REP.VP.2012.AYOTTE,Kelly Ayotte to be Republican VP nominee in 2012,7,1.0,Mar/27/2012 14:51:34
754178,REP.VP.2012.AYOTTE,Kelly Ayotte to be Republican VP nominee in 2012,7,1.0,Mar/27/2012 14:52:06
754178,REP.VP.2012.AYOTTE,Kelly Ayotte to be Republican VP nominee in 2012,8,1.0,Mar/27/2012 14:52:26
754178,REP.VP.2012.AYOTTE,Kelly Ayotte to be Republican VP nominee in 2012,8,1.0,Mar/27/2012 14:52:57
754178,REP.VP.2012.AYOTTE,Kelly Ayotte to be Republican VP nominee in 2012,2,1.0,Mar/27/2012 14:53:18
754178,REP.VP.2012.AYOTTE,Kelly Ayotte to be Republican VP nominee in 2012,1,1.0,Mar/27/2012 14:53:49
754178,REP.VP.2012.AYOTTE,Kelly Ayotte to be Republican VP nominee in 2012,9,1.0,Mar/27/2012 14:55:05
754178,REP.VP.2012.AYOTTE,Kelly Ayotte to be Republican VP nominee in 2012,6,1.0,Mar/27/2012 14:56:24
754178,REP.VP.2012.AYOTTE,Kelly Ayotte to be Republican VP nominee in 2012,4,1.0,Mar/27/2012 14:56:47
754178,REP.VP.2012.AYOTTE,Kelly Ayotte to be Republican VP nominee in 2012,9,1.0,Mar/27/2012 14:58:31
754178,REP.VP.2012.AYOTTE,Kelly Ayotte to be Republican VP nominee in 2012,5,1.0,Mar/27/2012 14:58:54
754178,REP.VP.2012.AYOTTE,Kelly Ayotte to be Republican VP nominee in 2012,3,1.0,Mar/27/2012 14:59:57
754178,REP.VP.2012.AYOTTE,Kelly Ayotte to be Republican VP nominee in 2012,1,1.0,Mar/27/2012 15:20:34
754178,REP.VP.2012.AYOTTE,Kelly Ayotte to be Republican VP nominee in 2012,1,1.0,Mar/27/2012 15:52:39
754178,REP.VP.2012.AYOTTE,Kelly Ayotte to be Republican VP nominee in 2012,1,1.0,Mar/27/2012 16:06:11
754178,REP.VP.2012.AYOTTE,Kelly Ayotte to be Republican VP nominee in 2012,3,1.0,Mar/27/2012 19:03:52
754178,REP.VP.2012.AYOTTE,Kelly Ayotte to be Republican VP nominee in 2012,20,1.0,Mar/27/2012 20:04:55
754178,REP.VP.2012.AYOTTE,Kelly Ayotte to be Republican VP nominee in 2012,20,1.0,Mar/27/2012 23:48:47
754178,REP.VP.2012.AYOTTE,Kelly Ayotte to be Republican VP nominee in 2012,100,1.0,Mar/28/2012 04:22:30
754178,REP.VP.2012.AYOTTE,Kelly Ayotte to be Republican VP nominee in 2012,6,1.1,Mar/29/2012 02:56:11
754178,REP.VP.2012.AYOTTE,Kelly Ayotte to be Republican VP nominee in 2012,2,1.1,Mar/29/2012 03:04:07
754178,REP.VP.2012.AYOTTE,Kelly Ayotte to be Republican VP nominee in 2012,1,1.1,Mar/29/2012 03:04:07
754178,REP.VP.2012.AYOTTE,Kelly Ayotte to be Republican VP nominee in 2012,47,1.1,Mar/29/2012 03:04:07
754178,REP.VP.2012.AYOTTE,Kelly Ayotte to be Republican VP nominee in 2012,3,1.1,Mar/29/2012 03:17:43
754178,REP.VP.2012.AYOTTE,Kelly Ayotte to be Republican VP nominee in 2012,3,1.1,Mar/29/2012 03:17:43
754178,REP.VP.2012.AYOTTE,Kelly Ayotte to be Republican VP nominee in 2012,50,1.0,Mar/29/2012 16:28:30
754178,REP.VP.2012.AYOTTE,Kelly Ayotte to be Republican VP nominee in 2012,27,1.0,Mar/31/2012 00:44:13
754178,REP.VP.2012.AYOTTE,Kelly Ayotte to be Republican VP nominee in 2012,8,1.0,Mar/31/2012 21:38:17
754178,REP.VP.2012.AYOTTE,Kelly Ayotte to be Republican VP nominee in 2012,15,0.8,Apr/03/2012 21:41:06
754178,REP.VP.2012.AYOTTE,Kelly Ayotte to be Republican VP nominee in 2012,20,0.7,Apr/03/2012 21:41:35
754178,REP.VP.2012.AYOTTE,Kelly Ayotte to be Republican VP nominee in 2012,5,0.8,Apr/04/2012 04:16:14
754178,REP.VP.2012.AYOTTE,Kelly Ayotte to be Republican VP nominee in 2012,5,0.7,Apr/04/2012 16:12:03
754178,REP.VP.2012.AYOTTE,Kelly Ayotte to be Republican VP nominee in 2012,11,0.7,Apr/04/2012 16:23:17
754178,REP.VP.2012.AYOTTE,Kelly Ayotte to be Republican VP nominee in 2012,2,0.7,Apr/04/2012 16:23:17
754178,REP.VP.2012.AYOTTE,Kelly Ayotte to be Republican VP nominee in 2012,5,0.7,Apr/04/2012 16:23:17
754178,REP.VP.2012.AYOTTE,Kelly Ayotte to be Republican VP nominee in 2012,10,0.5,Apr/04/2012 17:04:15
754178,REP.VP.2012.AYOTTE,Kelly Ayotte to be Republican VP nominee in 2012,5,0.5,Apr/04/2012 17:04:15
754178,REP.VP.2012.AYOTTE,Kelly Ayotte to be Republican VP nominee in 2012,28,0.5,Apr/04/2012 17:04:15
754178,REP.VP.2012.AYOTTE,Kelly Ayotte to be Republican VP nominee in 2012,20,0.4,Apr/04/2012 18:09:26
754178,REP.VP.2012.AYOTTE,Kelly Ayotte to be Republican VP nominee in 2012,7,0.5,Apr/05/2012 12:55:23
754178,REP.VP.2012.AYOTTE,Kelly Ayotte to be Republican VP nominee in 2012,1,0.5,Apr/05/2012 12:55:23
754178,REP.VP.2012.AYOTTE,Kelly Ayotte to be Republican VP nominee in 2012,20,0.5,Apr/05/2012 12:55:23
754178,REP.VP.2012.AYOTTE,Kelly Ayotte to be Republican VP nominee in 2012,20,0.5,Apr/05/2012 12:55:23
754178,REP.VP.2012.AYOTTE,Kelly Ayotte to be Republican VP nominee in 2012,37,0.6,Apr/05/2012 12:55:23
754178,REP.VP.2012.AYOTTE,Kelly Ayotte to be Republican VP nominee in 2012,15,0.5,Apr/05/2012 12:55:23
754178,REP.VP.2012.AYOTTE,Kelly Ayotte to be Republican VP nominee in 2012,13,0.6,Apr/05/2012 14:41:05
754178,REP.VP.2012.AYOTTE,Kelly Ayotte to be Republican VP nominee in 2012,5,0.6,Apr/05/2012 14:41:05
754178,REP.VP.2012.AYOTTE,Kelly Ayotte to be Republican VP nominee in 2012,1,0.6,Apr/05/2012 14:41:05
754178,REP.VP.2012.AYOTTE,Kelly Ayotte to be Republican VP nominee in 2012,32,0.7,Apr/05/2012 14:41:16
754178,REP.VP.2012.AYOTTE,Kelly Ayotte to be Republican VP nominee in 2012,5,0.7,Apr/05/2012 14:41:16
754178,REP.VP.2012.AYOTTE,Kelly Ayotte to be Republican VP nominee in 2012,10,0.8,Apr/05/2012 14:41:25
754178,REP.VP.2012.AYOTTE,Kelly Ayotte to be Republican VP nominee in 2012,50,0.8,Apr/05/2012 14:41:25
754178,REP.VP.2012.AYOTTE,Kelly Ayotte to be Republican VP nominee in 2012,28,0.8,Apr/05/2012 14:41:25
754178,REP.VP.2012.AYOTTE,Kelly Ayotte to be Republican VP nominee in 2012,5,0.8,Apr/05/2012 14:41:25
754178,REP.VP.2012.AYOTTE,Kelly Ayotte to be Republican VP nominee in 2012,1,0.8,Apr/05/2012 14:41:25
754178,REP.VP.2012.AYOTTE,Kelly Ayotte to be Republican VP nominee in 2012,20,0.9,Apr/05/2012 14:41:46
754178,REP.VP.2012.AYOTTE,Kelly Ayotte to be Republican VP nominee in 2012,30,0.9,Apr/05/2012 14:41:46
754178,REP.VP.2012.AYOTTE,Kelly Ayotte to be Republican VP nominee in 2012,15,0.9,Apr/05/2012 14:41:46
754178,REP.VP.2012.AYOTTE,Kelly Ayotte to be Republican VP nominee in 2012,16,0.9,Apr/05/2012 14:41:46
754178,REP.VP.2012.AYOTTE,Kelly Ayotte to be Republican VP nominee in 2012,5,0.9,Apr/05/2012 14:41:46
754178,REP.VP.2012.AYOTTE,Kelly Ayotte to be Republican VP nominee in 2012,22,1.0,Apr/05/2012 14:42:30
754178,REP.VP.2012.AYOTTE,Kelly Ayotte to be Republican VP nominee in 2012,50,1.0,Apr/05/2012 14:42:30
754178,REP.VP.2012.AYOTTE,Kelly Ayotte to be Republican VP nominee in 2012,92,1.0,Apr/05/2012 14:42:30
754178,REP.VP.2012.AYOTTE,Kelly Ayotte to be Republican VP nominee in 2012,8,1.0,Apr/05/2012 21:00:43
754178,REP.VP.2012.AYOTTE,Kelly Ayotte to be Republican VP nominee in 2012,1,1.0,Apr/05/2012 21:00:43
754178,REP.VP.2012.AYOTTE,Kelly Ayotte to be Republican VP nominee in 2012,1,1.0,Apr/05/2012 21:00:43
754178,REP.VP.2012.AYOTTE,Kelly Ayotte to be Republican VP nominee in 2012,1,1.0,Apr/05/2012 21:14:58
754178,REP.VP.2012.AYOTTE,Kelly Ayotte to be Republican VP nominee in 2012,1,1.1,Apr/05/2012 21:15:07
754178,REP.VP.2012.AYOTTE,Kelly Ayotte to be Republican VP nominee in 2012,30,1.2,Apr/06/2012 02:49:38
754178,REP.VP.2012.AYOTTE,Kelly Ayotte to be Republican VP nominee in 2012,1,1.1,Apr/06/2012 02:49:38
754178,REP.VP.2012.AYOTTE,Kelly Ayotte to be Republican VP nominee in 2012,1,1.1,Apr/06/2012 02:49:38
754178,REP.VP.2012.AYOTTE,Kelly Ayotte to be Republican VP nominee in 2012,40,1.3,Apr/06/2012 02:50:00
754178,REP.VP.2012.AYOTTE,Kelly Ayotte to be Republican VP nominee in 2012,1,1.3,Apr/06/2012 02:50:00
754178,REP.VP.2012.AYOTTE,Kelly Ayotte to be Republican VP nominee in 2012,27,1.5,Apr/06/2012 02:51:02
754178,REP.VP.2012.AYOTTE,Kelly Ayotte to be Republican VP nominee in 2012,1,0.6,Apr/07/2012 11:15:21
754178,REP.VP.2012.AYOTTE,Kelly Ayotte to be Republican VP nominee in 2012,5,0.5,Apr/07/2012 18:24:21
754178,REP.VP.2012.AYOTTE,Kelly Ayotte to be Republican VP nominee in 2012,1,0.6,Apr/07/2012 18:24:21
754178,REP.VP.2012.AYOTTE,Kelly Ayotte to be Republican VP nominee in 2012,20,0.7,Apr/08/2012 04:18:53
754178,REP.VP.2012.AYOTTE,Kelly Ayotte to be Republican VP nominee in 2012,50,0.8,Apr/08/2012 04:40:14
754178,REP.VP.2012.AYOTTE,Kelly Ayotte to be Republican VP nominee in 2012,25,1.0,Apr/08/2012 04:40:14
754178,REP.VP.2012.AYOTTE,Kelly Ayotte to be Republican VP nominee in 2012,100,1.0,Apr/08/2012 04:40:14
754178,REP.VP.2012.AYOTTE,Kelly Ayotte to be Republican VP nominee in 2012,1,0.8,Apr/08/2012 04:40:14
754178,REP.VP.2012.AYOTTE,Kelly Ayotte to be Republican VP nominee in 2012,1,1.0,Apr/08/2012 04:40:14
754178,REP.VP.2012.AYOTTE,Kelly Ayotte to be Republican VP nominee in 2012,4,0.9,Apr/08/2012 04:40:14
754178,REP.VP.2012.AYOTTE,Kelly Ayotte to be Republican VP nominee in 2012,23,1.5,Apr/09/2012 06:06:30
754178,REP.VP.2012.AYOTTE,Kelly Ayotte to be Republican VP nominee in 2012,100,1.5,Apr/09/2012 06:06:30
754178,REP.VP.2012.AYOTTE,Kelly Ayotte to be Republican VP nominee in 2012,100,1.5,Apr/09/2012 06:06:30
754178,REP.VP.2012.AYOTTE,Kelly Ayotte to be Republican VP nominee in 2012,81,1.5,Apr/09/2012 06:06:30
754178,REP.VP.2012.AYOTTE,Kelly Ayotte to be Republican VP nominee in 2012,25,1.3,Apr/09/2012 06:06:30
754178,REP.VP.2012.AYOTTE,Kelly Ayotte to be Republican VP nominee in 2012,3,1.2,Apr/09/2012 06:06:30
754178,REP.VP.2012.AYOTTE,Kelly Ayotte to be Republican VP nominee in 2012,62,1.2,Apr/09/2012 06:06:30
754178,REP.VP.2012.AYOTTE,Kelly Ayotte to be Republican VP nominee in 2012,4,1.1,Apr/09/2012 06:06:30
754178,REP.VP.2012.AYOTTE,Kelly Ayotte to be Republican VP nominee in 2012,1,1.1,Apr/09/2012 06:06:30
754178,REP.VP.2012.AYOTTE,Kelly Ayotte to be Republican VP nominee in 2012,1,1.3,Apr/09/2012 06:06:30
754178,REP.VP.2012.AYOTTE,Kelly Ayotte to be Republican VP nominee in 2012,19,1.5,Apr/09/2012 06:06:44
754178,REP.VP.2012.AYOTTE,Kelly Ayotte to be Republican VP nominee in 2012,1,1.5,Apr/09/2012 06:06:44
754178,REP.VP.2012.AYOTTE,Kelly Ayotte to be Republican VP nominee in 2012,1,1.4,Apr/09/2012 13:56:12
754178,REP.VP.2012.AYOTTE,Kelly Ayotte to be Republican VP nominee in 2012,5,1.4,Apr/09/2012 14:23:17
754178,REP.VP.2012.AYOTTE,Kelly Ayotte to be Republican VP nominee in 2012,5,1.4,Apr/09/2012 14:23:38
754178,REP.VP.2012.AYOTTE,Kelly Ayotte to be Republican VP nominee in 2012,5,1.3,Apr/09/2012 14:26:48
754178,REP.VP.2012.AYOTTE,Kelly Ayotte to be Republican VP nominee in 2012,4,1.3,Apr/09/2012 14:32:03
754178,REP.VP.2012.AYOTTE,Kelly Ayotte to be Republican VP nominee in 2012,13,1.3,Apr/09/2012 14:32:34
754178,REP.VP.2012.AYOTTE,Kelly Ayotte to be Republican VP nominee in 2012,5,1.2,Apr/09/2012 14:32:34
754178,REP.VP.2012.AYOTTE,Kelly Ayotte to be Republican VP nominee in 2012,50,1.5,Apr/09/2012 21:19:30
754178,REP.VP.2012.AYOTTE,Kelly Ayotte to be Republican VP nominee in 2012,12,1.2,Apr/10/2012 06:31:45
754178,REP.VP.2012.AYOTTE,Kelly Ayotte to be Republican VP nominee in 2012,1,1.2,Apr/11/2012 19:35:08
754178,REP.VP.2012.AYOTTE,Kelly Ayotte to be Republican VP nominee in 2012,3,1.2,Apr/11/2012 19:36:53
754178,REP.VP.2012.AYOTTE,Kelly Ayotte to be Republican VP nominee in 2012,20,1.2,Apr/11/2012 20:24:32
754178,REP.VP.2012.AYOTTE,Kelly Ayotte to be Republican VP nominee in 2012,15,1.2,Apr/11/2012 20:33:20
754178,REP.VP.2012.AYOTTE,Kelly Ayotte to be Republican VP nominee in 2012,20,1.2,Apr/11/2012 21:08:52
754178,REP.VP.2012.AYOTTE,Kelly Ayotte to be Republican VP nominee in 2012,20,1.2,Apr/11/2012 22:13:41
754178,REP.VP.2012.AYOTTE,Kelly Ayotte to be Republican VP nominee in 2012,22,2.5,Apr/11/2012 22:26:19
754178,REP.VP.2012.AYOTTE,Kelly Ayotte to be Republican VP nominee in 2012,12,2.4,Apr/11/2012 22:26:19
754178,REP.VP.2012.AYOTTE,Kelly Ayotte to be Republican VP nominee in 2012,8,2.5,Apr/11/2012 22:26:19
754178,REP.VP.2012.AYOTTE,Kelly Ayotte to be Republican VP nominee in 2012,10,2.6,Apr/11/2012 22:26:19
754178,REP.VP.2012.AYOTTE,Kelly Ayotte to be Republican VP nominee in 2012,5,2.7,Apr/11/2012 22:26:19
754178,REP.VP.2012.AYOTTE,Kelly Ayotte to be Republican VP nominee in 2012,15,2.0,Apr/11/2012 22:26:19
754178,REP.VP.2012.AYOTTE,Kelly Ayotte to be Republican VP nominee in 2012,20,2.3,Apr/11/2012 22:26:19
754178,REP.VP.2012.AYOTTE,Kelly Ayotte to be Republican VP nominee in 2012,25,1.8,Apr/11/2012 22:26:19
754178,REP.VP.2012.AYOTTE,Kelly Ayotte to be Republican VP nominee in 2012,50,2.0,Apr/11/2012 22:26:19
754178,REP.VP.2012.AYOTTE,Kelly Ayotte to be Republican VP nominee in 2012,11,1.7,Apr/11/2012 22:26:19
754178,REP.VP.2012.AYOTTE,Kelly Ayotte to be Republican VP nominee in 2012,25,2.0,Apr/11/2012 22:26:19
754178,REP.VP.2012.AYOTTE,Kelly Ayotte to be Republican VP nominee in 2012,50,2.0,Apr/11/2012 22:26:19
754178,REP.VP.2012.AYOTTE,Kelly Ayotte to be Republican VP nominee in 2012,5,1.7,Apr/11/2012 22:26:19
754178,REP.VP.2012.AYOTTE,Kelly Ayotte to be Republican VP nominee in 2012,50,2.0,Apr/11/2012 22:26:19
754178,REP.VP.2012.AYOTTE,Kelly Ayotte to be Republican VP nominee in 2012,50,2.0,Apr/11/2012 22:26:19
754178,REP.VP.2012.AYOTTE,Kelly Ayotte to be Republican VP nominee in 2012,25,2.5,Apr/11/2012 22:26:19
754178,REP.VP.2012.AYOTTE,Kelly Ayotte to be Republican VP nominee in 2012,50,2.0,Apr/11/2012 22:26:19
754178,REP.VP.2012.AYOTTE,Kelly Ayotte to be Republican VP nominee in 2012,50,2.5,Apr/11/2012 22:26:19
754178,REP.VP.2012.AYOTTE,Kelly Ayotte to be Republican VP nominee in 2012,50,2.0,Apr/11/2012 22:26:19
754178,REP.VP.2012.AYOTTE,Kelly Ayotte to be Republican VP nominee in 2012,50,2.0,Apr/11/2012 22:26:19
754178,REP.VP.2012.AYOTTE,Kelly Ayotte to be Republican VP nominee in 2012,50,2.0,Apr/11/2012 22:26:19
754178,REP.VP.2012.AYOTTE,Kelly Ayotte to be Republican VP nominee in 2012,50,2.5,Apr/11/2012 22:26:19
754178,REP.VP.2012.AYOTTE,Kelly Ayotte to be Republican VP nominee in 2012,1,2.5,Apr/11/2012 22:26:19
754178,REP.VP.2012.AYOTTE,Kelly Ayotte to be Republican VP nominee in 2012,1,1.8,Apr/11/2012 22:26:19
754178,REP.VP.2012.AYOTTE,Kelly Ayotte to be Republican VP nominee in 2012,3,2.3,Apr/11/2012 22:26:19
754178,REP.VP.2012.AYOTTE,Kelly Ayotte to be Republican VP nominee in 2012,1,2.4,Apr/11/2012 22:26:19
754178,REP.VP.2012.AYOTTE,Kelly Ayotte to be Republican VP nominee in 2012,1,2.6,Apr/11/2012 22:26:19
754178,REP.VP.2012.AYOTTE,Kelly Ayotte to be Republican VP nominee in 2012,2,2.0,Apr/11/2012 22:26:19
754178,REP.VP.2012.AYOTTE,Kelly Ayotte to be Republican VP nominee in 2012,50,1.5,Apr/11/2012 22:26:19
754178,REP.VP.2012.AYOTTE,Kelly Ayotte to be Republican VP nominee in 2012,1,1.5,Apr/11/2012 22:26:19
754178,REP.VP.2012.AYOTTE,Kelly Ayotte to be Republican VP nominee in 2012,2,1.7,Apr/11/2012 22:26:19
754178,REP.VP.2012.AYOTTE,Kelly Ayotte to be Republican VP nominee in 2012,4,1.4,Apr/11/2012 22:26:19
754178,REP.VP.2012.AYOTTE,Kelly Ayotte to be Republican VP nominee in 2012,1,1.4,Apr/11/2012 22:26:19
754178,REP.VP.2012.AYOTTE,Kelly Ayotte to be Republican VP nominee in 2012,1,1.5,Apr/12/2012 20:25:54
754178,REP.VP.2012.AYOTTE,Kelly Ayotte to be Republican VP nominee in 2012,1,2.0,Apr/13/2012 14:31:26
754178,REP.VP.2012.AYOTTE,Kelly Ayotte to be Republican VP nominee in 2012,60,2.0,Apr/13/2012 18:24:12
754178,REP.VP.2012.AYOTTE,Kelly Ayotte to be Republican VP nominee in 2012,11,1.8,Apr/14/2012 05:48:04
754178,REP.VP.2012.AYOTTE,Kelly Ayotte to be Republican VP nominee in 2012,4,1.9,Apr/16/2012 03:55:34
754178,REP.VP.2012.AYOTTE,Kelly Ayotte to be Republican VP nominee in 2012,1,1.9,Apr/16/2012 03:55:34
754178,REP.VP.2012.AYOTTE,Kelly Ayotte to be Republican VP nominee in 2012,10,1.9,Apr/16/2012 03:55:34
754178,REP.VP.2012.AYOTTE,Kelly Ayotte to be Republican VP nominee in 2012,39,2.0,Apr/16/2012 03:55:55
754178,REP.VP.2012.AYOTTE,Kelly Ayotte to be Republican VP nominee in 2012,1,2.0,Apr/16/2012 03:55:55
754178,REP.VP.2012.AYOTTE,Kelly Ayotte to be Republican VP nominee in 2012,45,2.0,Apr/16/2012 03:55:55
754178,REP.VP.2012.AYOTTE,Kelly Ayotte to be Republican VP nominee in 2012,50,2.0,Apr/16/2012 12:42:50
754178,REP.VP.2012.AYOTTE,Kelly Ayotte to be Republican VP nominee in 2012,5,2.0,Apr/16/2012 19:24:51
754178,REP.VP.2012.AYOTTE,Kelly Ayotte to be Republican VP nominee in 2012,1,2.0,Apr/16/2012 19:24:51
754178,REP.VP.2012.AYOTTE,Kelly Ayotte to be Republican VP nominee in 2012,10,2.8,Apr/17/2012 00:46:49
754178,REP.VP.2012.AYOTTE,Kelly Ayotte to be Republican VP nominee in 2012,5,2.7,Apr/17/2012 00:46:49
754178,REP.VP.2012.AYOTTE,Kelly Ayotte to be Republican VP nominee in 2012,1,2.8,Apr/17/2012 00:46:49
754178,REP.VP.2012.AYOTTE,Kelly Ayotte to be Republican VP nominee in 2012,50,2.9,Apr/17/2012 00:46:49
754178,REP.VP.2012.AYOTTE,Kelly Ayotte to be Republican VP nominee in 2012,10,2.4,Apr/17/2012 00:46:49
754178,REP.VP.2012.AYOTTE,Kelly Ayotte to be Republican VP nominee in 2012,50,2.5,Apr/17/2012 00:46:49
754178,REP.VP.2012.AYOTTE,Kelly Ayotte to be Republican VP nominee in 2012,1,2.5,Apr/17/2012 00:46:49
754178,REP.VP.2012.AYOTTE,Kelly Ayotte to be Republican VP nominee in 2012,2,2.7,Apr/17/2012 00:46:49
754178,REP.VP.2012.AYOTTE,Kelly Ayotte to be Republican VP nominee in 2012,1,2.4,Apr/17/2012 00:46:49
754178,REP.VP.2012.AYOTTE,Kelly Ayotte to be Republican VP nominee in 2012,50,3.0,Apr/17/2012 00:47:44
754178,REP.VP.2012.AYOTTE,Kelly Ayotte to be Republican VP nominee in 2012,25,3.0,Apr/17/2012 00:47:44
754178,REP.VP.2012.AYOTTE,Kelly Ayotte to be Republican VP nominee in 2012,25,3.0,Apr/17/2012 00:47:44
754178,REP.VP.2012.AYOTTE,Kelly Ayotte to be Republican VP nominee in 2012,50,3.0,Apr/17/2012 00:47:44
754178,REP.VP.2012.AYOTTE,Kelly Ayotte to be Republican VP nominee in 2012,25,2.5,Apr/17/2012 23:16:12
754178,REP.VP.2012.AYOTTE,Kelly Ayotte to be Republican VP nominee in 2012,1,2.5,Apr/17/2012 23:16:12
754178,REP.VP.2012.AYOTTE,Kelly Ayotte to be Republican VP nominee in 2012,25,2.8,Apr/17/2012 23:16:34
754178,REP.VP.2012.AYOTTE,Kelly Ayotte to be Republican VP nominee in 2012,3,2.8,Apr/17/2012 23:16:34
754178,REP.VP.2012.AYOTTE,Kelly Ayotte to be Republican VP nominee in 2012,30,2.5,Apr/18/2012 13:54:36
754178,REP.VP.2012.AYOTTE,Kelly Ayotte to be Republican VP nominee in 2012,1,2.5,Apr/18/2012 13:54:36
754178,REP.VP.2012.AYOTTE,Kelly Ayotte to be Republican VP nominee in 2012,50,2.5,Apr/18/2012 13:54:36
754178,REP.VP.2012.AYOTTE,Kelly Ayotte to be Republican VP nominee in 2012,4,2.8,Apr/18/2012 15:49:37
754178,REP.VP.2012.AYOTTE,Kelly Ayotte to be Republican VP nominee in 2012,3,2.8,Apr/18/2012 16:09:45
754178,REP.VP.2012.AYOTTE,Kelly Ayotte to be Republican VP nominee in 2012,4,2.1,Apr/18/2012 17:55:30
754178,REP.VP.2012.AYOTTE,Kelly Ayotte to be Republican VP nominee in 2012,3,2.8,Apr/19/2012 00:54:42
754178,REP.VP.2012.AYOTTE,Kelly Ayotte to be Republican VP nominee in 2012,1,2.8,Apr/19/2012 00:54:42
754178,REP.VP.2012.AYOTTE,Kelly Ayotte to be Republican VP nominee in 2012,50,2.8,Apr/19/2012 00:54:42
754178,REP.VP.2012.AYOTTE,Kelly Ayotte to be Republican VP nominee in 2012,51,2.9,Apr/19/2012 00:55:20
754178,REP.VP.2012.AYOTTE,Kelly Ayotte to be Republican VP nominee in 2012,1,2.8,Apr/20/2012 04:36:54
754178,REP.VP.2012.AYOTTE,Kelly Ayotte to be Republican VP nominee in 2012,11,2.5,Apr/20/2012 20:15:25
754178,REP.VP.2012.AYOTTE,Kelly Ayotte to be Republican VP nominee in 2012,1,2.5,Apr/21/2012 03:24:27
754178,REP.VP.2012.AYOTTE,Kelly Ayotte to be Republican VP nominee in 2012,3,2.1,Apr/21/2012 03:32:15
754178,REP.VP.2012.AYOTTE,Kelly Ayotte to be Republican VP nominee in 2012,4,2.1,Apr/21/2012 04:09:26
754178,REP.VP.2012.AYOTTE,Kelly Ayotte to be Republican VP nominee in 2012,1,2.0,Apr/21/2012 06:01:39
754178,REP.VP.2012.AYOTTE,Kelly Ayotte to be Republican VP nominee in 2012,2,2.0,Apr/21/2012 06:19:25
754178,REP.VP.2012.AYOTTE,Kelly Ayotte to be Republican VP nominee in 2012,1,2.0,Apr/21/2012 07:23:13
754178,REP.VP.2012.AYOTTE,Kelly Ayotte to be Republican VP nominee in 2012,65,2.0,Apr/21/2012 16:29:16
754178,REP.VP.2012.AYOTTE,Kelly Ayotte to be Republican VP nominee in 2012,21,2.1,Apr/22/2012 01:49:36
754178,REP.VP.2012.AYOTTE,Kelly Ayotte to be Republican VP nominee in 2012,25,2.2,Apr/22/2012 01:49:36
754178,REP.VP.2012.AYOTTE,Kelly Ayotte to be Republican VP nominee in 2012,1,2.1,Apr/22/2012 01:49:36
754178,REP.VP.2012.AYOTTE,Kelly Ayotte to be Republican VP nominee in 2012,1,2.2,Apr/22/2012 01:49:36
754178,REP.VP.2012.AYOTTE,Kelly Ayotte to be Republican VP nominee in 2012,11,2.2,Apr/22/2012 01:49:36
754178,REP.VP.2012.AYOTTE,Kelly Ayotte to be Republican VP nominee in 2012,35,2.0,Apr/22/2012 01:49:36
754178,REP.VP.2012.AYOTTE,Kelly Ayotte to be Republican VP nominee in 2012,1,2.0,Apr/22/2012 01:49:36
754178,REP.VP.2012.AYOTTE,Kelly Ayotte to be Republican VP nominee in 2012,1,2.3,Apr/22/2012 08:20:53
754178,REP.VP.2012.AYOTTE,Kelly Ayotte to be Republican VP nominee in 2012,9,2.3,Apr/22/2012 08:20:53
754178,REP.VP.2012.AYOTTE,Kelly Ayotte to be Republican VP nominee in 2012,4,2.4,Apr/22/2012 16:52:00
754178,REP.VP.2012.AYOTTE,Kelly Ayotte to be Republican VP nominee in 2012,13,2.3,Apr/22/2012 16:52:00
754178,REP.VP.2012.AYOTTE,Kelly Ayotte to be Republican VP nominee in 2012,33,2.4,Apr/22/2012 16:52:00
754178,REP.VP.2012.AYOTTE,Kelly Ayotte to be Republican VP nominee in 2012,1,2.3,Apr/22/2012 16:52:00
754178,REP.VP.2012.AYOTTE,Kelly Ayotte to be Republican VP nominee in 2012,1,2.4,Apr/22/2012 16:52:00
754178,REP.VP.2012.AYOTTE,Kelly Ayotte to be Republican VP nominee in 2012,13,2.5,Apr/22/2012 16:52:21
754178,REP.VP.2012.AYOTTE,Kelly Ayotte to be Republican VP nominee in 2012,1,2.5,Apr/22/2012 16:52:21
754178,REP.VP.2012.AYOTTE,Kelly Ayotte to be Republican VP nominee in 2012,100,2.5,Apr/22/2012 16:52:21
754178,REP.VP.2012.AYOTTE,Kelly Ayotte to be Republican VP nominee in 2012,44,2.5,Apr/22/2012 16:52:21
754178,REP.VP.2012.AYOTTE,Kelly Ayotte to be Republican VP nominee in 2012,100,3.0,Apr/22/2012 19:51:13
754178,REP.VP.2012.AYOTTE,Kelly Ayotte to be Republican VP nominee in 2012,1,3.0,Apr/22/2012 20:00:25
754178,REP.VP.2012.AYOTTE,Kelly Ayotte to be Republican VP nominee in 2012,1,3.5,Apr/22/2012 20:04:20
754178,REP.VP.2012.AYOTTE,Kelly Ayotte to be Republican VP nominee in 2012,1,3.1,Apr/23/2012 01:52:19
754178,REP.VP.2012.AYOTTE,Kelly Ayotte to be Republican VP nominee in 2012,10,3.2,Apr/23/2012 13:24:08
754178,REP.VP.2012.AYOTTE,Kelly Ayotte to be Republican VP nominee in 2012,1,3.2,Apr/23/2012 13:24:08
754178,REP.VP.2012.AYOTTE,Kelly Ayotte to be Republican VP nominee in 2012,1,3.2,Apr/23/2012 15:55:57
754178,REP.VP.2012.AYOTTE,Kelly Ayotte to be Republican VP nominee in 2012,50,4.0,Apr/23/2012 17:44:34
754178,REP.VP.2012.AYOTTE,Kelly Ayotte to be Republican VP nominee in 2012,5,4.0,Apr/23/2012 17:44:34
754178,REP.VP.2012.AYOTTE,Kelly Ayotte to be Republican VP nominee in 2012,50,5.0,Apr/23/2012 17:44:34
754178,REP.VP.2012.AYOTTE,Kelly Ayotte to be Republican VP nominee in 2012,25,5.0,Apr/23/2012 17:44:34
754178,REP.VP.2012.AYOTTE,Kelly Ayotte to be Republican VP nominee in 2012,49,3.5,Apr/23/2012 17:44:34
754178,REP.VP.2012.AYOTTE,Kelly Ayotte to be Republican VP nominee in 2012,50,5.0,Apr/23/2012 17:44:34
754178,REP.VP.2012.AYOTTE,Kelly Ayotte to be Republican VP nominee in 2012,25,4.5,Apr/23/2012 17:44:34
754178,REP.VP.2012.AYOTTE,Kelly Ayotte to be Republican VP nominee in 2012,50,3.8,Apr/23/2012 17:44:34
754178,REP.VP.2012.AYOTTE,Kelly Ayotte to be Republican VP nominee in 2012,300,5.0,Apr/23/2012 17:44:34
754178,REP.VP.2012.AYOTTE,Kelly Ayotte to be Republican VP nominee in 2012,3,3.8,Apr/23/2012 17:44:34
754178,REP.VP.2012.AYOTTE,Kelly Ayotte to be Republican VP nominee in 2012,1,5.0,Apr/23/2012 17:44:34
754178,REP.VP.2012.AYOTTE,Kelly Ayotte to be Republican VP nominee in 2012,5,4.5,Apr/23/2012 17:44:34
754178,REP.VP.2012.AYOTTE,Kelly Ayotte to be Republican VP nominee in 2012,275,5.0,Apr/23/2012 17:44:34
754178,REP.VP.2012.AYOTTE,Kelly Ayotte to be Republican VP nominee in 2012,50,4.9,Apr/23/2012 17:44:34
754178,REP.VP.2012.AYOTTE,Kelly Ayotte to be Republican VP nominee in 2012,1,3.5,Apr/23/2012 17:44:34
754178,REP.VP.2012.AYOTTE,Kelly Ayotte to be Republican VP nominee in 2012,1,3.4,Apr/23/2012 17:44:34
754178,REP.VP.2012.AYOTTE,Kelly Ayotte to be Republican VP nominee in 2012,7,3.4,Apr/23/2012 17:44:34
754178,REP.VP.2012.AYOTTE,Kelly Ayotte to be Republican VP nominee in 2012,1,3.9,Apr/23/2012 17:44:34
754178,REP.VP.2012.AYOTTE,Kelly Ayotte to be Republican VP nominee in 2012,1,3.9,Apr/23/2012 17:44:34
754178,REP.VP.2012.AYOTTE,Kelly Ayotte to be Republican VP nominee in 2012,1,4.0,Apr/23/2012 17:44:34
754178,REP.VP.2012.AYOTTE,Kelly Ayotte to be Republican VP nominee in 2012,25,3.5,Apr/23/2012 17:44:34
754178,REP.VP.2012.AYOTTE,Kelly Ayotte to be Republican VP nominee in 2012,25,4.0,Apr/23/2012 17:44:34
754178,REP.VP.2012.AYOTTE,Kelly Ayotte to be Republican VP nominee in 2012,3,3.5,Apr/25/2012 00:48:35
754178,REP.VP.2012.AYOTTE,Kelly Ayotte to be Republican VP nominee in 2012,1,3.5,Apr/25/2012 01:23:57
754178,REP.VP.2012.AYOTTE,Kelly Ayotte to be Republican VP nominee in 2012,3,3.5,Apr/25/2012 06:37:13
754178,REP.VP.2012.AYOTTE,Kelly Ayotte to be Republican VP nominee in 2012,10,3.4,Apr/25/2012 14:25:50
754178,REP.VP.2012.AYOTTE,Kelly Ayotte to be Republican VP nominee in 2012,10,3.4,Apr/25/2012 14:55:02
754178,REP.VP.2012.AYOTTE,Kelly Ayotte to be Republican VP nominee in 2012,18,3.5,Apr/25/2012 18:01:28
754178,REP.VP.2012.AYOTTE,Kelly Ayotte to be Republican VP nominee in 2012,1,3.5,Apr/25/2012 18:01:28
754178,REP.VP.2012.AYOTTE,Kelly Ayotte to be Republican VP nominee in 2012,25,3.5,Apr/25/2012 18:01:28
754178,REP.VP.2012.AYOTTE,Kelly Ayotte to be Republican VP nominee in 2012,50,3.5,Apr/25/2012 18:01:28
754178,REP.VP.2012.AYOTTE,Kelly Ayotte to be Republican VP nominee in 2012,1,3.2,Apr/25/2012 19:51:34
754178,REP.VP.2012.AYOTTE,Kelly Ayotte to be Republican VP nominee in 2012,5,3.2,Apr/25/2012 21:12:56
754178,REP.VP.2012.AYOTTE,Kelly Ayotte to be Republican VP nominee in 2012,5,3.2,Apr/25/2012 21:18:54
754178,REP.VP.2012.AYOTTE,Kelly Ayotte to be Republican VP nominee in 2012,25,3.2,Apr/26/2012 02:50:32
754178,REP.VP.2012.AYOTTE,Kelly Ayotte to be Republican VP nominee in 2012,50,3.5,Apr/26/2012 06:01:16
754178,REP.VP.2012.AYOTTE,Kelly Ayotte to be Republican VP nominee in 2012,50,3.5,Apr/27/2012 04:35:52
754178,REP.VP.2012.AYOTTE,Kelly Ayotte to be Republican VP nominee in 2012,1,3.5,Apr/27/2012 04:35:52
754178,REP.VP.2012.AYOTTE,Kelly Ayotte to be Republican VP nominee in 2012,50,3.6,Apr/27/2012 04:36:19
754178,REP.VP.2012.AYOTTE,Kelly Ayotte to be Republican VP nominee in 2012,1,3.6,Apr/27/2012 04:36:19
754178,REP.VP.2012.AYOTTE,Kelly Ayotte to be Republican VP nominee in 2012,14,3.2,Apr/28/2012 04:10:12
754178,REP.VP.2012.AYOTTE,Kelly Ayotte to be Republican VP nominee in 2012,100,3.3,Apr/28/2012 04:10:12
754178,REP.VP.2012.AYOTTE,Kelly Ayotte to be Republican VP nominee in 2012,14,3.2,Apr/28/2012 04:10:12
754178,REP.VP.2012.AYOTTE,Kelly Ayotte to be Republican VP nominee in 2012,100,3.3,Apr/28/2012 14:44:00
754178,REP.VP.2012.AYOTTE,Kelly Ayotte to be Republican VP nominee in 2012,47,3.4,Apr/28/2012 14:46:12
754178,REP.VP.2012.AYOTTE,Kelly Ayotte to be Republican VP nominee in 2012,1,3.3,Apr/28/2012 14:46:12
754178,REP.VP.2012.AYOTTE,Kelly Ayotte to be Republican VP nominee in 2012,46,3.5,Apr/28/2012 14:46:33
754178,REP.VP.2012.AYOTTE,Kelly Ayotte to be Republican VP nominee in 2012,3,3.4,Apr/28/2012 14:46:33
754178,REP.VP.2012.AYOTTE,Kelly Ayotte to be Republican VP nominee in 2012,1,3.4,Apr/28/2012 14:46:33
754178,REP.VP.2012.AYOTTE,Kelly Ayotte to be Republican VP nominee in 2012,25,4.0,Apr/28/2012 15:32:01
754178,REP.VP.2012.AYOTTE,Kelly Ayotte to be Republican VP nominee in 2012,25,3.8,Apr/28/2012 15:32:01
754178,REP.VP.2012.AYOTTE,Kelly Ayotte to be Republican VP nominee in 2012,50,4.0,Apr/28/2012 15:32:01
754178,REP.VP.2012.AYOTTE,Kelly Ayotte to be Republican VP nominee in 2012,4,3.7,Apr/28/2012 15:32:01
754178,REP.VP.2012.AYOTTE,Kelly Ayotte to be Republican VP nominee in 2012,16,4.0,Apr/28/2012 15:32:01
754178,REP.VP.2012.AYOTTE,Kelly Ayotte to be Republican VP nominee in 2012,1,3.8,Apr/28/2012 15:32:01
754178,REP.VP.2012.AYOTTE,Kelly Ayotte to be Republican VP nominee in 2012,1,3.9,Apr/28/2012 15:32:01
754178,REP.VP.2012.AYOTTE,Kelly Ayotte to be Republican VP nominee in 2012,1,3.7,Apr/28/2012 15:32:01
754178,REP.VP.2012.AYOTTE,Kelly Ayotte to be Republican VP nominee in 2012,44,3.7,Apr/28/2012 15:32:01
754178,REP.VP.2012.AYOTTE,Kelly Ayotte to be Republican VP nominee in 2012,40,3.6,Apr/28/2012 15:32:01
754178,REP.VP.2012.AYOTTE,Kelly Ayotte to be Republican VP nominee in 2012,1,3.7,Apr/28/2012 15:32:01
754178,REP.VP.2012.AYOTTE,Kelly Ayotte to be Republican VP nominee in 2012,60,3.8,Apr/28/2012 15:32:01
754178,REP.VP.2012.AYOTTE,Kelly Ayotte to be Republican VP nominee in 2012,100,3.9,Apr/28/2012 15:32:01
754178,REP.VP.2012.AYOTTE,Kelly Ayotte to be Republican VP nominee in 2012,1,3.6,Apr/28/2012 15:32:01
754178,REP.VP.2012.AYOTTE,Kelly Ayotte to be Republican VP nominee in 2012,11,3.8,Apr/28/2012 15:32:01
754178,REP.VP.2012.AYOTTE,Kelly Ayotte to be Republican VP nominee in 2012,15,3.9,Apr/28/2012 15:32:01
754178,REP.VP.2012.AYOTTE,Kelly Ayotte to be Republican VP nominee in 2012,4,3.5,Apr/28/2012 15:32:01
754178,REP.VP.2012.AYOTTE,Kelly Ayotte to be Republican VP nominee in 2012,1,3.5,Apr/28/2012 15:32:01
754178,REP.VP.2012.AYOTTE,Kelly Ayotte to be Republican VP nominee in 2012,9,4.0,Apr/28/2012 15:32:10
754178,REP.VP.2012.AYOTTE,Kelly Ayotte to be Republican VP nominee in 2012,25,4.0,Apr/28/2012 15:32:10
754178,REP.VP.2012.AYOTTE,Kelly Ayotte to be Republican VP nominee in 2012,1,4.0,Apr/28/2012 15:32:10
754178,REP.VP.2012.AYOTTE,Kelly Ayotte to be Republican VP nominee in 2012,15,4.0,Apr/28/2012 15:32:10
754178,REP.VP.2012.AYOTTE,Kelly Ayotte to be Republican VP nominee in 2012,5,4.0,Apr/28/2012 19:50:50
754178,REP.VP.2012.AYOTTE,Kelly Ayotte to be Republican VP nominee in 2012,24,4.1,Apr/28/2012 19:50:50
754178,REP.VP.2012.AYOTTE,Kelly Ayotte to be Republican VP nominee in 2012,1,4.1,Apr/28/2012 19:50:50
754178,REP.VP.2012.AYOTTE,Kelly Ayotte to be Republican VP nominee in 2012,100,4.0,Apr/28/2012 19:50:50
754178,REP.VP.2012.AYOTTE,Kelly Ayotte to be Republican VP nominee in 2012,119,4.1,Apr/28/2012 19:50:50
754178,REP.VP.2012.AYOTTE,Kelly Ayotte to be Republican VP nominee in 2012,1,4.0,Apr/28/2012 19:50:50
754178,REP.VP.2012.AYOTTE,Kelly Ayotte to be Republican VP nominee in 2012,30,4.2,Apr/28/2012 19:56:50
754178,REP.VP.2012.AYOTTE,Kelly Ayotte to be Republican VP nominee in 2012,1,4.2,Apr/28/2012 19:56:50
754178,REP.VP.2012.AYOTTE,Kelly Ayotte to be Republican VP nominee in 2012,31,4.1,Apr/28/2012 19:56:50
754178,REP.VP.2012.AYOTTE,Kelly Ayotte to be Republican VP nominee in 2012,38,4.2,Apr/28/2012 19:56:50
754178,REP.VP.2012.AYOTTE,Kelly Ayotte to be Republican VP nominee in 2012,50,4.2,Apr/28/2012 19:58:27
754178,REP.VP.2012.AYOTTE,Kelly Ayotte to be Republican VP nominee in 2012,4,4.1,Apr/30/2012 15:42:05
754178,REP.VP.2012.AYOTTE,Kelly Ayotte to be Republican VP nominee in 2012,1,4.1,Apr/30/2012 15:42:05
754178,REP.VP.2012.AYOTTE,Kelly Ayotte to be Republican VP nominee in 2012,117,4.2,Apr/30/2012 16:59:22
754178,REP.VP.2012.AYOTTE,Kelly Ayotte to be Republican VP nominee in 2012,1,4.2,Apr/30/2012 16:59:22
754178,REP.VP.2012.AYOTTE,Kelly Ayotte to be Republican VP nominee in 2012,5,4.2,Apr/30/2012 16:59:22
754178,REP.VP.2012.AYOTTE,Kelly Ayotte to be Republican VP nominee in 2012,6,4.3,Apr/30/2012 17:44:14
754178,REP.VP.2012.AYOTTE,Kelly Ayotte to be Republican VP nominee in 2012,1,4.3,Apr/30/2012 17:44:14
754178,REP.VP.2012.AYOTTE,Kelly Ayotte to be Republican VP nominee in 2012,7,4.4,Apr/30/2012 17:45:20
754178,REP.VP.2012.AYOTTE,Kelly Ayotte to be Republican VP nominee in 2012,1,4.4,Apr/30/2012 17:45:20
754178,REP.VP.2012.AYOTTE,Kelly Ayotte to be Republican VP nominee in 2012,149,4.3,Apr/30/2012 23:50:37
754178,REP.VP.2012.AYOTTE,Kelly Ayotte to be Republican VP nominee in 2012,25,4.2,Apr/30/2012 23:50:37
754178,REP.VP.2012.AYOTTE,Kelly Ayotte to be Republican VP nominee in 2012,1,4.2,Apr/30/2012 23:50:37
754178,REP.VP.2012.AYOTTE,Kelly Ayotte to be Republican VP nominee in 2012,68,4.4,May/01/2012 01:48:55
754178,REP.VP.2012.AYOTTE,Kelly Ayotte to be Republican VP nominee in 2012,1,4.3,May/01/2012 01:48:55
754178,REP.VP.2012.AYOTTE,Kelly Ayotte to be Republican VP nominee in 2012,1,4.3,May/01/2012 01:48:55
754178,REP.VP.2012.AYOTTE,Kelly Ayotte to be Republican VP nominee in 2012,2,3.6,May/01/2012 17:47:31
754178,REP.VP.2012.AYOTTE,Kelly Ayotte to be Republican VP nominee in 2012,1,3.6,May/01/2012 17:47:31
754178,REP.VP.2012.AYOTTE,Kelly Ayotte to be Republican VP nominee in 2012,1,3.4,May/02/2012 17:56:57
754178,REP.VP.2012.AYOTTE,Kelly Ayotte to be Republican VP nominee in 2012,1,3.4,May/02/2012 17:57:18
754178,REP.VP.2012.AYOTTE,Kelly Ayotte to be Republican VP nominee in 2012,1,3.3,May/02/2012 17:57:59
754178,REP.VP.2012.AYOTTE,Kelly Ayotte to be Republican VP nominee in 2012,1,3.3,May/02/2012 17:57:59
754178,REP.VP.2012.AYOTTE,Kelly Ayotte to be Republican VP nominee in 2012,6,3.1,May/02/2012 17:58:39
754178,REP.VP.2012.AYOTTE,Kelly Ayotte to be Republican VP nominee in 2012,4,3.1,May/02/2012 17:59:41
754178,REP.VP.2012.AYOTTE,Kelly Ayotte to be Republican VP nominee in 2012,6,3.1,May/02/2012 18:00:03
754178,REP.VP.2012.AYOTTE,Kelly Ayotte to be Republican VP nominee in 2012,4,3.1,May/02/2012 18:00:24
754178,REP.VP.2012.AYOTTE,Kelly Ayotte to be Republican VP nominee in 2012,1,3.1,May/02/2012 18:01:28
754178,REP.VP.2012.AYOTTE,Kelly Ayotte to be Republican VP nominee in 2012,85,3.5,May/02/2012 19:11:14
754178,REP.VP.2012.AYOTTE,Kelly Ayotte to be Republican VP nominee in 2012,1,3.5,May/02/2012 19:11:14
754178,REP.VP.2012.AYOTTE,Kelly Ayotte to be Republican VP nominee in 2012,50,3.9,May/02/2012 19:12:28
754178,REP.VP.2012.AYOTTE,Kelly Ayotte to be Republican VP nominee in 2012,4,3.9,May/02/2012 19:12:28
754178,REP.VP.2012.AYOTTE,Kelly Ayotte to be Republican VP nominee in 2012,5,4.0,May/02/2012 19:13:17
754178,REP.VP.2012.AYOTTE,Kelly Ayotte to be Republican VP nominee in 2012,1,4.0,May/02/2012 19:13:17
754178,REP.VP.2012.AYOTTE,Kelly Ayotte to be Republican VP nominee in 2012,50,4.0,May/02/2012 19:13:17
754178,REP.VP.2012.AYOTTE,Kelly Ayotte to be Republican VP nominee in 2012,5,4.5,May/02/2012 19:27:02
754178,REP.VP.2012.AYOTTE,Kelly Ayotte to be Republican VP nominee in 2012,50,4.5,May/02/2012 19:27:02
754178,REP.VP.2012.AYOTTE,Kelly Ayotte to be Republican VP nominee in 2012,25,4.5,May/02/2012 19:27:02
754178,REP.VP.2012.AYOTTE,Kelly Ayotte to be Republican VP nominee in 2012,50,4.5,May/02/2012 21:59:10
754178,REP.VP.2012.AYOTTE,Kelly Ayotte to be Republican VP nominee in 2012,1,4.5,May/02/2012 21:59:10
754178,REP.VP.2012.AYOTTE,Kelly Ayotte to be Republican VP nominee in 2012,49,4.5,May/02/2012 23:38:02
754178,REP.VP.2012.AYOTTE,Kelly Ayotte to be Republican VP nominee in 2012,1,4.7,May/03/2012 00:38:14
754178,REP.VP.2012.AYOTTE,Kelly Ayotte to be Republican VP nominee in 2012,11,4.2,May/03/2012 18:33:36
754178,REP.VP.2012.AYOTTE,Kelly Ayotte to be Republican VP nominee in 2012,22,4.1,May/03/2012 18:33:36
754178,REP.VP.2012.AYOTTE,Kelly Ayotte to be Republican VP nominee in 2012,33,4.0,May/03/2012 18:33:36
754178,REP.VP.2012.AYOTTE,Kelly Ayotte to be Republican VP nominee in 2012,50,3.9,May/03/2012 18:43:31
754178,REP.VP.2012.AYOTTE,Kelly Ayotte to be Republican VP nominee in 2012,44,3.9,May/04/2012 14:10:39
754178,REP.VP.2012.AYOTTE,Kelly Ayotte to be Republican VP nominee in 2012,56,3.9,May/04/2012 14:10:39
754178,REP.VP.2012.AYOTTE,Kelly Ayotte to be Republican VP nominee in 2012,10,3.8,May/05/2012 03:06:05
754178,REP.VP.2012.AYOTTE,Kelly Ayotte to be Republican VP nominee in 2012,10,3.4,May/06/2012 05:04:56
754178,REP.VP.2012.AYOTTE,Kelly Ayotte to be Republican VP nominee in 2012,45,3.2,May/06/2012 05:05:19
754178,REP.VP.2012.AYOTTE,Kelly Ayotte to be Republican VP nominee in 2012,50,3.2,May/06/2012 05:08:54
754178,REP.VP.2012.AYOTTE,Kelly Ayotte to be Republican VP nominee in 2012,1,4.0,May/06/2012 14:50:55
754178,REP.VP.2012.AYOTTE,Kelly Ayotte to be Republican VP nominee in 2012,55,4.0,May/06/2012 15:33:57
754178,REP.VP.2012.AYOTTE,Kelly Ayotte to be Republican VP nominee in 2012,1,4.0,May/06/2012 15:33:57
754178,REP.VP.2012.AYOTTE,Kelly Ayotte to be Republican VP nominee in 2012,50,4.0,May/06/2012 15:33:57
754178,REP.VP.2012.AYOTTE,Kelly Ayotte to be Republican VP nominee in 2012,94,4.0,May/06/2012 16:02:06
754178,REP.VP.2012.AYOTTE,Kelly Ayotte to be Republican VP nominee in 2012,6,4.0,May/06/2012 16:03:54
754178,REP.VP.2012.AYOTTE,Kelly Ayotte to be Republican VP nominee in 2012,1,4.0,May/06/2012 16:03:54
754178,REP.VP.2012.AYOTTE,Kelly Ayotte to be Republican VP nominee in 2012,1,3.0,May/07/2012 01:43:42
754178,REP.VP.2012.AYOTTE,Kelly Ayotte to be Republican VP nominee in 2012,3,2.9,May/07/2012 21:53:33
754178,REP.VP.2012.AYOTTE,Kelly Ayotte to be Republican VP nominee in 2012,1,3.0,May/07/2012 23:59:52
754178,REP.VP.2012.AYOTTE,Kelly Ayotte to be Republican VP nominee in 2012,24,3.0,May/08/2012 00:36:25
754178,REP.VP.2012.AYOTTE,Kelly Ayotte to be Republican VP nominee in 2012,1,3.0,May/08/2012 00:36:25
754178,REP.VP.2012.AYOTTE,Kelly Ayotte to be Republican VP nominee in 2012,5,2.2,May/08/2012 21:15:08
754178,REP.VP.2012.AYOTTE,Kelly Ayotte to be Republican VP nominee in 2012,5,2.2,May/08/2012 21:15:08
754178,REP.VP.2012.AYOTTE,Kelly Ayotte to be Republican VP nominee in 2012,40,2.0,May/08/2012 21:15:08
754178,REP.VP.2012.AYOTTE,Kelly Ayotte to be Republican VP nominee in 2012,457,1.9,May/09/2012 00:20:01
754178,REP.VP.2012.AYOTTE,Kelly Ayotte to be Republican VP nominee in 2012,100,2.0,May/09/2012 00:20:01
754178,REP.VP.2012.AYOTTE,Kelly Ayotte to be Republican VP nominee in 2012,25,2.1,May/09/2012 00:20:01
754178,REP.VP.2012.AYOTTE,Kelly Ayotte to be Republican VP nominee in 2012,50,2.5,May/09/2012 02:31:32
754178,REP.VP.2012.AYOTTE,Kelly Ayotte to be Republican VP nominee in 2012,1,2.5,May/09/2012 02:31:32
754178,REP.VP.2012.AYOTTE,Kelly Ayotte to be Republican VP nominee in 2012,8,2.0,May/11/2012 16:18:38
754178,REP.VP.2012.AYOTTE,Kelly Ayotte to be Republican VP nominee in 2012,92,2.0,May/11/2012 16:42:01
754178,REP.VP.2012.AYOTTE,Kelly Ayotte to be Republican VP nominee in 2012,17,1.8,May/11/2012 22:28:49
754178,REP.VP.2012.AYOTTE,Kelly Ayotte to be Republican VP nominee in 2012,33,1.8,May/12/2012 03:51:35
754178,REP.VP.2012.AYOTTE,Kelly Ayotte to be Republican VP nominee in 2012,1,1.8,May/12/2012 03:51:35
754178,REP.VP.2012.AYOTTE,Kelly Ayotte to be Republican VP nominee in 2012,50,1.8,May/12/2012 09:28:00
754178,REP.VP.2012.AYOTTE,Kelly Ayotte to be Republican VP nominee in 2012,1,1.8,May/12/2012 09:28:00
754178,REP.VP.2012.AYOTTE,Kelly Ayotte to be Republican VP nominee in 2012,1,2.5,May/13/2012 01:39:32
754178,REP.VP.2012.AYOTTE,Kelly Ayotte to be Republican VP nominee in 2012,50,2.1,May/13/2012 01:39:32
754178,REP.VP.2012.AYOTTE,Kelly Ayotte to be Republican VP nominee in 2012,50,2.3,May/13/2012 01:39:32
754178,REP.VP.2012.AYOTTE,Kelly Ayotte to be Republican VP nominee in 2012,1,2.1,May/13/2012 01:39:32
754178,REP.VP.2012.AYOTTE,Kelly Ayotte to be Republican VP nominee in 2012,2,2.3,May/13/2012 01:39:32
754178,REP.VP.2012.AYOTTE,Kelly Ayotte to be Republican VP nominee in 2012,8,2.0,May/13/2012 01:39:32
754178,REP.VP.2012.AYOTTE,Kelly Ayotte to be Republican VP nominee in 2012,1,2.0,May/13/2012 01:39:32
754178,REP.VP.2012.AYOTTE,Kelly Ayotte to be Republican VP nominee in 2012,100,2.0,May/13/2012 01:39:32
754178,REP.VP.2012.AYOTTE,Kelly Ayotte to be Republican VP nominee in 2012,100,2.0,May/13/2012 01:48:19
754178,REP.VP.2012.AYOTTE,Kelly Ayotte to be Republican VP nominee in 2012,19,2.0,May/13/2012 02:53:06
754178,REP.VP.2012.AYOTTE,Kelly Ayotte to be Republican VP nominee in 2012,25,2.0,May/13/2012 03:22:19
754178,REP.VP.2012.AYOTTE,Kelly Ayotte to be Republican VP nominee in 2012,50,1.9,May/13/2012 19:14:09
754178,REP.VP.2012.AYOTTE,Kelly Ayotte to be Republican VP nominee in 2012,25,2.0,May/13/2012 23:04:47
754178,REP.VP.2012.AYOTTE,Kelly Ayotte to be Republican VP nominee in 2012,1,2.0,May/13/2012 23:04:47
754178,REP.VP.2012.AYOTTE,Kelly Ayotte to be Republican VP nominee in 2012,74,2.0,May/13/2012 23:04:47
754178,REP.VP.2012.AYOTTE,Kelly Ayotte to be Republican VP nominee in 2012,26,2.0,May/14/2012 04:12:01
754178,REP.VP.2012.AYOTTE,Kelly Ayotte to be Republican VP nominee in 2012,1,2.0,May/14/2012 04:12:01
754178,REP.VP.2012.AYOTTE,Kelly Ayotte to be Republican VP nominee in 2012,5,2.0,May/14/2012 17:32:50
754178,REP.VP.2012.AYOTTE,Kelly Ayotte to be Republican VP nominee in 2012,95,2.0,May/14/2012 20:15:05
754178,REP.VP.2012.AYOTTE,Kelly Ayotte to be Republican VP nominee in 2012,1,2.0,May/14/2012 20:15:05
754178,REP.VP.2012.AYOTTE,Kelly Ayotte to be Republican VP nominee in 2012,100,2.0,May/14/2012 20:15:05
754178,REP.VP.2012.AYOTTE,Kelly Ayotte to be Republican VP nominee in 2012,100,2.0,May/15/2012 18:24:43
754178,REP.VP.2012.AYOTTE,Kelly Ayotte to be Republican VP nominee in 2012,1,2.0,May/15/2012 18:24:43
754178,REP.VP.2012.AYOTTE,Kelly Ayotte to be Republican VP nominee in 2012,50,2.0,May/15/2012 18:24:43
754178,REP.VP.2012.AYOTTE,Kelly Ayotte to be Republican VP nominee in 2012,100,2.0,May/15/2012 18:24:43
754178,REP.VP.2012.AYOTTE,Kelly Ayotte to be Republican VP nominee in 2012,100,2.0,May/15/2012 18:24:43
754178,REP.VP.2012.AYOTTE,Kelly Ayotte to be Republican VP nominee in 2012,25,2.1,May/15/2012 18:24:56
754178,REP.VP.2012.AYOTTE,Kelly Ayotte to be Republican VP nominee in 2012,1,2.1,May/15/2012 18:24:56
754178,REP.VP.2012.AYOTTE,Kelly Ayotte to be Republican VP nominee in 2012,25,2.2,May/15/2012 18:25:08
754178,REP.VP.2012.AYOTTE,Kelly Ayotte to be Republican VP nominee in 2012,1,2.2,May/15/2012 18:25:08
754178,REP.VP.2012.AYOTTE,Kelly Ayotte to be Republican VP nominee in 2012,25,2.3,May/15/2012 18:25:20
754178,REP.VP.2012.AYOTTE,Kelly Ayotte to be Republican VP nominee in 2012,1,2.3,May/15/2012 18:25:20
754178,REP.VP.2012.AYOTTE,Kelly Ayotte to be Republican VP nominee in 2012,49,2.5,May/15/2012 18:25:38
754178,REP.VP.2012.AYOTTE,Kelly Ayotte to be Republican VP nominee in 2012,50,2.5,May/15/2012 18:25:38
754178,REP.VP.2012.AYOTTE,Kelly Ayotte to be Republican VP nominee in 2012,2,2.5,May/15/2012 18:25:38
754178,REP.VP.2012.AYOTTE,Kelly Ayotte to be Republican VP nominee in 2012,100,2.5,May/15/2012 18:25:38
754178,REP.VP.2012.AYOTTE,Kelly Ayotte to be Republican VP nominee in 2012,50,2.7,May/15/2012 18:26:20
754178,REP.VP.2012.AYOTTE,Kelly Ayotte to be Republican VP nominee in 2012,2,2.7,May/15/2012 18:26:20
754178,REP.VP.2012.AYOTTE,Kelly Ayotte to be Republican VP nominee in 2012,50,2.8,May/15/2012 18:26:31
754178,REP.VP.2012.AYOTTE,Kelly Ayotte to be Republican VP nominee in 2012,1,2.8,May/15/2012 18:26:31
754178,REP.VP.2012.AYOTTE,Kelly Ayotte to be Republican VP nominee in 2012,10,2.9,May/15/2012 18:26:42
754178,REP.VP.2012.AYOTTE,Kelly Ayotte to be Republican VP nominee in 2012,1,2.9,May/15/2012 18:26:42
754178,REP.VP.2012.AYOTTE,Kelly Ayotte to be Republican VP nominee in 2012,100,3.0,May/15/2012 18:26:54
754178,REP.VP.2012.AYOTTE,Kelly Ayotte to be Republican VP nominee in 2012,1,3.0,May/15/2012 18:26:54
754178,REP.VP.2012.AYOTTE,Kelly Ayotte to be Republican VP nominee in 2012,100,3.0,May/15/2012 18:26:54
754178,REP.VP.2012.AYOTTE,Kelly Ayotte to be Republican VP nominee in 2012,25,2.1,May/16/2012 01:01:23
754178,REP.VP.2012.AYOTTE,Kelly Ayotte to be Republican VP nominee in 2012,25,2.5,May/16/2012 13:18:56
754178,REP.VP.2012.AYOTTE,Kelly Ayotte to be Republican VP nominee in 2012,1,2.5,May/16/2012 13:18:56
754178,REP.VP.2012.AYOTTE,Kelly Ayotte to be Republican VP nominee in 2012,4,2.4,May/16/2012 13:18:56
754178,REP.VP.2012.AYOTTE,Kelly Ayotte to be Republican VP nominee in 2012,1,2.4,May/16/2012 13:18:56
754178,REP.VP.2012.AYOTTE,Kelly Ayotte to be Republican VP nominee in 2012,69,2.5,May/16/2012 13:18:56
754178,REP.VP.2012.AYOTTE,Kelly Ayotte to be Republican VP nominee in 2012,31,2.5,May/16/2012 13:45:24
754178,REP.VP.2012.AYOTTE,Kelly Ayotte to be Republican VP nominee in 2012,1,2.5,May/16/2012 13:45:24
754178,REP.VP.2012.AYOTTE,Kelly Ayotte to be Republican VP nominee in 2012,50,2.5,May/17/2012 14:41:44
754178,REP.VP.2012.AYOTTE,Kelly Ayotte to be Republican VP nominee in 2012,1,2.5,May/17/2012 14:41:44
754178,REP.VP.2012.AYOTTE,Kelly Ayotte to be Republican VP nominee in 2012,50,2.5,May/17/2012 14:41:44
754178,REP.VP.2012.AYOTTE,Kelly Ayotte to be Republican VP nominee in 2012,5,2.9,May/17/2012 14:41:56
754178,REP.VP.2012.AYOTTE,Kelly Ayotte to be Republican VP nominee in 2012,4,2.9,May/17/2012 14:41:56
754178,REP.VP.2012.AYOTTE,Kelly Ayotte to be Republican VP nominee in 2012,9,2.4,May/18/2012 04:45:25
754178,REP.VP.2012.AYOTTE,Kelly Ayotte to be Republican VP nominee in 2012,1,2.4,May/18/2012 04:58:39
754178,REP.VP.2012.AYOTTE,Kelly Ayotte to be Republican VP nominee in 2012,84,2.4,May/18/2012 10:52:14
754178,REP.VP.2012.AYOTTE,Kelly Ayotte to be Republican VP nominee in 2012,1,2.4,May/18/2012 10:52:14
754178,REP.VP.2012.AYOTTE,Kelly Ayotte to be Republican VP nominee in 2012,100,2.5,May/18/2012 14:02:27
754178,REP.VP.2012.AYOTTE,Kelly Ayotte to be Republican VP nominee in 2012,1,2.5,May/18/2012 14:02:27
754178,REP.VP.2012.AYOTTE,Kelly Ayotte to be Republican VP nominee in 2012,10,2.7,May/18/2012 14:02:39
754178,REP.VP.2012.AYOTTE,Kelly Ayotte to be Republican VP nominee in 2012,2,2.7,May/18/2012 14:02:39
754178,REP.VP.2012.AYOTTE,Kelly Ayotte to be Republican VP nominee in 2012,100,2.5,May/18/2012 14:04:17
754178,REP.VP.2012.AYOTTE,Kelly Ayotte to be Republican VP nominee in 2012,1,2.4,May/20/2012 02:01:31
754178,REP.VP.2012.AYOTTE,Kelly Ayotte to be Republican VP nominee in 2012,50,2.5,May/21/2012 01:59:05
754178,REP.VP.2012.AYOTTE,Kelly Ayotte to be Republican VP nominee in 2012,50,2.5,May/21/2012 16:57:44
754178,REP.VP.2012.AYOTTE,Kelly Ayotte to be Republican VP nominee in 2012,1,2.5,May/21/2012 16:57:44
754178,REP.VP.2012.AYOTTE,Kelly Ayotte to be Republican VP nominee in 2012,50,2.5,May/21/2012 16:57:44
754178,REP.VP.2012.AYOTTE,Kelly Ayotte to be Republican VP nominee in 2012,10,2.4,May/21/2012 17:19:19
754178,REP.VP.2012.AYOTTE,Kelly Ayotte to be Republican VP nominee in 2012,2,2.4,May/21/2012 17:19:19
754178,REP.VP.2012.AYOTTE,Kelly Ayotte to be Republican VP nominee in 2012,3,2.5,May/21/2012 23:49:57
754178,REP.VP.2012.AYOTTE,Kelly Ayotte to be Republican VP nominee in 2012,10,2.4,May/22/2012 02:42:30
754178,REP.VP.2012.AYOTTE,Kelly Ayotte to be Republican VP nominee in 2012,97,2.5,May/22/2012 20:17:31
754178,REP.VP.2012.AYOTTE,Kelly Ayotte to be Republican VP nominee in 2012,1,2.5,May/22/2012 20:17:31
754178,REP.VP.2012.AYOTTE,Kelly Ayotte to be Republican VP nominee in 2012,2,2.5,May/23/2012 02:50:45
754178,REP.VP.2012.AYOTTE,Kelly Ayotte to be Republican VP nominee in 2012,3,2.5,May/23/2012 15:14:51
754178,REP.VP.2012.AYOTTE,Kelly Ayotte to be Republican VP nominee in 2012,1,2.5,May/23/2012 15:14:51
754178,REP.VP.2012.AYOTTE,Kelly Ayotte to be Republican VP nominee in 2012,2,2.7,May/23/2012 15:15:05
754178,REP.VP.2012.AYOTTE,Kelly Ayotte to be Republican VP nominee in 2012,2,2.7,May/23/2012 15:15:05
754178,REP.VP.2012.AYOTTE,Kelly Ayotte to be Republican VP nominee in 2012,10,2.8,May/23/2012 15:15:20
754178,REP.VP.2012.AYOTTE,Kelly Ayotte to be Republican VP nominee in 2012,1,2.8,May/23/2012 15:15:20
754178,REP.VP.2012.AYOTTE,Kelly Ayotte to be Republican VP nominee in 2012,7,2.9,May/23/2012 15:16:28
754178,REP.VP.2012.AYOTTE,Kelly Ayotte to be Republican VP nominee in 2012,2,2.4,May/23/2012 16:01:32
754178,REP.VP.2012.AYOTTE,Kelly Ayotte to be Republican VP nominee in 2012,4,2.4,May/23/2012 16:02:29
754178,REP.VP.2012.AYOTTE,Kelly Ayotte to be Republican VP nominee in 2012,8,2.4,May/23/2012 16:03:14
754178,REP.VP.2012.AYOTTE,Kelly Ayotte to be Republican VP nominee in 2012,2,2.4,May/23/2012 16:03:31
754178,REP.VP.2012.AYOTTE,Kelly Ayotte to be Republican VP nominee in 2012,10,2.5,May/23/2012 21:55:15
754178,REP.VP.2012.AYOTTE,Kelly Ayotte to be Republican VP nominee in 2012,8,2.5,May/24/2012 04:46:02
754178,REP.VP.2012.AYOTTE,Kelly Ayotte to be Republican VP nominee in 2012,32,2.5,May/24/2012 05:59:33
754178,REP.VP.2012.AYOTTE,Kelly Ayotte to be Republican VP nominee in 2012,1,2.5,May/24/2012 05:59:33
754178,REP.VP.2012.AYOTTE,Kelly Ayotte to be Republican VP nominee in 2012,75,2.5,May/24/2012 05:59:33
754178,REP.VP.2012.AYOTTE,Kelly Ayotte to be Republican VP nominee in 2012,4,2.9,May/24/2012 06:58:56
754178,REP.VP.2012.AYOTTE,Kelly Ayotte to be Republican VP nominee in 2012,2,2.9,May/24/2012 06:58:56
754178,REP.VP.2012.AYOTTE,Kelly Ayotte to be Republican VP nominee in 2012,2,2.9,May/24/2012 06:58:56
754178,REP.VP.2012.AYOTTE,Kelly Ayotte to be Republican VP nominee in 2012,1,2.9,May/24/2012 06:58:56
754178,REP.VP.2012.AYOTTE,Kelly Ayotte to be Republican VP nominee in 2012,1,3.0,May/24/2012 13:39:02
754178,REP.VP.2012.AYOTTE,Kelly Ayotte to be Republican VP nominee in 2012,1,2.9,May/24/2012 14:13:36
754178,REP.VP.2012.AYOTTE,Kelly Ayotte to be Republican VP nominee in 2012,5,2.6,May/24/2012 14:13:36
754178,REP.VP.2012.AYOTTE,Kelly Ayotte to be Republican VP nominee in 2012,49,3.0,May/24/2012 20:26:33
754178,REP.VP.2012.AYOTTE,Kelly Ayotte to be Republican VP nominee in 2012,50,3.0,May/24/2012 20:26:33
754178,REP.VP.2012.AYOTTE,Kelly Ayotte to be Republican VP nominee in 2012,50,3.0,May/24/2012 20:26:33
754178,REP.VP.2012.AYOTTE,Kelly Ayotte to be Republican VP nominee in 2012,50,3.0,May/24/2012 20:26:33
754178,REP.VP.2012.AYOTTE,Kelly Ayotte to be Republican VP nominee in 2012,44,2.6,May/24/2012 20:26:33
754178,REP.VP.2012.AYOTTE,Kelly Ayotte to be Republican VP nominee in 2012,1,2.6,May/24/2012 20:26:33
754178,REP.VP.2012.AYOTTE,Kelly Ayotte to be Republican VP nominee in 2012,6,2.9,May/24/2012 20:26:33
754178,REP.VP.2012.AYOTTE,Kelly Ayotte to be Republican VP nominee in 2012,100,3.0,May/24/2012 23:57:34
754178,REP.VP.2012.AYOTTE,Kelly Ayotte to be Republican VP nominee in 2012,1,3.0,May/24/2012 23:57:34
754178,REP.VP.2012.AYOTTE,Kelly Ayotte to be Republican VP nominee in 2012,10,2.6,May/28/2012 19:05:26
754178,REP.VP.2012.AYOTTE,Kelly Ayotte to be Republican VP nominee in 2012,11,2.6,May/28/2012 19:05:26
754178,REP.VP.2012.AYOTTE,Kelly Ayotte to be Republican VP nominee in 2012,5,2.6,May/28/2012 20:41:13
754178,REP.VP.2012.AYOTTE,Kelly Ayotte to be Republican VP nominee in 2012,39,2.6,May/28/2012 20:56:42
754178,REP.VP.2012.AYOTTE,Kelly Ayotte to be Republican VP nominee in 2012,1,2.6,May/28/2012 20:56:42
754178,REP.VP.2012.AYOTTE,Kelly Ayotte to be Republican VP nominee in 2012,1,2.7,May/28/2012 22:04:41
754178,REP.VP.2012.AYOTTE,Kelly Ayotte to be Republican VP nominee in 2012,20,2.6,May/29/2012 17:13:20
754178,REP.VP.2012.AYOTTE,Kelly Ayotte to be Republican VP nominee in 2012,50,2.6,May/29/2012 21:20:19
754178,REP.VP.2012.AYOTTE,Kelly Ayotte to be Republican VP nominee in 2012,42,2.5,May/29/2012 21:27:38
754178,REP.VP.2012.AYOTTE,Kelly Ayotte to be Republican VP nominee in 2012,1,2.4,May/30/2012 03:17:14
754178,REP.VP.2012.AYOTTE,Kelly Ayotte to be Republican VP nominee in 2012,50,2.5,May/30/2012 04:49:15
754178,REP.VP.2012.AYOTTE,Kelly Ayotte to be Republican VP nominee in 2012,8,2.5,May/30/2012 04:49:59
754178,REP.VP.2012.AYOTTE,Kelly Ayotte to be Republican VP nominee in 2012,1,2.5,May/30/2012 04:49:59
754178,REP.VP.2012.AYOTTE,Kelly Ayotte to be Republican VP nominee in 2012,41,2.5,May/30/2012 04:49:59
754178,REP.VP.2012.AYOTTE,Kelly Ayotte to be Republican VP nominee in 2012,30,2.5,May/30/2012 04:50:05
754178,REP.VP.2012.AYOTTE,Kelly Ayotte to be Republican VP nominee in 2012,29,2.5,May/30/2012 15:35:17
754178,REP.VP.2012.AYOTTE,Kelly Ayotte to be Republican VP nominee in 2012,1,2.5,May/30/2012 15:35:17
754178,REP.VP.2012.AYOTTE,Kelly Ayotte to be Republican VP nominee in 2012,100,2.5,May/30/2012 15:35:17
754178,REP.VP.2012.AYOTTE,Kelly Ayotte to be Republican VP nominee in 2012,25,2.5,May/30/2012 19:07:49
754178,REP.VP.2012.AYOTTE,Kelly Ayotte to be Republican VP nominee in 2012,1,2.5,May/30/2012 19:07:49
754178,REP.VP.2012.AYOTTE,Kelly Ayotte to be Republican VP nominee in 2012,94,2.5,May/30/2012 19:07:49
754178,REP.VP.2012.AYOTTE,Kelly Ayotte to be Republican VP nominee in 2012,11,2.4,May/30/2012 19:38:35
754178,REP.VP.2012.AYOTTE,Kelly Ayotte to be Republican VP nominee in 2012,6,2.5,May/31/2012 03:15:21
754178,REP.VP.2012.AYOTTE,Kelly Ayotte to be Republican VP nominee in 2012,1,2.5,May/31/2012 03:15:21
754178,REP.VP.2012.AYOTTE,Kelly Ayotte to be Republican VP nominee in 2012,3,2.5,May/31/2012 03:15:21
754178,REP.VP.2012.AYOTTE,Kelly Ayotte to be Republican VP nominee in 2012,60,2.4,May/31/2012 05:03:00
754178,REP.VP.2012.AYOTTE,Kelly Ayotte to be Republican VP nominee in 2012,10,2.4,May/31/2012 05:03:00
754178,REP.VP.2012.AYOTTE,Kelly Ayotte to be Republican VP nominee in 2012,10,2.4,May/31/2012 05:08:34
754178,REP.VP.2012.AYOTTE,Kelly Ayotte to be Republican VP nominee in 2012,3,2.0,May/31/2012 05:08:34
754178,REP.VP.2012.AYOTTE,Kelly Ayotte to be Republican VP nominee in 2012,5,2.1,May/31/2012 05:11:58
754178,REP.VP.2012.AYOTTE,Kelly Ayotte to be Republican VP nominee in 2012,5,2.1,May/31/2012 14:07:30
754178,REP.VP.2012.AYOTTE,Kelly Ayotte to be Republican VP nominee in 2012,20,2.1,May/31/2012 14:07:30
754178,REP.VP.2012.AYOTTE,Kelly Ayotte to be Republican VP nominee in 2012,5,2.1,May/31/2012 15:58:33
754178,REP.VP.2012.AYOTTE,Kelly Ayotte to be Republican VP nominee in 2012,97,2.5,May/31/2012 16:30:27
754178,REP.VP.2012.AYOTTE,Kelly Ayotte to be Republican VP nominee in 2012,1,2.5,May/31/2012 16:30:27
754178,REP.VP.2012.AYOTTE,Kelly Ayotte to be Republican VP nominee in 2012,98,2.5,May/31/2012 16:30:27
754178,REP.VP.2012.AYOTTE,Kelly Ayotte to be Republican VP nominee in 2012,20,2.1,May/31/2012 16:30:27
754178,REP.VP.2012.AYOTTE,Kelly Ayotte to be Republican VP nominee in 2012,50,2.4,May/31/2012 16:30:27
754178,REP.VP.2012.AYOTTE,Kelly Ayotte to be Republican VP nominee in 2012,1,2.1,May/31/2012 16:30:27
754178,REP.VP.2012.AYOTTE,Kelly Ayotte to be Republican VP nominee in 2012,50,2.3,May/31/2012 16:30:27
754178,REP.VP.2012.AYOTTE,Kelly Ayotte to be Republican VP nominee in 2012,2,2.3,May/31/2012 16:30:27
754178,REP.VP.2012.AYOTTE,Kelly Ayotte to be Republican VP nominee in 2012,1,2.4,May/31/2012 16:30:27
754178,REP.VP.2012.AYOTTE,Kelly Ayotte to be Republican VP nominee in 2012,1,2.0,Jun/01/2012 03:41:21
754178,REP.VP.2012.AYOTTE,Kelly Ayotte to be Republican VP nominee in 2012,100,2.1,Jun/01/2012 03:41:21
754178,REP.VP.2012.AYOTTE,Kelly Ayotte to be Republican VP nominee in 2012,23,2.0,Jun/01/2012 14:28:38
754178,REP.VP.2012.AYOTTE,Kelly Ayotte to be Republican VP nominee in 2012,10,2.0,Jun/01/2012 15:40:06
754178,REP.VP.2012.AYOTTE,Kelly Ayotte to be Republican VP nominee in 2012,20,2.1,Jun/01/2012 17:29:22
754178,REP.VP.2012.AYOTTE,Kelly Ayotte to be Republican VP nominee in 2012,15,2.1,Jun/01/2012 17:30:39
754178,REP.VP.2012.AYOTTE,Kelly Ayotte to be Republican VP nominee in 2012,100,2.0,Jun/02/2012 00:39:18
754178,REP.VP.2012.AYOTTE,Kelly Ayotte to be Republican VP nominee in 2012,92,2.4,Jun/02/2012 02:04:55
754178,REP.VP.2012.AYOTTE,Kelly Ayotte to be Republican VP nominee in 2012,50,2.3,Jun/02/2012 02:04:55
754178,REP.VP.2012.AYOTTE,Kelly Ayotte to be Republican VP nominee in 2012,15,2.1,Jun/02/2012 02:04:55
754178,REP.VP.2012.AYOTTE,Kelly Ayotte to be Republican VP nominee in 2012,1,2.1,Jun/02/2012 02:04:55
754178,REP.VP.2012.AYOTTE,Kelly Ayotte to be Republican VP nominee in 2012,5,2.3,Jun/02/2012 02:04:55
754178,REP.VP.2012.AYOTTE,Kelly Ayotte to be Republican VP nominee in 2012,50,2.1,Jun/02/2012 02:04:55
754178,REP.VP.2012.AYOTTE,Kelly Ayotte to be Republican VP nominee in 2012,50,2.2,Jun/02/2012 02:04:55
754178,REP.VP.2012.AYOTTE,Kelly Ayotte to be Republican VP nominee in 2012,1,2.2,Jun/02/2012 02:04:55
754178,REP.VP.2012.AYOTTE,Kelly Ayotte to be Republican VP nominee in 2012,1,2.3,Jun/02/2012 02:04:55
754178,REP.VP.2012.AYOTTE,Kelly Ayotte to be Republican VP nominee in 2012,8,2.4,Jun/02/2012 08:36:01
754178,REP.VP.2012.AYOTTE,Kelly Ayotte to be Republican VP nominee in 2012,2,2.5,Jun/02/2012 08:36:01
754178,REP.VP.2012.AYOTTE,Kelly Ayotte to be Republican VP nominee in 2012,100,2.5,Jun/02/2012 08:36:01
754178,REP.VP.2012.AYOTTE,Kelly Ayotte to be Republican VP nominee in 2012,50,2.5,Jun/02/2012 08:36:01
754178,REP.VP.2012.AYOTTE,Kelly Ayotte to be Republican VP nominee in 2012,6,2.4,Jun/02/2012 08:36:01
754178,REP.VP.2012.AYOTTE,Kelly Ayotte to be Republican VP nominee in 2012,7,2.5,Jun/02/2012 08:36:01
754178,REP.VP.2012.AYOTTE,Kelly Ayotte to be Republican VP nominee in 2012,1,2.4,Jun/02/2012 08:36:01
754178,REP.VP.2012.AYOTTE,Kelly Ayotte to be Republican VP nominee in 2012,1,2.5,Jun/02/2012 08:36:01
754178,REP.VP.2012.AYOTTE,Kelly Ayotte to be Republican VP nominee in 2012,100,2.4,Jun/02/2012 08:36:01
754178,REP.VP.2012.AYOTTE,Kelly Ayotte to be Republican VP nominee in 2012,20,2.3,Jun/02/2012 15:26:15
754178,REP.VP.2012.AYOTTE,Kelly Ayotte to be Republican VP nominee in 2012,30,2.3,Jun/02/2012 15:44:57
754178,REP.VP.2012.AYOTTE,Kelly Ayotte to be Republican VP nominee in 2012,1,2.3,Jun/02/2012 15:44:57
754178,REP.VP.2012.AYOTTE,Kelly Ayotte to be Republican VP nominee in 2012,20,2.5,Jun/03/2012 07:44:10
754178,REP.VP.2012.AYOTTE,Kelly Ayotte to be Republican VP nominee in 2012,1,2.5,Jun/03/2012 19:15:21
754178,REP.VP.2012.AYOTTE,Kelly Ayotte to be Republican VP nominee in 2012,29,2.5,Jun/03/2012 21:14:25
754178,REP.VP.2012.AYOTTE,Kelly Ayotte to be Republican VP nominee in 2012,50,2.5,Jun/03/2012 21:14:25
754178,REP.VP.2012.AYOTTE,Kelly Ayotte to be Republican VP nominee in 2012,1,2.5,Jun/03/2012 21:14:25
754178,REP.VP.2012.AYOTTE,Kelly Ayotte to be Republican VP nominee in 2012,49,2.5,Jun/03/2012 21:48:17
754178,REP.VP.2012.AYOTTE,Kelly Ayotte to be Republican VP nominee in 2012,1,2.5,Jun/04/2012 19:45:10
754178,REP.VP.2012.AYOTTE,Kelly Ayotte to be Republican VP nominee in 2012,1,2.5,Jun/04/2012 19:45:10
754178,REP.VP.2012.AYOTTE,Kelly Ayotte to be Republican VP nominee in 2012,8,2.6,Jun/04/2012 19:45:54
754178,REP.VP.2012.AYOTTE,Kelly Ayotte to be Republican VP nominee in 2012,1,2.6,Jun/04/2012 19:45:54
754178,REP.VP.2012.AYOTTE,Kelly Ayotte to be Republican VP nominee in 2012,9,2.5,Jun/04/2012 21:51:32
754178,REP.VP.2012.AYOTTE,Kelly Ayotte to be Republican VP nominee in 2012,91,2.5,Jun/04/2012 23:35:19
754178,REP.VP.2012.AYOTTE,Kelly Ayotte to be Republican VP nominee in 2012,1,2.5,Jun/04/2012 23:35:19
754178,REP.VP.2012.AYOTTE,Kelly Ayotte to be Republican VP nominee in 2012,4,2.5,Jun/05/2012 14:22:47
754178,REP.VP.2012.AYOTTE,Kelly Ayotte to be Republican VP nominee in 2012,25,2.4,Jun/05/2012 18:23:04
754178,REP.VP.2012.AYOTTE,Kelly Ayotte to be Republican VP nominee in 2012,10,2.4,Jun/05/2012 20:02:19
754178,REP.VP.2012.AYOTTE,Kelly Ayotte to be Republican VP nominee in 2012,3,2.4,Jun/05/2012 20:04:45
754178,REP.VP.2012.AYOTTE,Kelly Ayotte to be Republican VP nominee in 2012,47,2.4,Jun/05/2012 23:23:28
754178,REP.VP.2012.AYOTTE,Kelly Ayotte to be Republican VP nominee in 2012,1,2.4,Jun/05/2012 23:23:28
754178,REP.VP.2012.AYOTTE,Kelly Ayotte to be Republican VP nominee in 2012,46,2.5,Jun/05/2012 23:23:32
754178,REP.VP.2012.AYOTTE,Kelly Ayotte to be Republican VP nominee in 2012,1,2.5,Jun/05/2012 23:23:32
754178,REP.VP.2012.AYOTTE,Kelly Ayotte to be Republican VP nominee in 2012,25,2.5,Jun/05/2012 23:23:32
754178,REP.VP.2012.AYOTTE,Kelly Ayotte to be Republican VP nominee in 2012,50,2.5,Jun/05/2012 23:23:32
754178,REP.VP.2012.AYOTTE,Kelly Ayotte to be Republican VP nominee in 2012,50,2.5,Jun/06/2012 00:04:39
754178,REP.VP.2012.AYOTTE,Kelly Ayotte to be Republican VP nominee in 2012,100,2.5,Jun/06/2012 00:23:08
754178,REP.VP.2012.AYOTTE,Kelly Ayotte to be Republican VP nominee in 2012,19,2.3,Jun/06/2012 00:58:08
754178,REP.VP.2012.AYOTTE,Kelly Ayotte to be Republican VP nominee in 2012,181,2.3,Jun/06/2012 00:58:08
754178,REP.VP.2012.AYOTTE,Kelly Ayotte to be Republican VP nominee in 2012,168,2.2,Jun/06/2012 01:10:38
754178,REP.VP.2012.AYOTTE,Kelly Ayotte to be Republican VP nominee in 2012,19,2.3,Jun/06/2012 01:10:38
754178,REP.VP.2012.AYOTTE,Kelly Ayotte to be Republican VP nominee in 2012,20,2.3,Jun/06/2012 01:10:38
754178,REP.VP.2012.AYOTTE,Kelly Ayotte to be Republican VP nominee in 2012,14,2.3,Jun/06/2012 01:10:38
754178,REP.VP.2012.AYOTTE,Kelly Ayotte to be Republican VP nominee in 2012,49,2.2,Jun/06/2012 01:11:22
754178,REP.VP.2012.AYOTTE,Kelly Ayotte to be Republican VP nominee in 2012,50,2.2,Jun/06/2012 16:04:10
754178,REP.VP.2012.AYOTTE,Kelly Ayotte to be Republican VP nominee in 2012,1,2.2,Jun/06/2012 19:47:15
754178,REP.VP.2012.AYOTTE,Kelly Ayotte to be Republican VP nominee in 2012,17,2.2,Jun/06/2012 19:47:15
754178,REP.VP.2012.AYOTTE,Kelly Ayotte to be Republican VP nominee in 2012,1,2.5,Jun/06/2012 22:46:43
754178,REP.VP.2012.AYOTTE,Kelly Ayotte to be Republican VP nominee in 2012,49,2.5,Jun/07/2012 14:03:25
754178,REP.VP.2012.AYOTTE,Kelly Ayotte to be Republican VP nominee in 2012,1,2.5,Jun/07/2012 14:03:25
754178,REP.VP.2012.AYOTTE,Kelly Ayotte to be Republican VP nominee in 2012,100,2.5,Jun/07/2012 14:03:25
754178,REP.VP.2012.AYOTTE,Kelly Ayotte to be Republican VP nominee in 2012,50,2.5,Jun/07/2012 14:03:25
754178,REP.VP.2012.AYOTTE,Kelly Ayotte to be Republican VP nominee in 2012,50,2.5,Jun/07/2012 15:25:50
754178,REP.VP.2012.AYOTTE,Kelly Ayotte to be Republican VP nominee in 2012,60,2.5,Jun/07/2012 16:14:54
754178,REP.VP.2012.AYOTTE,Kelly Ayotte to be Republican VP nominee in 2012,1,2.5,Jun/07/2012 16:14:54
754178,REP.VP.2012.AYOTTE,Kelly Ayotte to be Republican VP nominee in 2012,25,2.5,Jun/07/2012 17:11:27
754178,REP.VP.2012.AYOTTE,Kelly Ayotte to be Republican VP nominee in 2012,1,2.5,Jun/07/2012 17:11:27
754178,REP.VP.2012.AYOTTE,Kelly Ayotte to be Republican VP nominee in 2012,100,2.5,Jun/07/2012 21:50:29
754178,REP.VP.2012.AYOTTE,Kelly Ayotte to be Republican VP nominee in 2012,39,2.5,Jun/08/2012 12:05:06
754178,REP.VP.2012.AYOTTE,Kelly Ayotte to be Republican VP nominee in 2012,1,2.5,Jun/08/2012 12:05:06
754178,REP.VP.2012.AYOTTE,Kelly Ayotte to be Republican VP nominee in 2012,2,2.6,Jun/08/2012 13:57:54
754178,REP.VP.2012.AYOTTE,Kelly Ayotte to be Republican VP nominee in 2012,1,2.6,Jun/08/2012 13:57:54
754178,REP.VP.2012.AYOTTE,Kelly Ayotte to be Republican VP nominee in 2012,7,2.8,Jun/08/2012 13:58:14
754178,REP.VP.2012.AYOTTE,Kelly Ayotte to be Republican VP nominee in 2012,35,2.8,Jun/08/2012 13:58:14
754178,REP.VP.2012.AYOTTE,Kelly Ayotte to be Republican VP nominee in 2012,2,2.8,Jun/08/2012 13:58:14
754178,REP.VP.2012.AYOTTE,Kelly Ayotte to be Republican VP nominee in 2012,10,2.9,Jun/08/2012 13:58:43
754178,REP.VP.2012.AYOTTE,Kelly Ayotte to be Republican VP nominee in 2012,9,2.9,Jun/08/2012 13:58:43
754178,REP.VP.2012.AYOTTE,Kelly Ayotte to be Republican VP nominee in 2012,1,2.9,Jun/08/2012 13:58:43
754178,REP.VP.2012.AYOTTE,Kelly Ayotte to be Republican VP nominee in 2012,50,2.5,Jun/08/2012 14:36:08
754178,REP.VP.2012.AYOTTE,Kelly Ayotte to be Republican VP nominee in 2012,50,2.5,Jun/08/2012 17:56:06
754178,REP.VP.2012.AYOTTE,Kelly Ayotte to be Republican VP nominee in 2012,11,3.0,Jun/08/2012 19:56:19
754178,REP.VP.2012.AYOTTE,Kelly Ayotte to be Republican VP nominee in 2012,1,3.0,Jun/08/2012 19:56:19
754178,REP.VP.2012.AYOTTE,Kelly Ayotte to be Republican VP nominee in 2012,28,3.0,Jun/08/2012 19:56:19
754178,REP.VP.2012.AYOTTE,Kelly Ayotte to be Republican VP nominee in 2012,1,2.9,Jun/08/2012 20:57:12
754178,REP.VP.2012.AYOTTE,Kelly Ayotte to be Republican VP nominee in 2012,5,2.5,Jun/08/2012 23:33:09
754178,REP.VP.2012.AYOTTE,Kelly Ayotte to be Republican VP nominee in 2012,95,2.5,Jun/08/2012 23:40:33
754178,REP.VP.2012.AYOTTE,Kelly Ayotte to be Republican VP nominee in 2012,100,2.5,Jun/09/2012 02:33:18
754178,REP.VP.2012.AYOTTE,Kelly Ayotte to be Republican VP nominee in 2012,1,2.5,Jun/09/2012 02:33:18
754178,REP.VP.2012.AYOTTE,Kelly Ayotte to be Republican VP nominee in 2012,5,2.4,Jun/09/2012 12:43:35
754178,REP.VP.2012.AYOTTE,Kelly Ayotte to be Republican VP nominee in 2012,11,2.7,Jun/10/2012 01:50:11
754178,REP.VP.2012.AYOTTE,Kelly Ayotte to be Republican VP nominee in 2012,10,2.6,Jun/10/2012 01:52:21
754178,REP.VP.2012.AYOTTE,Kelly Ayotte to be Republican VP nominee in 2012,7,2.4,Jun/10/2012 01:52:52
754178,REP.VP.2012.AYOTTE,Kelly Ayotte to be Republican VP nominee in 2012,35,2.3,Jun/10/2012 01:53:22
754178,REP.VP.2012.AYOTTE,Kelly Ayotte to be Republican VP nominee in 2012,5,2.6,Jun/10/2012 14:35:54
754178,REP.VP.2012.AYOTTE,Kelly Ayotte to be Republican VP nominee in 2012,10,2.5,Jun/10/2012 14:35:54
754178,REP.VP.2012.AYOTTE,Kelly Ayotte to be Republican VP nominee in 2012,85,2.5,Jun/10/2012 14:36:59
754178,REP.VP.2012.AYOTTE,Kelly Ayotte to be Republican VP nominee in 2012,65,2.3,Jun/10/2012 23:44:16
754178,REP.VP.2012.AYOTTE,Kelly Ayotte to be Republican VP nominee in 2012,10,2.4,Jun/10/2012 23:44:16
754178,REP.VP.2012.AYOTTE,Kelly Ayotte to be Republican VP nominee in 2012,15,2.4,Jun/10/2012 23:44:16
754178,REP.VP.2012.AYOTTE,Kelly Ayotte to be Republican VP nominee in 2012,20,2.3,Jun/10/2012 23:44:16
754178,REP.VP.2012.AYOTTE,Kelly Ayotte to be Republican VP nominee in 2012,90,2.3,Jun/10/2012 23:44:16
754178,REP.VP.2012.AYOTTE,Kelly Ayotte to be Republican VP nominee in 2012,10,2.5,Jun/11/2012 19:50:19
754178,REP.VP.2012.AYOTTE,Kelly Ayotte to be Republican VP nominee in 2012,21,2.2,Jun/11/2012 22:35:34
754178,REP.VP.2012.AYOTTE,Kelly Ayotte to be Republican VP nominee in 2012,1,2.2,Jun/13/2012 12:47:27
754178,REP.VP.2012.AYOTTE,Kelly Ayotte to be Republican VP nominee in 2012,4,2.2,Jun/13/2012 14:36:10
754178,REP.VP.2012.AYOTTE,Kelly Ayotte to be Republican VP nominee in 2012,12,2.1,Jun/13/2012 14:36:10
754178,REP.VP.2012.AYOTTE,Kelly Ayotte to be Republican VP nominee in 2012,50,2.1,Jun/13/2012 14:36:10
754178,REP.VP.2012.AYOTTE,Kelly Ayotte to be Republican VP nominee in 2012,4,2.0,Jun/13/2012 19:21:38
754178,REP.VP.2012.AYOTTE,Kelly Ayotte to be Republican VP nominee in 2012,10,2.1,Jun/13/2012 22:28:30
754178,REP.VP.2012.AYOTTE,Kelly Ayotte to be Republican VP nominee in 2012,6,2.0,Jun/15/2012 00:37:03
754178,REP.VP.2012.AYOTTE,Kelly Ayotte to be Republican VP nominee in 2012,94,2.0,Jun/15/2012 00:37:03
754178,REP.VP.2012.AYOTTE,Kelly Ayotte to be Republican VP nominee in 2012,24,2.1,Jun/15/2012 03:25:26
754178,REP.VP.2012.AYOTTE,Kelly Ayotte to be Republican VP nominee in 2012,1,2.1,Jun/15/2012 03:25:26
754178,REP.VP.2012.AYOTTE,Kelly Ayotte to be Republican VP nominee in 2012,29,2.4,Jun/15/2012 12:28:24
754178,REP.VP.2012.AYOTTE,Kelly Ayotte to be Republican VP nominee in 2012,1,2.4,Jun/15/2012 12:28:24
754178,REP.VP.2012.AYOTTE,Kelly Ayotte to be Republican VP nominee in 2012,50,2.1,Jun/15/2012 14:56:42
754178,REP.VP.2012.AYOTTE,Kelly Ayotte to be Republican VP nominee in 2012,3,2.4,Jun/16/2012 03:50:26
754178,REP.VP.2012.AYOTTE,Kelly Ayotte to be Republican VP nominee in 2012,25,2.1,Jun/16/2012 04:34:41
754178,REP.VP.2012.AYOTTE,Kelly Ayotte to be Republican VP nominee in 2012,100,1.9,Jun/16/2012 05:29:00
754178,REP.VP.2012.AYOTTE,Kelly Ayotte to be Republican VP nominee in 2012,6,2.0,Jun/16/2012 05:29:00
754178,REP.VP.2012.AYOTTE,Kelly Ayotte to be Republican VP nominee in 2012,100,2.0,Jun/16/2012 05:29:00
754178,REP.VP.2012.AYOTTE,Kelly Ayotte to be Republican VP nominee in 2012,31,2.0,Jun/16/2012 05:29:00
754178,REP.VP.2012.AYOTTE,Kelly Ayotte to be Republican VP nominee in 2012,25,2.1,Jun/16/2012 14:07:28
754178,REP.VP.2012.AYOTTE,Kelly Ayotte to be Republican VP nominee in 2012,1,2.1,Jun/16/2012 14:07:28
754178,REP.VP.2012.AYOTTE,Kelly Ayotte to be Republican VP nominee in 2012,11,2.0,Jun/16/2012 14:07:28
754178,REP.VP.2012.AYOTTE,Kelly Ayotte to be Republican VP nominee in 2012,13,2.1,Jun/16/2012 14:07:28
754178,REP.VP.2012.AYOTTE,Kelly Ayotte to be Republican VP nominee in 2012,15,2.2,Jun/16/2012 14:07:28
754178,REP.VP.2012.AYOTTE,Kelly Ayotte to be Republican VP nominee in 2012,50,2.0,Jun/16/2012 14:07:28
754178,REP.VP.2012.AYOTTE,Kelly Ayotte to be Republican VP nominee in 2012,84,2.2,Jun/16/2012 14:07:28
754178,REP.VP.2012.AYOTTE,Kelly Ayotte to be Republican VP nominee in 2012,1,2.0,Jun/16/2012 14:07:28
754178,REP.VP.2012.AYOTTE,Kelly Ayotte to be Republican VP nominee in 2012,100,2.0,Jun/16/2012 16:53:06
754178,REP.VP.2012.AYOTTE,Kelly Ayotte to be Republican VP nominee in 2012,100,2.0,Jun/18/2012 14:14:12
754178,REP.VP.2012.AYOTTE,Kelly Ayotte to be Republican VP nominee in 2012,1,2.0,Jun/18/2012 20:19:12
754178,REP.VP.2012.AYOTTE,Kelly Ayotte to be Republican VP nominee in 2012,14,2.0,Jun/18/2012 20:19:12
754178,REP.VP.2012.AYOTTE,Kelly Ayotte to be Republican VP nominee in 2012,30,1.9,Jun/18/2012 23:25:38
754178,REP.VP.2012.AYOTTE,Kelly Ayotte to be Republican VP nominee in 2012,86,2.0,Jun/19/2012 12:05:19
754178,REP.VP.2012.AYOTTE,Kelly Ayotte to be Republican VP nominee in 2012,1,2.0,Jun/19/2012 12:05:19
754178,REP.VP.2012.AYOTTE,Kelly Ayotte to be Republican VP nominee in 2012,13,2.0,Jun/19/2012 12:05:19
754178,REP.VP.2012.AYOTTE,Kelly Ayotte to be Republican VP nominee in 2012,87,2.0,Jun/19/2012 12:05:51
754178,REP.VP.2012.AYOTTE,Kelly Ayotte to be Republican VP nominee in 2012,30,2.1,Jun/19/2012 13:10:42
754178,REP.VP.2012.AYOTTE,Kelly Ayotte to be Republican VP nominee in 2012,1,2.1,Jun/19/2012 13:10:42
754178,REP.VP.2012.AYOTTE,Kelly Ayotte to be Republican VP nominee in 2012,10,2.0,Jun/19/2012 16:28:44
754178,REP.VP.2012.AYOTTE,Kelly Ayotte to be Republican VP nominee in 2012,5,2.0,Jun/19/2012 18:53:15
754178,REP.VP.2012.AYOTTE,Kelly Ayotte to be Republican VP nominee in 2012,1,2.0,Jun/19/2012 18:53:15
754178,REP.VP.2012.AYOTTE,Kelly Ayotte to be Republican VP nominee in 2012,100,2.0,Jun/19/2012 18:53:15
754178,REP.VP.2012.AYOTTE,Kelly Ayotte to be Republican VP nominee in 2012,5,2.0,Jun/19/2012 21:10:40
754178,REP.VP.2012.AYOTTE,Kelly Ayotte to be Republican VP nominee in 2012,10,1.9,Jun/19/2012 21:10:55
754178,REP.VP.2012.AYOTTE,Kelly Ayotte to be Republican VP nominee in 2012,60,1.9,Jun/19/2012 21:13:36
754178,REP.VP.2012.AYOTTE,Kelly Ayotte to be Republican VP nominee in 2012,30,1.9,Jun/19/2012 21:13:36
754178,REP.VP.2012.AYOTTE,Kelly Ayotte to be Republican VP nominee in 2012,100,1.9,Jun/19/2012 22:16:44
754178,REP.VP.2012.AYOTTE,Kelly Ayotte to be Republican VP nominee in 2012,1,1.9,Jun/19/2012 22:34:46
754178,REP.VP.2012.AYOTTE,Kelly Ayotte to be Republican VP nominee in 2012,99,1.9,Jun/19/2012 22:46:42
754178,REP.VP.2012.AYOTTE,Kelly Ayotte to be Republican VP nominee in 2012,100,1.9,Jun/19/2012 22:47:38
754178,REP.VP.2012.AYOTTE,Kelly Ayotte to be Republican VP nominee in 2012,19,1.8,Jun/19/2012 22:59:00
754178,REP.VP.2012.AYOTTE,Kelly Ayotte to be Republican VP nominee in 2012,10,1.7,Jun/20/2012 01:06:43
754178,REP.VP.2012.AYOTTE,Kelly Ayotte to be Republican VP nominee in 2012,100,1.4,Jun/20/2012 02:17:03
754178,REP.VP.2012.AYOTTE,Kelly Ayotte to be Republican VP nominee in 2012,1,1.4,Jun/20/2012 02:17:03
754178,REP.VP.2012.AYOTTE,Kelly Ayotte to be Republican VP nominee in 2012,35,1.4,Jun/20/2012 02:23:28
754178,REP.VP.2012.AYOTTE,Kelly Ayotte to be Republican VP nominee in 2012,40,1.5,Jun/20/2012 08:59:09
754178,REP.VP.2012.AYOTTE,Kelly Ayotte to be Republican VP nominee in 2012,1,1.5,Jun/20/2012 08:59:09
754178,REP.VP.2012.AYOTTE,Kelly Ayotte to be Republican VP nominee in 2012,99,1.5,Jun/20/2012 08:59:09
754178,REP.VP.2012.AYOTTE,Kelly Ayotte to be Republican VP nominee in 2012,5,1.3,Jun/20/2012 11:01:49
754178,REP.VP.2012.AYOTTE,Kelly Ayotte to be Republican VP nominee in 2012,2,1.3,Jun/20/2012 14:26:38
754178,REP.VP.2012.AYOTTE,Kelly Ayotte to be Republican VP nominee in 2012,1,1.3,Jun/20/2012 14:26:38
754178,REP.VP.2012.AYOTTE,Kelly Ayotte to be Republican VP nominee in 2012,81,1.0,Jun/20/2012 16:28:35
754178,REP.VP.2012.AYOTTE,Kelly Ayotte to be Republican VP nominee in 2012,20,1.1,Jun/20/2012 16:28:35
754178,REP.VP.2012.AYOTTE,Kelly Ayotte to be Republican VP nominee in 2012,5,1.2,Jun/20/2012 16:28:35
754178,REP.VP.2012.AYOTTE,Kelly Ayotte to be Republican VP nominee in 2012,19,1.0,Jun/20/2012 17:09:36
754178,REP.VP.2012.AYOTTE,Kelly Ayotte to be Republican VP nominee in 2012,4,1.1,Jun/20/2012 17:09:36
754178,REP.VP.2012.AYOTTE,Kelly Ayotte to be Republican VP nominee in 2012,2,1.0,Jun/20/2012 17:31:24
754178,REP.VP.2012.AYOTTE,Kelly Ayotte to be Republican VP nominee in 2012,1,1.0,Jun/20/2012 17:31:24
754178,REP.VP.2012.AYOTTE,Kelly Ayotte to be Republican VP nominee in 2012,1,1.0,Jun/20/2012 17:40:22
754178,REP.VP.2012.AYOTTE,Kelly Ayotte to be Republican VP nominee in 2012,49,1.0,Jun/20/2012 18:45:21
754178,REP.VP.2012.AYOTTE,Kelly Ayotte to be Republican VP nominee in 2012,1,1.0,Jun/20/2012 18:45:21
754178,REP.VP.2012.AYOTTE,Kelly Ayotte to be Republican VP nominee in 2012,6,0.9,Jun/20/2012 20:12:52
754178,REP.VP.2012.AYOTTE,Kelly Ayotte to be Republican VP nominee in 2012,2,0.9,Jun/21/2012 00:18:00
754178,REP.VP.2012.AYOTTE,Kelly Ayotte to be Republican VP nominee in 2012,28,1.0,Jun/21/2012 01:11:09
754178,REP.VP.2012.AYOTTE,Kelly Ayotte to be Republican VP nominee in 2012,1,1.0,Jun/21/2012 01:11:09
754178,REP.VP.2012.AYOTTE,Kelly Ayotte to be Republican VP nominee in 2012,66,1.0,Jun/21/2012 01:11:09
754178,REP.VP.2012.AYOTTE,Kelly Ayotte to be Republican VP nominee in 2012,25,1.0,Jun/21/2012 02:18:40
754178,REP.VP.2012.AYOTTE,Kelly Ayotte to be Republican VP nominee in 2012,1,1.0,Jun/21/2012 09:09:36
754178,REP.VP.2012.AYOTTE,Kelly Ayotte to be Republican VP nominee in 2012,8,1.0,Jun/21/2012 11:13:51
754178,REP.VP.2012.AYOTTE,Kelly Ayotte to be Republican VP nominee in 2012,7,1.0,Jun/21/2012 11:13:51
754178,REP.VP.2012.AYOTTE,Kelly Ayotte to be Republican VP nominee in 2012,88,1.0,Jun/21/2012 11:21:55
754178,REP.VP.2012.AYOTTE,Kelly Ayotte to be Republican VP nominee in 2012,1,1.0,Jun/21/2012 11:21:55
754178,REP.VP.2012.AYOTTE,Kelly Ayotte to be Republican VP nominee in 2012,10,1.1,Jun/21/2012 11:24:00
754178,REP.VP.2012.AYOTTE,Kelly Ayotte to be Republican VP nominee in 2012,90,1.1,Jun/21/2012 13:42:40
754178,REP.VP.2012.AYOTTE,Kelly Ayotte to be Republican VP nominee in 2012,1,1.1,Jun/21/2012 13:42:40
754178,REP.VP.2012.AYOTTE,Kelly Ayotte to be Republican VP nominee in 2012,9,1.1,Jun/21/2012 13:42:40
754178,REP.VP.2012.AYOTTE,Kelly Ayotte to be Republican VP nominee in 2012,2,1.1,Jun/21/2012 13:51:34
754178,REP.VP.2012.AYOTTE,Kelly Ayotte to be Republican VP nominee in 2012,2,1.5,Jun/21/2012 19:31:40
754178,REP.VP.2012.AYOTTE,Kelly Ayotte to be Republican VP nominee in 2012,103,1.5,Jun/21/2012 19:31:40
754178,REP.VP.2012.AYOTTE,Kelly Ayotte to be Republican VP nominee in 2012,1,1.5,Jun/21/2012 19:31:40
754178,REP.VP.2012.AYOTTE,Kelly Ayotte to be Republican VP nominee in 2012,10,1.4,Jun/21/2012 19:31:40
754178,REP.VP.2012.AYOTTE,Kelly Ayotte to be Republican VP nominee in 2012,25,1.3,Jun/21/2012 19:31:40
754178,REP.VP.2012.AYOTTE,Kelly Ayotte to be Republican VP nominee in 2012,1,1.4,Jun/21/2012 19:31:40
754178,REP.VP.2012.AYOTTE,Kelly Ayotte to be Republican VP nominee in 2012,3,1.4,Jun/21/2012 19:31:40
754178,REP.VP.2012.AYOTTE,Kelly Ayotte to be Republican VP nominee in 2012,50,1.5,Jun/21/2012 19:31:40
754178,REP.VP.2012.AYOTTE,Kelly Ayotte to be Republican VP nominee in 2012,10,1.2,Jun/21/2012 19:31:40
754178,REP.VP.2012.AYOTTE,Kelly Ayotte to be Republican VP nominee in 2012,10,1.4,Jun/21/2012 19:31:40
754178,REP.VP.2012.AYOTTE,Kelly Ayotte to be Republican VP nominee in 2012,1,1.2,Jun/21/2012 19:31:40
754178,REP.VP.2012.AYOTTE,Kelly Ayotte to be Republican VP nominee in 2012,1,1.3,Jun/21/2012 19:31:40
754178,REP.VP.2012.AYOTTE,Kelly Ayotte to be Republican VP nominee in 2012,5,1.4,Jun/21/2012 19:31:40
754178,REP.VP.2012.AYOTTE,Kelly Ayotte to be Republican VP nominee in 2012,100,1.5,Jun/21/2012 19:31:40
754178,REP.VP.2012.AYOTTE,Kelly Ayotte to be Republican VP nominee in 2012,13,1.2,Jun/21/2012 19:31:40
754178,REP.VP.2012.AYOTTE,Kelly Ayotte to be Republican VP nominee in 2012,15,1.3,Jun/21/2012 19:31:40
754178,REP.VP.2012.AYOTTE,Kelly Ayotte to be Republican VP nominee in 2012,17,1.4,Jun/21/2012 19:31:40
754178,REP.VP.2012.AYOTTE,Kelly Ayotte to be Republican VP nominee in 2012,7,1.5,Jun/21/2012 19:31:40
754178,REP.VP.2012.AYOTTE,Kelly Ayotte to be Republican VP nominee in 2012,25,1.1,Jun/21/2012 19:31:40
754178,REP.VP.2012.AYOTTE,Kelly Ayotte to be Republican VP nominee in 2012,1,1.1,Jun/21/2012 19:31:40
754178,REP.VP.2012.AYOTTE,Kelly Ayotte to be Republican VP nominee in 2012,1,1.4,Jun/21/2012 23:18:08
754178,REP.VP.2012.AYOTTE,Kelly Ayotte to be Republican VP nominee in 2012,1,1.4,Jun/21/2012 23:18:08
754178,REP.VP.2012.AYOTTE,Kelly Ayotte to be Republican VP nominee in 2012,3,1.4,Jun/22/2012 01:20:21
754178,REP.VP.2012.AYOTTE,Kelly Ayotte to be Republican VP nominee in 2012,1,1.1,Jun/22/2012 11:00:43
754178,REP.VP.2012.AYOTTE,Kelly Ayotte to be Republican VP nominee in 2012,1,1.2,Jun/22/2012 11:00:43
754178,REP.VP.2012.AYOTTE,Kelly Ayotte to be Republican VP nominee in 2012,89,1.3,Jun/22/2012 13:47:20
754178,REP.VP.2012.AYOTTE,Kelly Ayotte to be Republican VP nominee in 2012,1,1.3,Jun/22/2012 13:47:20
754178,REP.VP.2012.AYOTTE,Kelly Ayotte to be Republican VP nominee in 2012,100,1.5,Jun/22/2012 13:47:37
754178,REP.VP.2012.AYOTTE,Kelly Ayotte to be Republican VP nominee in 2012,100,1.5,Jun/22/2012 13:47:37
754178,REP.VP.2012.AYOTTE,Kelly Ayotte to be Republican VP nominee in 2012,2,1.5,Jun/22/2012 13:47:37
