market id,market symbol,market name,trade quantity,trade price,date/time [utc]
743556,REP.VP.2012.PALIN,Sarah Palin to be Republican VP nominee in 2012,3,9.5,Jan/10/2011 18:17:46
743556,REP.VP.2012.PALIN,Sarah Palin to be Republican VP nominee in 2012,1,9.5,Jan/10/2011 18:22:21
743556,REP.VP.2012.PALIN,Sarah Palin to be Republican VP nominee in 2012,1,8.9,Feb/21/2011 20:27:09
743556,REP.VP.2012.PALIN,Sarah Palin to be Republican VP nominee in 2012,1,7.9,Feb/21/2011 20:27:09
743556,REP.VP.2012.PALIN,Sarah Palin to be Republican VP nominee in 2012,5,7.9,Feb/21/2011 20:27:09
743556,REP.VP.2012.PALIN,Sarah Palin to be Republican VP nominee in 2012,1,7.9,Feb/21/2011 20:27:09
743556,REP.VP.2012.PALIN,Sarah Palin to be Republican VP nominee in 2012,100,9.0,Feb/21/2011 20:27:09
743556,REP.VP.2012.PALIN,Sarah Palin to be Republican VP nominee in 2012,100,0.5,Apr/11/2011 19:11:19
743556,REP.VP.2012.PALIN,Sarah Palin to be Republican VP nominee in 2012,8,0.5,Apr/12/2011 02:07:29
743556,REP.VP.2012.PALIN,Sarah Palin to be Republican VP nominee in 2012,2,1.5,Apr/13/2011 15:35:17
743556,REP.VP.2012.PALIN,Sarah Palin to be Republican VP nominee in 2012,2,1.9,Apr/13/2011 17:27:24
743556,REP.VP.2012.PALIN,Sarah Palin to be Republican VP nominee in 2012,2,2.5,Apr/13/2011 17:27:55
743556,REP.VP.2012.PALIN,Sarah Palin to be Republican VP nominee in 2012,1,2.9,Apr/14/2011 18:25:10
743556,REP.VP.2012.PALIN,Sarah Palin to be Republican VP nominee in 2012,2,2.9,Apr/14/2011 18:25:10
743556,REP.VP.2012.PALIN,Sarah Palin to be Republican VP nominee in 2012,1,1.5,Apr/19/2011 21:27:33
743556,REP.VP.2012.PALIN,Sarah Palin to be Republican VP nominee in 2012,5,1.5,May/25/2011 02:05:54
743556,REP.VP.2012.PALIN,Sarah Palin to be Republican VP nominee in 2012,3,1.9,May/25/2011 02:06:03
743556,REP.VP.2012.PALIN,Sarah Palin to be Republican VP nominee in 2012,5,1.9,May/25/2011 02:06:03
743556,REP.VP.2012.PALIN,Sarah Palin to be Republican VP nominee in 2012,1,2.8,May/29/2011 18:03:31
743556,REP.VP.2012.PALIN,Sarah Palin to be Republican VP nominee in 2012,2,2.9,May/29/2011 18:04:17
743556,REP.VP.2012.PALIN,Sarah Palin to be Republican VP nominee in 2012,3,3.1,May/29/2011 18:04:54
743556,REP.VP.2012.PALIN,Sarah Palin to be Republican VP nominee in 2012,3,2.9,May/29/2011 18:04:58
743556,REP.VP.2012.PALIN,Sarah Palin to be Republican VP nominee in 2012,2,3.5,Jun/01/2011 13:55:43
743556,REP.VP.2012.PALIN,Sarah Palin to be Republican VP nominee in 2012,1,3.5,Jun/01/2011 13:55:43
743556,REP.VP.2012.PALIN,Sarah Palin to be Republican VP nominee in 2012,5,3.5,Jun/01/2011 21:33:58
743556,REP.VP.2012.PALIN,Sarah Palin to be Republican VP nominee in 2012,2,3.5,Jun/01/2011 21:36:04
743556,REP.VP.2012.PALIN,Sarah Palin to be Republican VP nominee in 2012,1,4.5,Jun/02/2011 02:23:51
743556,REP.VP.2012.PALIN,Sarah Palin to be Republican VP nominee in 2012,50,4.5,Jun/02/2011 02:23:51
743556,REP.VP.2012.PALIN,Sarah Palin to be Republican VP nominee in 2012,10,3.5,Jun/21/2011 19:43:16
743556,REP.VP.2012.PALIN,Sarah Palin to be Republican VP nominee in 2012,10,3.9,Jul/01/2011 17:20:04
743556,REP.VP.2012.PALIN,Sarah Palin to be Republican VP nominee in 2012,11,4.5,Jul/01/2011 17:20:18
743556,REP.VP.2012.PALIN,Sarah Palin to be Republican VP nominee in 2012,2,4.9,Jul/01/2011 17:20:29
743556,REP.VP.2012.PALIN,Sarah Palin to be Republican VP nominee in 2012,10,4.9,Jul/01/2011 17:20:29
743556,REP.VP.2012.PALIN,Sarah Palin to be Republican VP nominee in 2012,2,5.5,Jul/01/2011 17:20:38
743556,REP.VP.2012.PALIN,Sarah Palin to be Republican VP nominee in 2012,10,5.5,Jul/01/2011 17:20:38
743556,REP.VP.2012.PALIN,Sarah Palin to be Republican VP nominee in 2012,1,5.7,Jul/01/2011 17:20:47
743556,REP.VP.2012.PALIN,Sarah Palin to be Republican VP nominee in 2012,2,5.9,Jul/01/2011 17:20:59
743556,REP.VP.2012.PALIN,Sarah Palin to be Republican VP nominee in 2012,100,6.5,Jul/01/2011 17:21:31
743556,REP.VP.2012.PALIN,Sarah Palin to be Republican VP nominee in 2012,1,6.9,Jul/01/2011 17:21:36
743556,REP.VP.2012.PALIN,Sarah Palin to be Republican VP nominee in 2012,1,6.9,Jul/01/2011 17:21:46
743556,REP.VP.2012.PALIN,Sarah Palin to be Republican VP nominee in 2012,5,14.0,Jul/01/2011 17:21:53
743556,REP.VP.2012.PALIN,Sarah Palin to be Republican VP nominee in 2012,5,14.0,Jul/01/2011 17:22:19
743556,REP.VP.2012.PALIN,Sarah Palin to be Republican VP nominee in 2012,5,14.0,Jul/01/2011 17:23:06
743556,REP.VP.2012.PALIN,Sarah Palin to be Republican VP nominee in 2012,5,25.0,Jul/01/2011 17:23:09
743556,REP.VP.2012.PALIN,Sarah Palin to be Republican VP nominee in 2012,7,20.0,Jul/01/2011 19:36:51
743556,REP.VP.2012.PALIN,Sarah Palin to be Republican VP nominee in 2012,1,25.0,Jul/01/2011 19:38:55
743556,REP.VP.2012.PALIN,Sarah Palin to be Republican VP nominee in 2012,3,20.0,Jul/01/2011 20:04:36
743556,REP.VP.2012.PALIN,Sarah Palin to be Republican VP nominee in 2012,1,15.0,Jul/01/2011 20:53:23
743556,REP.VP.2012.PALIN,Sarah Palin to be Republican VP nominee in 2012,1,18.0,Jul/01/2011 20:53:23
743556,REP.VP.2012.PALIN,Sarah Palin to be Republican VP nominee in 2012,10,10.0,Jul/01/2011 20:53:23
743556,REP.VP.2012.PALIN,Sarah Palin to be Republican VP nominee in 2012,1,10.0,Jul/01/2011 20:53:23
743556,REP.VP.2012.PALIN,Sarah Palin to be Republican VP nominee in 2012,1,17.0,Jul/01/2011 20:53:23
743556,REP.VP.2012.PALIN,Sarah Palin to be Republican VP nominee in 2012,1,12.0,Jul/01/2011 20:53:23
743556,REP.VP.2012.PALIN,Sarah Palin to be Republican VP nominee in 2012,1,19.4,Jul/01/2011 20:54:07
743556,REP.VP.2012.PALIN,Sarah Palin to be Republican VP nominee in 2012,1,7.0,Jul/03/2011 03:47:51
743556,REP.VP.2012.PALIN,Sarah Palin to be Republican VP nominee in 2012,1,7.1,Jul/03/2011 03:47:51
743556,REP.VP.2012.PALIN,Sarah Palin to be Republican VP nominee in 2012,1,7.9,Jul/03/2011 05:42:58
743556,REP.VP.2012.PALIN,Sarah Palin to be Republican VP nominee in 2012,1,7.8,Jul/03/2011 21:15:26
743556,REP.VP.2012.PALIN,Sarah Palin to be Republican VP nominee in 2012,9,7.8,Jul/03/2011 21:15:26
743556,REP.VP.2012.PALIN,Sarah Palin to be Republican VP nominee in 2012,24,5.5,Jul/23/2011 23:58:28
743556,REP.VP.2012.PALIN,Sarah Palin to be Republican VP nominee in 2012,26,5.5,Jul/27/2011 16:09:59
743556,REP.VP.2012.PALIN,Sarah Palin to be Republican VP nominee in 2012,10,6.5,Jul/27/2011 16:10:24
743556,REP.VP.2012.PALIN,Sarah Palin to be Republican VP nominee in 2012,1,9.0,Jul/27/2011 17:30:03
743556,REP.VP.2012.PALIN,Sarah Palin to be Republican VP nominee in 2012,2,7.0,Jul/28/2011 04:41:27
743556,REP.VP.2012.PALIN,Sarah Palin to be Republican VP nominee in 2012,8,7.0,Jul/28/2011 19:26:41
743556,REP.VP.2012.PALIN,Sarah Palin to be Republican VP nominee in 2012,2,7.0,Jul/29/2011 02:34:53
743556,REP.VP.2012.PALIN,Sarah Palin to be Republican VP nominee in 2012,1,9.0,Jul/29/2011 02:34:57
743556,REP.VP.2012.PALIN,Sarah Palin to be Republican VP nominee in 2012,2,8.8,Aug/01/2011 02:00:00
743556,REP.VP.2012.PALIN,Sarah Palin to be Republican VP nominee in 2012,1,2.0,Aug/03/2011 09:37:21
743556,REP.VP.2012.PALIN,Sarah Palin to be Republican VP nominee in 2012,1,7.9,Aug/03/2011 15:36:18
743556,REP.VP.2012.PALIN,Sarah Palin to be Republican VP nominee in 2012,5,4.9,Aug/04/2011 17:44:56
743556,REP.VP.2012.PALIN,Sarah Palin to be Republican VP nominee in 2012,1,7.0,Aug/04/2011 18:29:52
743556,REP.VP.2012.PALIN,Sarah Palin to be Republican VP nominee in 2012,1,7.0,Aug/06/2011 19:24:43
743556,REP.VP.2012.PALIN,Sarah Palin to be Republican VP nominee in 2012,1,5.4,Aug/07/2011 07:06:30
743556,REP.VP.2012.PALIN,Sarah Palin to be Republican VP nominee in 2012,1,5.5,Aug/07/2011 07:06:30
743556,REP.VP.2012.PALIN,Sarah Palin to be Republican VP nominee in 2012,1,5.6,Aug/07/2011 07:06:30
743556,REP.VP.2012.PALIN,Sarah Palin to be Republican VP nominee in 2012,1,5.7,Aug/07/2011 07:06:30
743556,REP.VP.2012.PALIN,Sarah Palin to be Republican VP nominee in 2012,1,5.8,Aug/07/2011 07:06:30
743556,REP.VP.2012.PALIN,Sarah Palin to be Republican VP nominee in 2012,3,6.8,Aug/08/2011 16:25:38
743556,REP.VP.2012.PALIN,Sarah Palin to be Republican VP nominee in 2012,10,6.9,Aug/08/2011 16:25:57
743556,REP.VP.2012.PALIN,Sarah Palin to be Republican VP nominee in 2012,4,7.0,Aug/08/2011 16:26:23
743556,REP.VP.2012.PALIN,Sarah Palin to be Republican VP nominee in 2012,10,7.0,Aug/08/2011 16:26:23
743556,REP.VP.2012.PALIN,Sarah Palin to be Republican VP nominee in 2012,9,7.9,Aug/08/2011 16:26:44
743556,REP.VP.2012.PALIN,Sarah Palin to be Republican VP nominee in 2012,3,9.0,Aug/08/2011 16:27:05
743556,REP.VP.2012.PALIN,Sarah Palin to be Republican VP nominee in 2012,5,9.0,Aug/08/2011 16:27:05
743556,REP.VP.2012.PALIN,Sarah Palin to be Republican VP nominee in 2012,1,5.3,Aug/08/2011 16:40:18
743556,REP.VP.2012.PALIN,Sarah Palin to be Republican VP nominee in 2012,1,5.3,Aug/10/2011 22:52:09
743556,REP.VP.2012.PALIN,Sarah Palin to be Republican VP nominee in 2012,1,5.4,Aug/10/2011 22:52:09
743556,REP.VP.2012.PALIN,Sarah Palin to be Republican VP nominee in 2012,1,5.5,Aug/10/2011 22:52:09
743556,REP.VP.2012.PALIN,Sarah Palin to be Republican VP nominee in 2012,1,2.7,Aug/11/2011 01:02:57
743556,REP.VP.2012.PALIN,Sarah Palin to be Republican VP nominee in 2012,1,8.3,Aug/11/2011 01:08:32
743556,REP.VP.2012.PALIN,Sarah Palin to be Republican VP nominee in 2012,1,2.9,Aug/11/2011 15:10:43
743556,REP.VP.2012.PALIN,Sarah Palin to be Republican VP nominee in 2012,1,7.3,Aug/11/2011 16:16:45
743556,REP.VP.2012.PALIN,Sarah Palin to be Republican VP nominee in 2012,5,3.5,Aug/12/2011 16:39:12
743556,REP.VP.2012.PALIN,Sarah Palin to be Republican VP nominee in 2012,10,3.5,Aug/12/2011 16:40:49
743556,REP.VP.2012.PALIN,Sarah Palin to be Republican VP nominee in 2012,2,3.1,Aug/12/2011 16:42:49
743556,REP.VP.2012.PALIN,Sarah Palin to be Republican VP nominee in 2012,1,6.6,Aug/14/2011 02:31:54
743556,REP.VP.2012.PALIN,Sarah Palin to be Republican VP nominee in 2012,1,6.6,Aug/15/2011 03:27:49
743556,REP.VP.2012.PALIN,Sarah Palin to be Republican VP nominee in 2012,1,6.6,Aug/15/2011 03:27:49
743556,REP.VP.2012.PALIN,Sarah Palin to be Republican VP nominee in 2012,1,6.6,Aug/15/2011 17:30:37
743556,REP.VP.2012.PALIN,Sarah Palin to be Republican VP nominee in 2012,1,6.5,Aug/15/2011 17:47:51
743556,REP.VP.2012.PALIN,Sarah Palin to be Republican VP nominee in 2012,1,6.0,Aug/16/2011 21:53:36
743556,REP.VP.2012.PALIN,Sarah Palin to be Republican VP nominee in 2012,2,3.3,Aug/26/2011 15:16:09
743556,REP.VP.2012.PALIN,Sarah Palin to be Republican VP nominee in 2012,2,3.3,Aug/27/2011 00:53:56
743556,REP.VP.2012.PALIN,Sarah Palin to be Republican VP nominee in 2012,10,4.8,Aug/31/2011 20:09:19
743556,REP.VP.2012.PALIN,Sarah Palin to be Republican VP nominee in 2012,1,3.3,Sep/03/2011 03:31:32
743556,REP.VP.2012.PALIN,Sarah Palin to be Republican VP nominee in 2012,4,2.7,Sep/06/2011 03:13:42
743556,REP.VP.2012.PALIN,Sarah Palin to be Republican VP nominee in 2012,1,2.9,Sep/06/2011 03:13:42
743556,REP.VP.2012.PALIN,Sarah Palin to be Republican VP nominee in 2012,1,3.1,Sep/06/2011 03:13:42
743556,REP.VP.2012.PALIN,Sarah Palin to be Republican VP nominee in 2012,5,2.6,Sep/12/2011 01:10:57
743556,REP.VP.2012.PALIN,Sarah Palin to be Republican VP nominee in 2012,5,2.6,Sep/12/2011 01:10:57
743556,REP.VP.2012.PALIN,Sarah Palin to be Republican VP nominee in 2012,10,2.9,Sep/12/2011 22:13:47
743556,REP.VP.2012.PALIN,Sarah Palin to be Republican VP nominee in 2012,1,2.9,Sep/15/2011 20:04:51
743556,REP.VP.2012.PALIN,Sarah Palin to be Republican VP nominee in 2012,2,2.9,Sep/15/2011 22:09:48
743556,REP.VP.2012.PALIN,Sarah Palin to be Republican VP nominee in 2012,9,3.0,Sep/19/2011 18:28:48
743556,REP.VP.2012.PALIN,Sarah Palin to be Republican VP nominee in 2012,50,2.5,Sep/23/2011 04:52:13
743556,REP.VP.2012.PALIN,Sarah Palin to be Republican VP nominee in 2012,20,1.7,Sep/23/2011 04:52:35
743556,REP.VP.2012.PALIN,Sarah Palin to be Republican VP nominee in 2012,20,2.0,Oct/05/2011 00:06:20
743556,REP.VP.2012.PALIN,Sarah Palin to be Republican VP nominee in 2012,1,2.0,Oct/05/2011 00:06:20
743556,REP.VP.2012.PALIN,Sarah Palin to be Republican VP nominee in 2012,5,2.4,Oct/05/2011 00:06:41
743556,REP.VP.2012.PALIN,Sarah Palin to be Republican VP nominee in 2012,20,2.5,Oct/05/2011 00:06:56
743556,REP.VP.2012.PALIN,Sarah Palin to be Republican VP nominee in 2012,1,2.8,Oct/05/2011 00:07:06
743556,REP.VP.2012.PALIN,Sarah Palin to be Republican VP nominee in 2012,5,2.9,Oct/05/2011 00:07:18
743556,REP.VP.2012.PALIN,Sarah Palin to be Republican VP nominee in 2012,11,3.0,Oct/05/2011 00:07:43
743556,REP.VP.2012.PALIN,Sarah Palin to be Republican VP nominee in 2012,1,3.0,Oct/05/2011 00:07:43
743556,REP.VP.2012.PALIN,Sarah Palin to be Republican VP nominee in 2012,2,3.0,Oct/05/2011 00:07:43
743556,REP.VP.2012.PALIN,Sarah Palin to be Republican VP nominee in 2012,1,3.0,Oct/05/2011 00:07:43
743556,REP.VP.2012.PALIN,Sarah Palin to be Republican VP nominee in 2012,10,3.5,Oct/05/2011 00:08:10
743556,REP.VP.2012.PALIN,Sarah Palin to be Republican VP nominee in 2012,20,4.0,Oct/05/2011 00:08:42
743556,REP.VP.2012.PALIN,Sarah Palin to be Republican VP nominee in 2012,20,4.0,Oct/05/2011 00:08:42
743556,REP.VP.2012.PALIN,Sarah Palin to be Republican VP nominee in 2012,1,4.0,Oct/05/2011 00:08:42
743556,REP.VP.2012.PALIN,Sarah Palin to be Republican VP nominee in 2012,14,4.5,Oct/05/2011 00:09:13
743556,REP.VP.2012.PALIN,Sarah Palin to be Republican VP nominee in 2012,10,4.5,Oct/05/2011 00:09:13
743556,REP.VP.2012.PALIN,Sarah Palin to be Republican VP nominee in 2012,1,4.8,Oct/05/2011 00:09:38
743556,REP.VP.2012.PALIN,Sarah Palin to be Republican VP nominee in 2012,10,5.0,Oct/05/2011 00:10:06
743556,REP.VP.2012.PALIN,Sarah Palin to be Republican VP nominee in 2012,10,5.0,Oct/05/2011 00:10:06
743556,REP.VP.2012.PALIN,Sarah Palin to be Republican VP nominee in 2012,20,5.0,Oct/05/2011 00:10:06
743556,REP.VP.2012.PALIN,Sarah Palin to be Republican VP nominee in 2012,20,5.0,Oct/05/2011 00:10:06
743556,REP.VP.2012.PALIN,Sarah Palin to be Republican VP nominee in 2012,20,5.0,Oct/05/2011 00:10:06
743556,REP.VP.2012.PALIN,Sarah Palin to be Republican VP nominee in 2012,1,5.0,Oct/05/2011 00:10:06
743556,REP.VP.2012.PALIN,Sarah Palin to be Republican VP nominee in 2012,10,5.9,Oct/05/2011 00:10:19
743556,REP.VP.2012.PALIN,Sarah Palin to be Republican VP nominee in 2012,1,5.9,Oct/05/2011 00:10:19
743556,REP.VP.2012.PALIN,Sarah Palin to be Republican VP nominee in 2012,5,6.0,Oct/05/2011 00:10:46
743556,REP.VP.2012.PALIN,Sarah Palin to be Republican VP nominee in 2012,10,6.0,Oct/05/2011 00:10:46
743556,REP.VP.2012.PALIN,Sarah Palin to be Republican VP nominee in 2012,20,6.0,Oct/05/2011 00:10:46
743556,REP.VP.2012.PALIN,Sarah Palin to be Republican VP nominee in 2012,9,6.5,Oct/05/2011 00:11:19
743556,REP.VP.2012.PALIN,Sarah Palin to be Republican VP nominee in 2012,2,6.7,Oct/05/2011 00:11:51
743556,REP.VP.2012.PALIN,Sarah Palin to be Republican VP nominee in 2012,10,7.0,Oct/05/2011 00:12:21
743556,REP.VP.2012.PALIN,Sarah Palin to be Republican VP nominee in 2012,10,7.0,Oct/05/2011 00:12:21
743556,REP.VP.2012.PALIN,Sarah Palin to be Republican VP nominee in 2012,20,7.0,Oct/05/2011 00:12:21
743556,REP.VP.2012.PALIN,Sarah Palin to be Republican VP nominee in 2012,10,7.5,Oct/05/2011 00:12:48
743556,REP.VP.2012.PALIN,Sarah Palin to be Republican VP nominee in 2012,5,7.8,Oct/05/2011 00:13:18
743556,REP.VP.2012.PALIN,Sarah Palin to be Republican VP nominee in 2012,10,8.0,Oct/05/2011 00:13:31
743556,REP.VP.2012.PALIN,Sarah Palin to be Republican VP nominee in 2012,1,8.3,Oct/05/2011 00:13:54
743556,REP.VP.2012.PALIN,Sarah Palin to be Republican VP nominee in 2012,1,8.8,Oct/05/2011 00:14:14
743556,REP.VP.2012.PALIN,Sarah Palin to be Republican VP nominee in 2012,10,8.9,Oct/05/2011 00:14:39
743556,REP.VP.2012.PALIN,Sarah Palin to be Republican VP nominee in 2012,1,9.0,Oct/05/2011 00:15:07
743556,REP.VP.2012.PALIN,Sarah Palin to be Republican VP nominee in 2012,10,9.0,Oct/05/2011 00:15:07
743556,REP.VP.2012.PALIN,Sarah Palin to be Republican VP nominee in 2012,5,9.9,Oct/05/2011 00:15:18
743556,REP.VP.2012.PALIN,Sarah Palin to be Republican VP nominee in 2012,10,9.9,Oct/05/2011 00:15:18
743556,REP.VP.2012.PALIN,Sarah Palin to be Republican VP nominee in 2012,1,10.0,Oct/05/2011 00:15:42
743556,REP.VP.2012.PALIN,Sarah Palin to be Republican VP nominee in 2012,20,10.0,Oct/05/2011 00:15:42
743556,REP.VP.2012.PALIN,Sarah Palin to be Republican VP nominee in 2012,20,10.0,Oct/05/2011 00:15:42
743556,REP.VP.2012.PALIN,Sarah Palin to be Republican VP nominee in 2012,1,11.0,Oct/05/2011 00:15:52
743556,REP.VP.2012.PALIN,Sarah Palin to be Republican VP nominee in 2012,10,11.9,Oct/05/2011 00:16:11
743556,REP.VP.2012.PALIN,Sarah Palin to be Republican VP nominee in 2012,1,12.0,Oct/05/2011 00:16:37
743556,REP.VP.2012.PALIN,Sarah Palin to be Republican VP nominee in 2012,20,12.0,Oct/05/2011 00:16:37
743556,REP.VP.2012.PALIN,Sarah Palin to be Republican VP nominee in 2012,5,12.9,Oct/05/2011 00:17:03
743556,REP.VP.2012.PALIN,Sarah Palin to be Republican VP nominee in 2012,1,13.0,Oct/05/2011 00:17:10
743556,REP.VP.2012.PALIN,Sarah Palin to be Republican VP nominee in 2012,1,14.0,Oct/05/2011 00:17:29
743556,REP.VP.2012.PALIN,Sarah Palin to be Republican VP nominee in 2012,10,14.9,Oct/05/2011 00:17:51
743556,REP.VP.2012.PALIN,Sarah Palin to be Republican VP nominee in 2012,1,15.0,Oct/05/2011 00:18:14
743556,REP.VP.2012.PALIN,Sarah Palin to be Republican VP nominee in 2012,10,19.9,Oct/05/2011 00:18:45
743556,REP.VP.2012.PALIN,Sarah Palin to be Republican VP nominee in 2012,10,24.9,Oct/05/2011 00:19:07
743556,REP.VP.2012.PALIN,Sarah Palin to be Republican VP nominee in 2012,10,29.9,Oct/05/2011 00:19:33
743556,REP.VP.2012.PALIN,Sarah Palin to be Republican VP nominee in 2012,1,11.0,Oct/05/2011 00:21:45
743556,REP.VP.2012.PALIN,Sarah Palin to be Republican VP nominee in 2012,10,11.9,Oct/05/2011 00:21:45
743556,REP.VP.2012.PALIN,Sarah Palin to be Republican VP nominee in 2012,21,12.0,Oct/05/2011 00:21:45
743556,REP.VP.2012.PALIN,Sarah Palin to be Republican VP nominee in 2012,1,13.0,Oct/05/2011 00:21:45
743556,REP.VP.2012.PALIN,Sarah Palin to be Republican VP nominee in 2012,1,14.0,Oct/05/2011 00:21:45
743556,REP.VP.2012.PALIN,Sarah Palin to be Republican VP nominee in 2012,10,14.9,Oct/05/2011 00:21:45
743556,REP.VP.2012.PALIN,Sarah Palin to be Republican VP nominee in 2012,1,15.0,Oct/05/2011 00:21:45
743556,REP.VP.2012.PALIN,Sarah Palin to be Republican VP nominee in 2012,10,19.9,Oct/05/2011 00:21:45
743556,REP.VP.2012.PALIN,Sarah Palin to be Republican VP nominee in 2012,10,24.9,Oct/05/2011 00:21:45
743556,REP.VP.2012.PALIN,Sarah Palin to be Republican VP nominee in 2012,2,9.9,Oct/05/2011 00:33:02
743556,REP.VP.2012.PALIN,Sarah Palin to be Republican VP nominee in 2012,13,9.9,Oct/05/2011 01:29:25
743556,REP.VP.2012.PALIN,Sarah Palin to be Republican VP nominee in 2012,10,8.9,Oct/05/2011 01:48:02
743556,REP.VP.2012.PALIN,Sarah Palin to be Republican VP nominee in 2012,1,8.3,Oct/05/2011 03:23:03
743556,REP.VP.2012.PALIN,Sarah Palin to be Republican VP nominee in 2012,1,8.8,Oct/05/2011 03:23:03
743556,REP.VP.2012.PALIN,Sarah Palin to be Republican VP nominee in 2012,10,8.0,Oct/05/2011 03:54:18
743556,REP.VP.2012.PALIN,Sarah Palin to be Republican VP nominee in 2012,10,7.5,Oct/05/2011 05:27:34
743556,REP.VP.2012.PALIN,Sarah Palin to be Republican VP nominee in 2012,7,7.6,Oct/05/2011 05:27:34
743556,REP.VP.2012.PALIN,Sarah Palin to be Republican VP nominee in 2012,40,7.0,Oct/05/2011 05:27:47
743556,REP.VP.2012.PALIN,Sarah Palin to be Republican VP nominee in 2012,11,5.9,Oct/05/2011 05:28:07
743556,REP.VP.2012.PALIN,Sarah Palin to be Republican VP nominee in 2012,35,6.0,Oct/05/2011 05:28:07
743556,REP.VP.2012.PALIN,Sarah Palin to be Republican VP nominee in 2012,9,6.5,Oct/05/2011 05:28:07
743556,REP.VP.2012.PALIN,Sarah Palin to be Republican VP nominee in 2012,2,6.7,Oct/05/2011 05:28:07
743556,REP.VP.2012.PALIN,Sarah Palin to be Republican VP nominee in 2012,1,4.8,Oct/05/2011 18:21:06
743556,REP.VP.2012.PALIN,Sarah Palin to be Republican VP nominee in 2012,10,4.5,Oct/05/2011 20:31:26
743556,REP.VP.2012.PALIN,Sarah Palin to be Republican VP nominee in 2012,41,4.0,Oct/05/2011 22:54:39
743556,REP.VP.2012.PALIN,Sarah Palin to be Republican VP nominee in 2012,14,4.5,Oct/05/2011 22:54:39
743556,REP.VP.2012.PALIN,Sarah Palin to be Republican VP nominee in 2012,1,4.0,Oct/05/2011 23:34:59
743556,REP.VP.2012.PALIN,Sarah Palin to be Republican VP nominee in 2012,1,3.0,Oct/05/2011 23:35:11
743556,REP.VP.2012.PALIN,Sarah Palin to be Republican VP nominee in 2012,1,2.1,Oct/05/2011 23:35:34
743556,REP.VP.2012.PALIN,Sarah Palin to be Republican VP nominee in 2012,1,2.1,Oct/05/2011 23:36:08
743556,REP.VP.2012.PALIN,Sarah Palin to be Republican VP nominee in 2012,1,3.0,Oct/05/2011 23:40:31
743556,REP.VP.2012.PALIN,Sarah Palin to be Republican VP nominee in 2012,1,4.0,Oct/05/2011 23:42:22
743556,REP.VP.2012.PALIN,Sarah Palin to be Republican VP nominee in 2012,1,3.0,Oct/05/2011 23:42:30
743556,REP.VP.2012.PALIN,Sarah Palin to be Republican VP nominee in 2012,1,2.5,Oct/05/2011 23:42:44
743556,REP.VP.2012.PALIN,Sarah Palin to be Republican VP nominee in 2012,50,2.4,Oct/05/2011 23:43:09
743556,REP.VP.2012.PALIN,Sarah Palin to be Republican VP nominee in 2012,1,2.1,Oct/05/2011 23:44:33
743556,REP.VP.2012.PALIN,Sarah Palin to be Republican VP nominee in 2012,1,2.5,Oct/05/2011 23:45:53
743556,REP.VP.2012.PALIN,Sarah Palin to be Republican VP nominee in 2012,1,2.8,Oct/09/2011 23:21:10
743556,REP.VP.2012.PALIN,Sarah Palin to be Republican VP nominee in 2012,10,2.9,Oct/12/2011 02:34:52
743556,REP.VP.2012.PALIN,Sarah Palin to be Republican VP nominee in 2012,8,2.8,Oct/12/2011 02:36:00
743556,REP.VP.2012.PALIN,Sarah Palin to be Republican VP nominee in 2012,1,2.9,Oct/12/2011 07:05:57
743556,REP.VP.2012.PALIN,Sarah Palin to be Republican VP nominee in 2012,1,2.9,Oct/12/2011 11:22:37
743556,REP.VP.2012.PALIN,Sarah Palin to be Republican VP nominee in 2012,2,2.9,Oct/12/2011 11:22:48
743556,REP.VP.2012.PALIN,Sarah Palin to be Republican VP nominee in 2012,2,2.9,Oct/12/2011 11:24:26
743556,REP.VP.2012.PALIN,Sarah Palin to be Republican VP nominee in 2012,4,2.9,Oct/12/2011 11:24:31
743556,REP.VP.2012.PALIN,Sarah Palin to be Republican VP nominee in 2012,1,2.8,Oct/12/2011 11:25:38
743556,REP.VP.2012.PALIN,Sarah Palin to be Republican VP nominee in 2012,5,2.8,Oct/12/2011 11:25:38
743556,REP.VP.2012.PALIN,Sarah Palin to be Republican VP nominee in 2012,10,2.8,Oct/12/2011 11:27:30
743556,REP.VP.2012.PALIN,Sarah Palin to be Republican VP nominee in 2012,10,2.6,Oct/18/2011 21:31:58
743556,REP.VP.2012.PALIN,Sarah Palin to be Republican VP nominee in 2012,35,2.8,Oct/18/2011 21:31:58
743556,REP.VP.2012.PALIN,Sarah Palin to be Republican VP nominee in 2012,4,2.9,Oct/18/2011 21:31:58
743556,REP.VP.2012.PALIN,Sarah Palin to be Republican VP nominee in 2012,1,2.5,Oct/18/2011 21:31:58
743556,REP.VP.2012.PALIN,Sarah Palin to be Republican VP nominee in 2012,3,2.5,Oct/19/2011 23:27:11
743556,REP.VP.2012.PALIN,Sarah Palin to be Republican VP nominee in 2012,11,2.4,Oct/21/2011 22:49:57
743556,REP.VP.2012.PALIN,Sarah Palin to be Republican VP nominee in 2012,1,3.0,Oct/22/2011 11:14:29
743556,REP.VP.2012.PALIN,Sarah Palin to be Republican VP nominee in 2012,1,2.4,Oct/22/2011 22:02:21
743556,REP.VP.2012.PALIN,Sarah Palin to be Republican VP nominee in 2012,10,2.4,Oct/22/2011 23:52:12
743556,REP.VP.2012.PALIN,Sarah Palin to be Republican VP nominee in 2012,10,2.4,Oct/22/2011 23:52:31
743556,REP.VP.2012.PALIN,Sarah Palin to be Republican VP nominee in 2012,1,2.4,Oct/23/2011 10:44:09
743556,REP.VP.2012.PALIN,Sarah Palin to be Republican VP nominee in 2012,1,2.4,Oct/23/2011 10:50:40
743556,REP.VP.2012.PALIN,Sarah Palin to be Republican VP nominee in 2012,2,2.4,Oct/23/2011 11:47:14
743556,REP.VP.2012.PALIN,Sarah Palin to be Republican VP nominee in 2012,7,2.4,Oct/23/2011 14:07:30
743556,REP.VP.2012.PALIN,Sarah Palin to be Republican VP nominee in 2012,1,2.4,Oct/23/2011 14:10:43
743556,REP.VP.2012.PALIN,Sarah Palin to be Republican VP nominee in 2012,1,2.4,Oct/23/2011 14:17:41
743556,REP.VP.2012.PALIN,Sarah Palin to be Republican VP nominee in 2012,1,2.4,Oct/23/2011 14:18:34
743556,REP.VP.2012.PALIN,Sarah Palin to be Republican VP nominee in 2012,2,2.4,Oct/23/2011 14:19:18
743556,REP.VP.2012.PALIN,Sarah Palin to be Republican VP nominee in 2012,2,2.4,Oct/23/2011 15:15:03
743556,REP.VP.2012.PALIN,Sarah Palin to be Republican VP nominee in 2012,8,2.4,Oct/23/2011 15:15:03
743556,REP.VP.2012.PALIN,Sarah Palin to be Republican VP nominee in 2012,3,2.4,Oct/23/2011 15:16:15
743556,REP.VP.2012.PALIN,Sarah Palin to be Republican VP nominee in 2012,7,2.4,Oct/23/2011 15:16:15
743556,REP.VP.2012.PALIN,Sarah Palin to be Republican VP nominee in 2012,10,2.4,Oct/23/2011 15:31:46
743556,REP.VP.2012.PALIN,Sarah Palin to be Republican VP nominee in 2012,4,2.4,Oct/25/2011 00:26:37
743556,REP.VP.2012.PALIN,Sarah Palin to be Republican VP nominee in 2012,16,2.4,Oct/25/2011 00:26:37
743556,REP.VP.2012.PALIN,Sarah Palin to be Republican VP nominee in 2012,30,2.4,Oct/25/2011 20:03:10
743556,REP.VP.2012.PALIN,Sarah Palin to be Republican VP nominee in 2012,3,2.3,Nov/08/2011 05:13:00
743556,REP.VP.2012.PALIN,Sarah Palin to be Republican VP nominee in 2012,50,2.5,Nov/10/2011 03:42:28
743556,REP.VP.2012.PALIN,Sarah Palin to be Republican VP nominee in 2012,1,2.8,Nov/15/2011 15:36:07
743556,REP.VP.2012.PALIN,Sarah Palin to be Republican VP nominee in 2012,1,2.5,Nov/26/2011 05:11:41
743556,REP.VP.2012.PALIN,Sarah Palin to be Republican VP nominee in 2012,1,2.5,Nov/28/2011 05:26:09
743556,REP.VP.2012.PALIN,Sarah Palin to be Republican VP nominee in 2012,1,2.1,Dec/02/2011 04:16:19
743556,REP.VP.2012.PALIN,Sarah Palin to be Republican VP nominee in 2012,4,2.0,Dec/02/2011 04:16:19
743556,REP.VP.2012.PALIN,Sarah Palin to be Republican VP nominee in 2012,1,2.2,Dec/02/2011 04:16:19
743556,REP.VP.2012.PALIN,Sarah Palin to be Republican VP nominee in 2012,44,2.0,Dec/02/2011 20:24:03
743556,REP.VP.2012.PALIN,Sarah Palin to be Republican VP nominee in 2012,19,2.0,Dec/03/2011 16:26:51
743556,REP.VP.2012.PALIN,Sarah Palin to be Republican VP nominee in 2012,40,1.0,Dec/29/2011 02:50:17
743556,REP.VP.2012.PALIN,Sarah Palin to be Republican VP nominee in 2012,10,1.1,Dec/29/2011 02:50:17
743556,REP.VP.2012.PALIN,Sarah Palin to be Republican VP nominee in 2012,38,1.5,Dec/31/2011 03:54:32
743556,REP.VP.2012.PALIN,Sarah Palin to be Republican VP nominee in 2012,2,1.4,Dec/31/2011 03:54:32
743556,REP.VP.2012.PALIN,Sarah Palin to be Republican VP nominee in 2012,12,1.5,Jan/02/2012 19:20:36
743556,REP.VP.2012.PALIN,Sarah Palin to be Republican VP nominee in 2012,4,1.0,Jan/04/2012 19:23:43
743556,REP.VP.2012.PALIN,Sarah Palin to be Republican VP nominee in 2012,9,0.9,Jan/04/2012 19:29:41
743556,REP.VP.2012.PALIN,Sarah Palin to be Republican VP nominee in 2012,8,0.9,Jan/09/2012 14:22:12
743556,REP.VP.2012.PALIN,Sarah Palin to be Republican VP nominee in 2012,46,1.0,Jan/11/2012 19:28:45
743556,REP.VP.2012.PALIN,Sarah Palin to be Republican VP nominee in 2012,50,1.0,Jan/11/2012 19:28:45
743556,REP.VP.2012.PALIN,Sarah Palin to be Republican VP nominee in 2012,1,1.0,Jan/11/2012 19:28:45
743556,REP.VP.2012.PALIN,Sarah Palin to be Republican VP nominee in 2012,2,1.3,Jan/11/2012 19:33:24
743556,REP.VP.2012.PALIN,Sarah Palin to be Republican VP nominee in 2012,1,1.3,Jan/11/2012 19:33:24
743556,REP.VP.2012.PALIN,Sarah Palin to be Republican VP nominee in 2012,3,1.4,Jan/11/2012 19:33:57
743556,REP.VP.2012.PALIN,Sarah Palin to be Republican VP nominee in 2012,1,1.4,Jan/11/2012 19:33:57
743556,REP.VP.2012.PALIN,Sarah Palin to be Republican VP nominee in 2012,50,1.5,Jan/11/2012 19:34:30
743556,REP.VP.2012.PALIN,Sarah Palin to be Republican VP nominee in 2012,2,1.9,Jan/11/2012 19:35:19
743556,REP.VP.2012.PALIN,Sarah Palin to be Republican VP nominee in 2012,5,1.9,Jan/11/2012 19:35:19
743556,REP.VP.2012.PALIN,Sarah Palin to be Republican VP nominee in 2012,50,1.9,Jan/11/2012 19:35:19
743556,REP.VP.2012.PALIN,Sarah Palin to be Republican VP nominee in 2012,50,2.0,Jan/11/2012 19:35:49
743556,REP.VP.2012.PALIN,Sarah Palin to be Republican VP nominee in 2012,1,2.0,Jan/11/2012 19:35:49
743556,REP.VP.2012.PALIN,Sarah Palin to be Republican VP nominee in 2012,50,2.0,Jan/11/2012 19:35:49
743556,REP.VP.2012.PALIN,Sarah Palin to be Republican VP nominee in 2012,10,2.4,Jan/11/2012 19:36:44
743556,REP.VP.2012.PALIN,Sarah Palin to be Republican VP nominee in 2012,2,2.4,Jan/11/2012 19:36:44
743556,REP.VP.2012.PALIN,Sarah Palin to be Republican VP nominee in 2012,48,2.5,Jan/11/2012 19:37:00
743556,REP.VP.2012.PALIN,Sarah Palin to be Republican VP nominee in 2012,15,2.7,Jan/11/2012 19:37:30
743556,REP.VP.2012.PALIN,Sarah Palin to be Republican VP nominee in 2012,4,1.5,Jan/17/2012 03:58:19
743556,REP.VP.2012.PALIN,Sarah Palin to be Republican VP nominee in 2012,20,1.5,Jan/17/2012 22:21:43
743556,REP.VP.2012.PALIN,Sarah Palin to be Republican VP nominee in 2012,26,1.5,Jan/17/2012 23:06:34
743556,REP.VP.2012.PALIN,Sarah Palin to be Republican VP nominee in 2012,4,1.4,Jan/18/2012 01:32:11
743556,REP.VP.2012.PALIN,Sarah Palin to be Republican VP nominee in 2012,1,1.1,Jan/18/2012 03:42:12
743556,REP.VP.2012.PALIN,Sarah Palin to be Republican VP nominee in 2012,3,1.1,Jan/18/2012 04:36:12
743556,REP.VP.2012.PALIN,Sarah Palin to be Republican VP nominee in 2012,48,0.9,Jan/18/2012 23:02:27
743556,REP.VP.2012.PALIN,Sarah Palin to be Republican VP nominee in 2012,2,1.0,Jan/18/2012 23:02:27
743556,REP.VP.2012.PALIN,Sarah Palin to be Republican VP nominee in 2012,48,1.0,Jan/19/2012 18:55:15
743556,REP.VP.2012.PALIN,Sarah Palin to be Republican VP nominee in 2012,1,1.0,Jan/19/2012 18:55:15
743556,REP.VP.2012.PALIN,Sarah Palin to be Republican VP nominee in 2012,20,1.1,Jan/19/2012 18:55:57
743556,REP.VP.2012.PALIN,Sarah Palin to be Republican VP nominee in 2012,10,1.2,Jan/20/2012 04:08:00
743556,REP.VP.2012.PALIN,Sarah Palin to be Republican VP nominee in 2012,1,0.9,Jan/20/2012 06:25:04
743556,REP.VP.2012.PALIN,Sarah Palin to be Republican VP nominee in 2012,5,1.3,Jan/21/2012 22:31:04
743556,REP.VP.2012.PALIN,Sarah Palin to be Republican VP nominee in 2012,2,1.3,Jan/22/2012 00:36:44
743556,REP.VP.2012.PALIN,Sarah Palin to be Republican VP nominee in 2012,6,1.0,Jan/23/2012 01:49:30
743556,REP.VP.2012.PALIN,Sarah Palin to be Republican VP nominee in 2012,2,1.0,Jan/23/2012 01:49:30
743556,REP.VP.2012.PALIN,Sarah Palin to be Republican VP nominee in 2012,20,0.9,Jan/23/2012 01:50:06
743556,REP.VP.2012.PALIN,Sarah Palin to be Republican VP nominee in 2012,14,0.9,Jan/23/2012 01:50:24
743556,REP.VP.2012.PALIN,Sarah Palin to be Republican VP nominee in 2012,6,0.9,Jan/23/2012 01:50:24
743556,REP.VP.2012.PALIN,Sarah Palin to be Republican VP nominee in 2012,5,1.0,Jan/23/2012 03:50:20
743556,REP.VP.2012.PALIN,Sarah Palin to be Republican VP nominee in 2012,31,0.9,Jan/23/2012 19:31:02
743556,REP.VP.2012.PALIN,Sarah Palin to be Republican VP nominee in 2012,10,1.0,Jan/24/2012 15:59:39
743556,REP.VP.2012.PALIN,Sarah Palin to be Republican VP nominee in 2012,28,0.9,Jan/25/2012 04:35:21
743556,REP.VP.2012.PALIN,Sarah Palin to be Republican VP nominee in 2012,2,0.8,Jan/27/2012 01:15:36
743556,REP.VP.2012.PALIN,Sarah Palin to be Republican VP nominee in 2012,7,0.8,Jan/27/2012 01:15:36
743556,REP.VP.2012.PALIN,Sarah Palin to be Republican VP nominee in 2012,2,0.7,Jan/27/2012 01:29:38
743556,REP.VP.2012.PALIN,Sarah Palin to be Republican VP nominee in 2012,7,0.7,Jan/27/2012 01:29:38
743556,REP.VP.2012.PALIN,Sarah Palin to be Republican VP nominee in 2012,15,0.5,Jan/27/2012 01:51:25
743556,REP.VP.2012.PALIN,Sarah Palin to be Republican VP nominee in 2012,8,0.6,Jan/27/2012 01:51:25
743556,REP.VP.2012.PALIN,Sarah Palin to be Republican VP nominee in 2012,7,0.6,Jan/27/2012 01:51:25
743556,REP.VP.2012.PALIN,Sarah Palin to be Republican VP nominee in 2012,7,0.5,Jan/27/2012 01:51:25
743556,REP.VP.2012.PALIN,Sarah Palin to be Republican VP nominee in 2012,3,0.5,Jan/27/2012 03:13:22
743556,REP.VP.2012.PALIN,Sarah Palin to be Republican VP nominee in 2012,22,0.3,Jan/29/2012 23:08:52
743556,REP.VP.2012.PALIN,Sarah Palin to be Republican VP nominee in 2012,1,0.1,Jan/31/2012 19:51:01
743556,REP.VP.2012.PALIN,Sarah Palin to be Republican VP nominee in 2012,9,0.1,Feb/01/2012 03:11:33
743556,REP.VP.2012.PALIN,Sarah Palin to be Republican VP nominee in 2012,1,0.1,Feb/01/2012 03:11:33
743556,REP.VP.2012.PALIN,Sarah Palin to be Republican VP nominee in 2012,90,0.1,Feb/01/2012 03:11:33
743556,REP.VP.2012.PALIN,Sarah Palin to be Republican VP nominee in 2012,1,0.1,Feb/03/2012 10:23:05
743556,REP.VP.2012.PALIN,Sarah Palin to be Republican VP nominee in 2012,2,0.2,Feb/03/2012 22:54:03
743556,REP.VP.2012.PALIN,Sarah Palin to be Republican VP nominee in 2012,1,0.2,Feb/03/2012 22:54:03
743556,REP.VP.2012.PALIN,Sarah Palin to be Republican VP nominee in 2012,3,0.3,Feb/04/2012 19:58:05
743556,REP.VP.2012.PALIN,Sarah Palin to be Republican VP nominee in 2012,19,0.1,Feb/07/2012 15:45:44
743556,REP.VP.2012.PALIN,Sarah Palin to be Republican VP nominee in 2012,30,0.1,Feb/10/2012 06:15:48
743556,REP.VP.2012.PALIN,Sarah Palin to be Republican VP nominee in 2012,87,0.1,Feb/11/2012 05:59:29
743556,REP.VP.2012.PALIN,Sarah Palin to be Republican VP nominee in 2012,7,0.2,Feb/12/2012 07:15:14
743556,REP.VP.2012.PALIN,Sarah Palin to be Republican VP nominee in 2012,18,0.2,Feb/13/2012 22:55:27
743556,REP.VP.2012.PALIN,Sarah Palin to be Republican VP nominee in 2012,17,0.2,Feb/13/2012 22:55:27
743556,REP.VP.2012.PALIN,Sarah Palin to be Republican VP nominee in 2012,108,0.1,Feb/16/2012 03:43:15
743556,REP.VP.2012.PALIN,Sarah Palin to be Republican VP nominee in 2012,3,0.2,Feb/16/2012 15:07:16
743556,REP.VP.2012.PALIN,Sarah Palin to be Republican VP nominee in 2012,80,0.2,Feb/16/2012 15:07:16
743556,REP.VP.2012.PALIN,Sarah Palin to be Republican VP nominee in 2012,17,0.2,Feb/23/2012 11:28:53
743556,REP.VP.2012.PALIN,Sarah Palin to be Republican VP nominee in 2012,5,0.2,Feb/29/2012 00:53:13
743556,REP.VP.2012.PALIN,Sarah Palin to be Republican VP nominee in 2012,24,0.2,Feb/29/2012 00:53:13
743556,REP.VP.2012.PALIN,Sarah Palin to be Republican VP nominee in 2012,3,0.2,Feb/29/2012 00:53:13
743556,REP.VP.2012.PALIN,Sarah Palin to be Republican VP nominee in 2012,6,0.1,Mar/08/2012 02:33:27
743556,REP.VP.2012.PALIN,Sarah Palin to be Republican VP nominee in 2012,4,0.1,Mar/08/2012 02:33:49
743556,REP.VP.2012.PALIN,Sarah Palin to be Republican VP nominee in 2012,18,0.2,Mar/08/2012 20:11:06
743556,REP.VP.2012.PALIN,Sarah Palin to be Republican VP nominee in 2012,1,0.2,Mar/08/2012 20:11:06
743556,REP.VP.2012.PALIN,Sarah Palin to be Republican VP nominee in 2012,1,0.1,Mar/15/2012 14:42:35
743556,REP.VP.2012.PALIN,Sarah Palin to be Republican VP nominee in 2012,83,0.1,Mar/22/2012 23:24:25
743556,REP.VP.2012.PALIN,Sarah Palin to be Republican VP nominee in 2012,2,0.1,Mar/23/2012 13:41:52
743556,REP.VP.2012.PALIN,Sarah Palin to be Republican VP nominee in 2012,8,0.1,Mar/23/2012 13:59:23
743556,REP.VP.2012.PALIN,Sarah Palin to be Republican VP nominee in 2012,3,0.1,Mar/23/2012 14:00:25
743556,REP.VP.2012.PALIN,Sarah Palin to be Republican VP nominee in 2012,1,0.1,Mar/23/2012 14:02:28
743556,REP.VP.2012.PALIN,Sarah Palin to be Republican VP nominee in 2012,1,0.1,Mar/23/2012 14:06:16
743556,REP.VP.2012.PALIN,Sarah Palin to be Republican VP nominee in 2012,212,0.2,Mar/23/2012 18:55:38
743556,REP.VP.2012.PALIN,Sarah Palin to be Republican VP nominee in 2012,2,0.2,Mar/23/2012 18:55:38
743556,REP.VP.2012.PALIN,Sarah Palin to be Republican VP nominee in 2012,1,0.2,Mar/23/2012 18:55:38
743556,REP.VP.2012.PALIN,Sarah Palin to be Republican VP nominee in 2012,100,0.2,Mar/23/2012 18:55:38
743556,REP.VP.2012.PALIN,Sarah Palin to be Republican VP nominee in 2012,2,0.2,Mar/23/2012 21:31:01
743556,REP.VP.2012.PALIN,Sarah Palin to be Republican VP nominee in 2012,50,0.3,Mar/23/2012 21:48:15
743556,REP.VP.2012.PALIN,Sarah Palin to be Republican VP nominee in 2012,3,0.3,Mar/23/2012 21:48:15
743556,REP.VP.2012.PALIN,Sarah Palin to be Republican VP nominee in 2012,50,0.3,Mar/23/2012 21:48:15
743556,REP.VP.2012.PALIN,Sarah Palin to be Republican VP nominee in 2012,1,0.3,Mar/23/2012 21:48:15
743556,REP.VP.2012.PALIN,Sarah Palin to be Republican VP nominee in 2012,2,0.3,Mar/24/2012 01:20:09
743556,REP.VP.2012.PALIN,Sarah Palin to be Republican VP nominee in 2012,1,0.3,Mar/24/2012 01:20:09
743556,REP.VP.2012.PALIN,Sarah Palin to be Republican VP nominee in 2012,50,0.4,Mar/24/2012 01:20:46
743556,REP.VP.2012.PALIN,Sarah Palin to be Republican VP nominee in 2012,12,0.1,Mar/25/2012 15:11:17
743556,REP.VP.2012.PALIN,Sarah Palin to be Republican VP nominee in 2012,20,0.1,Mar/26/2012 00:28:12
743556,REP.VP.2012.PALIN,Sarah Palin to be Republican VP nominee in 2012,3,0.2,Mar/26/2012 13:54:50
743556,REP.VP.2012.PALIN,Sarah Palin to be Republican VP nominee in 2012,1,0.2,Mar/26/2012 13:54:50
743556,REP.VP.2012.PALIN,Sarah Palin to be Republican VP nominee in 2012,98,0.2,Mar/26/2012 13:54:50
743556,REP.VP.2012.PALIN,Sarah Palin to be Republican VP nominee in 2012,2,0.2,Mar/26/2012 14:06:37
743556,REP.VP.2012.PALIN,Sarah Palin to be Republican VP nominee in 2012,50,0.2,Mar/26/2012 14:06:37
743556,REP.VP.2012.PALIN,Sarah Palin to be Republican VP nominee in 2012,265,0.1,Mar/26/2012 19:36:23
743556,REP.VP.2012.PALIN,Sarah Palin to be Republican VP nominee in 2012,20,0.1,Mar/27/2012 03:04:13
743556,REP.VP.2012.PALIN,Sarah Palin to be Republican VP nominee in 2012,1,0.1,Mar/27/2012 14:09:32
743556,REP.VP.2012.PALIN,Sarah Palin to be Republican VP nominee in 2012,2,0.1,Mar/27/2012 14:09:54
743556,REP.VP.2012.PALIN,Sarah Palin to be Republican VP nominee in 2012,1,0.1,Mar/27/2012 14:13:06
743556,REP.VP.2012.PALIN,Sarah Palin to be Republican VP nominee in 2012,1,0.1,Mar/27/2012 14:38:19
743556,REP.VP.2012.PALIN,Sarah Palin to be Republican VP nominee in 2012,5,0.1,Mar/27/2012 14:46:12
743556,REP.VP.2012.PALIN,Sarah Palin to be Republican VP nominee in 2012,3,0.1,Mar/27/2012 14:47:16
743556,REP.VP.2012.PALIN,Sarah Palin to be Republican VP nominee in 2012,2,0.1,Mar/27/2012 14:48:20
743556,REP.VP.2012.PALIN,Sarah Palin to be Republican VP nominee in 2012,3,0.1,Mar/27/2012 14:49:12
743556,REP.VP.2012.PALIN,Sarah Palin to be Republican VP nominee in 2012,7,0.1,Mar/27/2012 14:51:34
743556,REP.VP.2012.PALIN,Sarah Palin to be Republican VP nominee in 2012,7,0.1,Mar/27/2012 14:52:06
743556,REP.VP.2012.PALIN,Sarah Palin to be Republican VP nominee in 2012,8,0.1,Mar/27/2012 14:52:26
743556,REP.VP.2012.PALIN,Sarah Palin to be Republican VP nominee in 2012,8,0.1,Mar/27/2012 14:52:57
743556,REP.VP.2012.PALIN,Sarah Palin to be Republican VP nominee in 2012,2,0.1,Mar/27/2012 14:53:18
743556,REP.VP.2012.PALIN,Sarah Palin to be Republican VP nominee in 2012,1,0.1,Mar/27/2012 14:53:49
743556,REP.VP.2012.PALIN,Sarah Palin to be Republican VP nominee in 2012,9,0.1,Mar/27/2012 14:55:05
743556,REP.VP.2012.PALIN,Sarah Palin to be Republican VP nominee in 2012,6,0.1,Mar/27/2012 14:56:24
743556,REP.VP.2012.PALIN,Sarah Palin to be Republican VP nominee in 2012,4,0.1,Mar/27/2012 14:56:47
743556,REP.VP.2012.PALIN,Sarah Palin to be Republican VP nominee in 2012,9,0.1,Mar/27/2012 14:58:31
743556,REP.VP.2012.PALIN,Sarah Palin to be Republican VP nominee in 2012,5,0.1,Mar/27/2012 14:58:54
743556,REP.VP.2012.PALIN,Sarah Palin to be Republican VP nominee in 2012,3,0.1,Mar/27/2012 14:59:57
743556,REP.VP.2012.PALIN,Sarah Palin to be Republican VP nominee in 2012,1,0.1,Mar/27/2012 15:20:34
743556,REP.VP.2012.PALIN,Sarah Palin to be Republican VP nominee in 2012,1,0.1,Mar/27/2012 15:52:39
743556,REP.VP.2012.PALIN,Sarah Palin to be Republican VP nominee in 2012,1,0.1,Mar/27/2012 16:06:11
743556,REP.VP.2012.PALIN,Sarah Palin to be Republican VP nominee in 2012,3,0.1,Mar/27/2012 19:03:52
743556,REP.VP.2012.PALIN,Sarah Palin to be Republican VP nominee in 2012,20,0.1,Mar/27/2012 20:05:57
743556,REP.VP.2012.PALIN,Sarah Palin to be Republican VP nominee in 2012,20,0.1,Mar/27/2012 23:49:51
743556,REP.VP.2012.PALIN,Sarah Palin to be Republican VP nominee in 2012,79,0.1,Mar/29/2012 20:48:37
743556,REP.VP.2012.PALIN,Sarah Palin to be Republican VP nominee in 2012,100,0.2,Mar/29/2012 22:52:01
743556,REP.VP.2012.PALIN,Sarah Palin to be Republican VP nominee in 2012,15,0.1,Mar/30/2012 22:17:47
743556,REP.VP.2012.PALIN,Sarah Palin to be Republican VP nominee in 2012,12,0.1,Mar/31/2012 00:26:38
743556,REP.VP.2012.PALIN,Sarah Palin to be Republican VP nominee in 2012,10,0.1,Mar/31/2012 21:34:02
743556,REP.VP.2012.PALIN,Sarah Palin to be Republican VP nominee in 2012,10,0.1,Mar/31/2012 21:34:02
743556,REP.VP.2012.PALIN,Sarah Palin to be Republican VP nominee in 2012,5,0.1,Mar/31/2012 21:34:02
743556,REP.VP.2012.PALIN,Sarah Palin to be Republican VP nominee in 2012,20,0.1,Apr/03/2012 20:47:29
743556,REP.VP.2012.PALIN,Sarah Palin to be Republican VP nominee in 2012,30,0.1,Apr/03/2012 22:03:20
743556,REP.VP.2012.PALIN,Sarah Palin to be Republican VP nominee in 2012,20,0.1,Apr/03/2012 22:03:29
743556,REP.VP.2012.PALIN,Sarah Palin to be Republican VP nominee in 2012,2,0.1,Apr/03/2012 22:03:51
743556,REP.VP.2012.PALIN,Sarah Palin to be Republican VP nominee in 2012,1,0.2,Apr/04/2012 04:12:49
743556,REP.VP.2012.PALIN,Sarah Palin to be Republican VP nominee in 2012,3,0.2,Apr/04/2012 04:12:49
743556,REP.VP.2012.PALIN,Sarah Palin to be Republican VP nominee in 2012,1,0.2,Apr/04/2012 04:12:49
743556,REP.VP.2012.PALIN,Sarah Palin to be Republican VP nominee in 2012,5,0.1,Apr/04/2012 04:57:18
743556,REP.VP.2012.PALIN,Sarah Palin to be Republican VP nominee in 2012,5,0.1,Apr/04/2012 16:12:03
743556,REP.VP.2012.PALIN,Sarah Palin to be Republican VP nominee in 2012,20,0.1,Apr/04/2012 17:01:36
743556,REP.VP.2012.PALIN,Sarah Palin to be Republican VP nominee in 2012,100,0.1,Apr/06/2012 15:09:59
743556,REP.VP.2012.PALIN,Sarah Palin to be Republican VP nominee in 2012,20,0.1,Apr/06/2012 20:41:03
743556,REP.VP.2012.PALIN,Sarah Palin to be Republican VP nominee in 2012,20,0.1,Apr/07/2012 05:00:19
743556,REP.VP.2012.PALIN,Sarah Palin to be Republican VP nominee in 2012,6,0.1,Apr/07/2012 18:24:21
743556,REP.VP.2012.PALIN,Sarah Palin to be Republican VP nominee in 2012,1,0.1,Apr/09/2012 13:56:12
743556,REP.VP.2012.PALIN,Sarah Palin to be Republican VP nominee in 2012,5,0.1,Apr/09/2012 14:23:17
743556,REP.VP.2012.PALIN,Sarah Palin to be Republican VP nominee in 2012,5,0.1,Apr/09/2012 14:23:38
743556,REP.VP.2012.PALIN,Sarah Palin to be Republican VP nominee in 2012,5,0.1,Apr/09/2012 14:26:48
743556,REP.VP.2012.PALIN,Sarah Palin to be Republican VP nominee in 2012,4,0.1,Apr/09/2012 14:32:03
743556,REP.VP.2012.PALIN,Sarah Palin to be Republican VP nominee in 2012,18,0.1,Apr/09/2012 14:32:34
743556,REP.VP.2012.PALIN,Sarah Palin to be Republican VP nominee in 2012,4,0.1,Apr/11/2012 19:06:11
743556,REP.VP.2012.PALIN,Sarah Palin to be Republican VP nominee in 2012,1,0.1,Apr/11/2012 19:35:08
743556,REP.VP.2012.PALIN,Sarah Palin to be Republican VP nominee in 2012,3,0.1,Apr/11/2012 19:36:53
743556,REP.VP.2012.PALIN,Sarah Palin to be Republican VP nominee in 2012,20,0.1,Apr/11/2012 20:18:53
743556,REP.VP.2012.PALIN,Sarah Palin to be Republican VP nominee in 2012,20,0.1,Apr/11/2012 20:25:37
743556,REP.VP.2012.PALIN,Sarah Palin to be Republican VP nominee in 2012,15,0.1,Apr/11/2012 20:34:21
743556,REP.VP.2012.PALIN,Sarah Palin to be Republican VP nominee in 2012,151,0.1,Apr/13/2012 15:14:57
743556,REP.VP.2012.PALIN,Sarah Palin to be Republican VP nominee in 2012,249,0.1,Apr/13/2012 15:14:57
743556,REP.VP.2012.PALIN,Sarah Palin to be Republican VP nominee in 2012,4,0.1,Apr/13/2012 20:13:46
743556,REP.VP.2012.PALIN,Sarah Palin to be Republican VP nominee in 2012,25,0.1,Apr/14/2012 05:49:13
743556,REP.VP.2012.PALIN,Sarah Palin to be Republican VP nominee in 2012,99,0.2,Apr/17/2012 12:09:11
743556,REP.VP.2012.PALIN,Sarah Palin to be Republican VP nominee in 2012,100,0.2,Apr/17/2012 12:09:11
743556,REP.VP.2012.PALIN,Sarah Palin to be Republican VP nominee in 2012,10,0.2,Apr/17/2012 12:09:11
743556,REP.VP.2012.PALIN,Sarah Palin to be Republican VP nominee in 2012,300,0.2,Apr/17/2012 12:09:11
743556,REP.VP.2012.PALIN,Sarah Palin to be Republican VP nominee in 2012,500,0.2,Apr/17/2012 12:09:11
743556,REP.VP.2012.PALIN,Sarah Palin to be Republican VP nominee in 2012,1,0.2,Apr/17/2012 12:09:11
743556,REP.VP.2012.PALIN,Sarah Palin to be Republican VP nominee in 2012,4,0.2,Apr/17/2012 12:09:11
743556,REP.VP.2012.PALIN,Sarah Palin to be Republican VP nominee in 2012,50,0.3,Apr/17/2012 14:44:56
743556,REP.VP.2012.PALIN,Sarah Palin to be Republican VP nominee in 2012,1,0.3,Apr/17/2012 14:44:56
743556,REP.VP.2012.PALIN,Sarah Palin to be Republican VP nominee in 2012,18,0.3,Apr/19/2012 15:13:24
743556,REP.VP.2012.PALIN,Sarah Palin to be Republican VP nominee in 2012,32,0.3,Apr/19/2012 17:39:11
743556,REP.VP.2012.PALIN,Sarah Palin to be Republican VP nominee in 2012,1,0.3,Apr/19/2012 17:39:11
743556,REP.VP.2012.PALIN,Sarah Palin to be Republican VP nominee in 2012,19,0.3,Apr/19/2012 19:30:13
743556,REP.VP.2012.PALIN,Sarah Palin to be Republican VP nominee in 2012,1,0.3,Apr/19/2012 19:30:13
743556,REP.VP.2012.PALIN,Sarah Palin to be Republican VP nominee in 2012,50,0.3,Apr/19/2012 22:24:23
743556,REP.VP.2012.PALIN,Sarah Palin to be Republican VP nominee in 2012,1,0.3,Apr/19/2012 22:24:23
743556,REP.VP.2012.PALIN,Sarah Palin to be Republican VP nominee in 2012,50,0.3,Apr/19/2012 23:57:31
743556,REP.VP.2012.PALIN,Sarah Palin to be Republican VP nominee in 2012,1,0.3,Apr/19/2012 23:57:31
743556,REP.VP.2012.PALIN,Sarah Palin to be Republican VP nominee in 2012,50,0.4,Apr/20/2012 00:59:42
743556,REP.VP.2012.PALIN,Sarah Palin to be Republican VP nominee in 2012,1,0.4,Apr/20/2012 00:59:42
743556,REP.VP.2012.PALIN,Sarah Palin to be Republican VP nominee in 2012,1,0.5,Apr/20/2012 13:50:29
743556,REP.VP.2012.PALIN,Sarah Palin to be Republican VP nominee in 2012,13,0.4,Apr/20/2012 16:10:29
743556,REP.VP.2012.PALIN,Sarah Palin to be Republican VP nominee in 2012,1,0.4,Apr/20/2012 16:10:29
743556,REP.VP.2012.PALIN,Sarah Palin to be Republican VP nominee in 2012,25,0.5,Apr/20/2012 20:16:05
743556,REP.VP.2012.PALIN,Sarah Palin to be Republican VP nominee in 2012,1,0.3,Apr/20/2012 21:32:56
743556,REP.VP.2012.PALIN,Sarah Palin to be Republican VP nominee in 2012,1,0.2,Apr/21/2012 06:01:39
743556,REP.VP.2012.PALIN,Sarah Palin to be Republican VP nominee in 2012,2,0.2,Apr/21/2012 06:19:25
743556,REP.VP.2012.PALIN,Sarah Palin to be Republican VP nominee in 2012,1,0.2,Apr/21/2012 07:23:13
743556,REP.VP.2012.PALIN,Sarah Palin to be Republican VP nominee in 2012,50,0.3,Apr/21/2012 13:59:49
743556,REP.VP.2012.PALIN,Sarah Palin to be Republican VP nominee in 2012,1,0.3,Apr/21/2012 13:59:49
743556,REP.VP.2012.PALIN,Sarah Palin to be Republican VP nominee in 2012,4,0.3,Apr/21/2012 13:59:49
743556,REP.VP.2012.PALIN,Sarah Palin to be Republican VP nominee in 2012,30,0.3,Apr/21/2012 13:59:49
743556,REP.VP.2012.PALIN,Sarah Palin to be Republican VP nominee in 2012,50,0.4,Apr/21/2012 13:59:58
743556,REP.VP.2012.PALIN,Sarah Palin to be Republican VP nominee in 2012,1,0.4,Apr/21/2012 13:59:58
743556,REP.VP.2012.PALIN,Sarah Palin to be Republican VP nominee in 2012,24,0.5,Apr/21/2012 18:46:31
743556,REP.VP.2012.PALIN,Sarah Palin to be Republican VP nominee in 2012,50,0.5,Apr/21/2012 18:46:31
743556,REP.VP.2012.PALIN,Sarah Palin to be Republican VP nominee in 2012,26,0.5,Apr/21/2012 18:46:31
743556,REP.VP.2012.PALIN,Sarah Palin to be Republican VP nominee in 2012,50,0.4,Apr/23/2012 23:16:38
743556,REP.VP.2012.PALIN,Sarah Palin to be Republican VP nominee in 2012,1,0.4,Apr/23/2012 23:16:38
743556,REP.VP.2012.PALIN,Sarah Palin to be Republican VP nominee in 2012,40,0.2,Apr/25/2012 20:14:46
743556,REP.VP.2012.PALIN,Sarah Palin to be Republican VP nominee in 2012,20,0.1,Apr/25/2012 20:52:52
743556,REP.VP.2012.PALIN,Sarah Palin to be Republican VP nominee in 2012,5,0.1,Apr/25/2012 21:07:35
743556,REP.VP.2012.PALIN,Sarah Palin to be Republican VP nominee in 2012,5,0.1,Apr/25/2012 21:13:53
743556,REP.VP.2012.PALIN,Sarah Palin to be Republican VP nominee in 2012,5,0.1,Apr/25/2012 21:19:51
743556,REP.VP.2012.PALIN,Sarah Palin to be Republican VP nominee in 2012,60,0.2,Apr/26/2012 14:35:33
743556,REP.VP.2012.PALIN,Sarah Palin to be Republican VP nominee in 2012,1,0.2,Apr/26/2012 14:35:33
743556,REP.VP.2012.PALIN,Sarah Palin to be Republican VP nominee in 2012,40,0.3,Apr/26/2012 16:14:05
743556,REP.VP.2012.PALIN,Sarah Palin to be Republican VP nominee in 2012,1,0.3,Apr/26/2012 16:14:05
743556,REP.VP.2012.PALIN,Sarah Palin to be Republican VP nominee in 2012,50,0.4,Apr/27/2012 01:31:59
743556,REP.VP.2012.PALIN,Sarah Palin to be Republican VP nominee in 2012,4,0.4,Apr/27/2012 01:31:59
743556,REP.VP.2012.PALIN,Sarah Palin to be Republican VP nominee in 2012,1,0.4,Apr/27/2012 01:31:59
743556,REP.VP.2012.PALIN,Sarah Palin to be Republican VP nominee in 2012,50,0.4,Apr/27/2012 04:19:14
743556,REP.VP.2012.PALIN,Sarah Palin to be Republican VP nominee in 2012,1,0.4,Apr/27/2012 04:19:14
743556,REP.VP.2012.PALIN,Sarah Palin to be Republican VP nominee in 2012,24,0.5,Apr/27/2012 13:05:13
743556,REP.VP.2012.PALIN,Sarah Palin to be Republican VP nominee in 2012,43,0.5,Apr/27/2012 13:05:13
743556,REP.VP.2012.PALIN,Sarah Palin to be Republican VP nominee in 2012,100,0.5,Apr/27/2012 13:05:13
743556,REP.VP.2012.PALIN,Sarah Palin to be Republican VP nominee in 2012,100,0.5,Apr/27/2012 13:05:13
743556,REP.VP.2012.PALIN,Sarah Palin to be Republican VP nominee in 2012,100,0.5,Apr/27/2012 13:05:13
743556,REP.VP.2012.PALIN,Sarah Palin to be Republican VP nominee in 2012,50,0.5,Apr/27/2012 13:05:13
743556,REP.VP.2012.PALIN,Sarah Palin to be Republican VP nominee in 2012,6,0.5,Apr/27/2012 13:05:13
743556,REP.VP.2012.PALIN,Sarah Palin to be Republican VP nominee in 2012,100,0.5,Apr/27/2012 13:05:13
743556,REP.VP.2012.PALIN,Sarah Palin to be Republican VP nominee in 2012,1,0.5,Apr/27/2012 13:05:13
743556,REP.VP.2012.PALIN,Sarah Palin to be Republican VP nominee in 2012,2,0.5,Apr/27/2012 14:14:18
743556,REP.VP.2012.PALIN,Sarah Palin to be Republican VP nominee in 2012,100,0.3,Apr/28/2012 10:48:53
743556,REP.VP.2012.PALIN,Sarah Palin to be Republican VP nominee in 2012,1,0.3,Apr/28/2012 10:48:53
743556,REP.VP.2012.PALIN,Sarah Palin to be Republican VP nominee in 2012,50,0.2,Apr/28/2012 22:06:17
743556,REP.VP.2012.PALIN,Sarah Palin to be Republican VP nominee in 2012,50,0.3,Apr/28/2012 22:15:49
743556,REP.VP.2012.PALIN,Sarah Palin to be Republican VP nominee in 2012,1,0.3,Apr/28/2012 22:15:49
743556,REP.VP.2012.PALIN,Sarah Palin to be Republican VP nominee in 2012,1,0.4,Apr/29/2012 17:07:47
743556,REP.VP.2012.PALIN,Sarah Palin to be Republican VP nominee in 2012,50,0.4,Apr/29/2012 17:07:47
743556,REP.VP.2012.PALIN,Sarah Palin to be Republican VP nominee in 2012,1,0.5,Apr/30/2012 20:01:46
743556,REP.VP.2012.PALIN,Sarah Palin to be Republican VP nominee in 2012,500,0.5,Apr/30/2012 20:01:46
743556,REP.VP.2012.PALIN,Sarah Palin to be Republican VP nominee in 2012,50,0.1,May/03/2012 18:43:52
743556,REP.VP.2012.PALIN,Sarah Palin to be Republican VP nominee in 2012,6,0.2,May/04/2012 04:30:08
743556,REP.VP.2012.PALIN,Sarah Palin to be Republican VP nominee in 2012,94,0.2,May/04/2012 14:28:34
743556,REP.VP.2012.PALIN,Sarah Palin to be Republican VP nominee in 2012,1,0.2,May/04/2012 14:28:34
743556,REP.VP.2012.PALIN,Sarah Palin to be Republican VP nominee in 2012,50,0.3,May/04/2012 16:40:58
743556,REP.VP.2012.PALIN,Sarah Palin to be Republican VP nominee in 2012,1,0.3,May/04/2012 16:40:58
743556,REP.VP.2012.PALIN,Sarah Palin to be Republican VP nominee in 2012,6,0.3,May/04/2012 16:40:58
743556,REP.VP.2012.PALIN,Sarah Palin to be Republican VP nominee in 2012,10,0.4,May/04/2012 20:08:29
743556,REP.VP.2012.PALIN,Sarah Palin to be Republican VP nominee in 2012,1,0.4,May/04/2012 20:08:29
743556,REP.VP.2012.PALIN,Sarah Palin to be Republican VP nominee in 2012,50,0.5,May/05/2012 14:25:20
743556,REP.VP.2012.PALIN,Sarah Palin to be Republican VP nominee in 2012,1,0.5,May/05/2012 14:25:20
743556,REP.VP.2012.PALIN,Sarah Palin to be Republican VP nominee in 2012,100,0.5,May/05/2012 14:25:20
743556,REP.VP.2012.PALIN,Sarah Palin to be Republican VP nominee in 2012,13,0.5,May/05/2012 23:29:50
743556,REP.VP.2012.PALIN,Sarah Palin to be Republican VP nominee in 2012,453,0.4,May/06/2012 11:05:33
743556,REP.VP.2012.PALIN,Sarah Palin to be Republican VP nominee in 2012,1,0.4,May/06/2012 11:05:33
743556,REP.VP.2012.PALIN,Sarah Palin to be Republican VP nominee in 2012,1,0.4,May/06/2012 15:01:51
743556,REP.VP.2012.PALIN,Sarah Palin to be Republican VP nominee in 2012,1,0.4,May/06/2012 15:01:51
743556,REP.VP.2012.PALIN,Sarah Palin to be Republican VP nominee in 2012,6,0.5,May/06/2012 15:25:43
743556,REP.VP.2012.PALIN,Sarah Palin to be Republican VP nominee in 2012,1,0.3,May/07/2012 01:43:42
743556,REP.VP.2012.PALIN,Sarah Palin to be Republican VP nominee in 2012,481,0.5,May/07/2012 14:00:09
743556,REP.VP.2012.PALIN,Sarah Palin to be Republican VP nominee in 2012,1,0.5,May/07/2012 14:00:09
743556,REP.VP.2012.PALIN,Sarah Palin to be Republican VP nominee in 2012,100,0.5,May/07/2012 14:00:09
743556,REP.VP.2012.PALIN,Sarah Palin to be Republican VP nominee in 2012,100,0.5,May/07/2012 14:00:09
743556,REP.VP.2012.PALIN,Sarah Palin to be Republican VP nominee in 2012,50,0.4,May/07/2012 20:54:44
743556,REP.VP.2012.PALIN,Sarah Palin to be Republican VP nominee in 2012,11,0.3,May/09/2012 20:57:28
743556,REP.VP.2012.PALIN,Sarah Palin to be Republican VP nominee in 2012,114,0.3,May/09/2012 20:57:28
743556,REP.VP.2012.PALIN,Sarah Palin to be Republican VP nominee in 2012,11,0.2,May/11/2012 16:29:34
743556,REP.VP.2012.PALIN,Sarah Palin to be Republican VP nominee in 2012,50,0.1,May/11/2012 22:06:12
743556,REP.VP.2012.PALIN,Sarah Palin to be Republican VP nominee in 2012,9,0.2,May/12/2012 03:45:14
743556,REP.VP.2012.PALIN,Sarah Palin to be Republican VP nominee in 2012,50,0.1,May/13/2012 19:17:31
743556,REP.VP.2012.PALIN,Sarah Palin to be Republican VP nominee in 2012,1,0.2,May/15/2012 15:57:41
743556,REP.VP.2012.PALIN,Sarah Palin to be Republican VP nominee in 2012,29,0.2,May/16/2012 01:43:39
743556,REP.VP.2012.PALIN,Sarah Palin to be Republican VP nominee in 2012,1,0.2,May/16/2012 01:43:39
743556,REP.VP.2012.PALIN,Sarah Palin to be Republican VP nominee in 2012,150,0.2,May/16/2012 01:43:39
743556,REP.VP.2012.PALIN,Sarah Palin to be Republican VP nominee in 2012,1,0.3,May/16/2012 13:59:55
743556,REP.VP.2012.PALIN,Sarah Palin to be Republican VP nominee in 2012,11,0.3,May/16/2012 13:59:55
743556,REP.VP.2012.PALIN,Sarah Palin to be Republican VP nominee in 2012,50,0.3,May/16/2012 13:59:55
743556,REP.VP.2012.PALIN,Sarah Palin to be Republican VP nominee in 2012,9,0.3,May/16/2012 13:59:55
743556,REP.VP.2012.PALIN,Sarah Palin to be Republican VP nominee in 2012,1,0.3,May/16/2012 13:59:55
743556,REP.VP.2012.PALIN,Sarah Palin to be Republican VP nominee in 2012,100,0.3,May/16/2012 13:59:55
743556,REP.VP.2012.PALIN,Sarah Palin to be Republican VP nominee in 2012,50,0.4,May/16/2012 14:01:48
743556,REP.VP.2012.PALIN,Sarah Palin to be Republican VP nominee in 2012,15,0.4,May/16/2012 14:01:48
743556,REP.VP.2012.PALIN,Sarah Palin to be Republican VP nominee in 2012,11,0.4,May/16/2012 14:01:48
743556,REP.VP.2012.PALIN,Sarah Palin to be Republican VP nominee in 2012,1,0.4,May/16/2012 14:01:48
743556,REP.VP.2012.PALIN,Sarah Palin to be Republican VP nominee in 2012,100,0.4,May/16/2012 14:01:48
743556,REP.VP.2012.PALIN,Sarah Palin to be Republican VP nominee in 2012,100,0.5,May/16/2012 14:02:38
743556,REP.VP.2012.PALIN,Sarah Palin to be Republican VP nominee in 2012,100,0.5,May/16/2012 14:02:38
743556,REP.VP.2012.PALIN,Sarah Palin to be Republican VP nominee in 2012,100,0.5,May/16/2012 14:02:38
743556,REP.VP.2012.PALIN,Sarah Palin to be Republican VP nominee in 2012,1,0.5,May/16/2012 14:02:38
743556,REP.VP.2012.PALIN,Sarah Palin to be Republican VP nominee in 2012,50,0.5,May/16/2012 14:02:38
743556,REP.VP.2012.PALIN,Sarah Palin to be Republican VP nominee in 2012,50,0.5,May/16/2012 14:02:38
743556,REP.VP.2012.PALIN,Sarah Palin to be Republican VP nominee in 2012,100,0.5,May/16/2012 14:02:38
743556,REP.VP.2012.PALIN,Sarah Palin to be Republican VP nominee in 2012,100,0.5,May/16/2012 14:02:38
743556,REP.VP.2012.PALIN,Sarah Palin to be Republican VP nominee in 2012,100,0.5,May/16/2012 14:02:38
743556,REP.VP.2012.PALIN,Sarah Palin to be Republican VP nominee in 2012,100,0.5,May/16/2012 14:02:38
743556,REP.VP.2012.PALIN,Sarah Palin to be Republican VP nominee in 2012,100,0.5,May/16/2012 14:02:38
743556,REP.VP.2012.PALIN,Sarah Palin to be Republican VP nominee in 2012,6,0.4,May/16/2012 16:39:31
743556,REP.VP.2012.PALIN,Sarah Palin to be Republican VP nominee in 2012,50,0.5,May/16/2012 19:29:59
743556,REP.VP.2012.PALIN,Sarah Palin to be Republican VP nominee in 2012,1,0.5,May/16/2012 19:29:59
743556,REP.VP.2012.PALIN,Sarah Palin to be Republican VP nominee in 2012,50,0.6,May/16/2012 21:56:11
743556,REP.VP.2012.PALIN,Sarah Palin to be Republican VP nominee in 2012,1,0.6,May/16/2012 21:56:11
743556,REP.VP.2012.PALIN,Sarah Palin to be Republican VP nominee in 2012,49,0.6,May/16/2012 23:16:51
743556,REP.VP.2012.PALIN,Sarah Palin to be Republican VP nominee in 2012,100,0.5,May/17/2012 07:37:35
743556,REP.VP.2012.PALIN,Sarah Palin to be Republican VP nominee in 2012,1,0.5,May/17/2012 07:37:35
743556,REP.VP.2012.PALIN,Sarah Palin to be Republican VP nominee in 2012,6,0.4,May/17/2012 15:27:20
743556,REP.VP.2012.PALIN,Sarah Palin to be Republican VP nominee in 2012,1,0.4,May/17/2012 15:27:20
743556,REP.VP.2012.PALIN,Sarah Palin to be Republican VP nominee in 2012,100,0.5,May/17/2012 23:27:33
743556,REP.VP.2012.PALIN,Sarah Palin to be Republican VP nominee in 2012,1,0.5,May/17/2012 23:27:33
743556,REP.VP.2012.PALIN,Sarah Palin to be Republican VP nominee in 2012,2,0.5,May/18/2012 01:24:48
743556,REP.VP.2012.PALIN,Sarah Palin to be Republican VP nominee in 2012,1,0.5,May/18/2012 01:24:48
743556,REP.VP.2012.PALIN,Sarah Palin to be Republican VP nominee in 2012,9,0.4,May/18/2012 04:45:25
743556,REP.VP.2012.PALIN,Sarah Palin to be Republican VP nominee in 2012,85,0.5,May/18/2012 15:32:33
743556,REP.VP.2012.PALIN,Sarah Palin to be Republican VP nominee in 2012,1,0.5,May/18/2012 15:32:33
743556,REP.VP.2012.PALIN,Sarah Palin to be Republican VP nominee in 2012,100,0.5,May/18/2012 15:32:33
743556,REP.VP.2012.PALIN,Sarah Palin to be Republican VP nominee in 2012,491,0.4,May/19/2012 17:31:13
743556,REP.VP.2012.PALIN,Sarah Palin to be Republican VP nominee in 2012,10,0.4,May/19/2012 17:31:13
743556,REP.VP.2012.PALIN,Sarah Palin to be Republican VP nominee in 2012,299,0.4,May/19/2012 17:59:59
743556,REP.VP.2012.PALIN,Sarah Palin to be Republican VP nominee in 2012,1,0.4,May/19/2012 17:59:59
743556,REP.VP.2012.PALIN,Sarah Palin to be Republican VP nominee in 2012,9,0.5,May/19/2012 18:31:25
743556,REP.VP.2012.PALIN,Sarah Palin to be Republican VP nominee in 2012,3,0.5,May/20/2012 19:05:39
743556,REP.VP.2012.PALIN,Sarah Palin to be Republican VP nominee in 2012,500,0.5,May/20/2012 19:05:39
743556,REP.VP.2012.PALIN,Sarah Palin to be Republican VP nominee in 2012,1,0.5,May/20/2012 19:05:39
743556,REP.VP.2012.PALIN,Sarah Palin to be Republican VP nominee in 2012,100,0.5,May/21/2012 15:49:51
743556,REP.VP.2012.PALIN,Sarah Palin to be Republican VP nominee in 2012,1,0.5,May/21/2012 15:49:51
743556,REP.VP.2012.PALIN,Sarah Palin to be Republican VP nominee in 2012,12,0.4,May/21/2012 17:19:19
743556,REP.VP.2012.PALIN,Sarah Palin to be Republican VP nominee in 2012,51,0.6,May/22/2012 23:27:30
743556,REP.VP.2012.PALIN,Sarah Palin to be Republican VP nominee in 2012,1,0.6,May/22/2012 23:27:30
743556,REP.VP.2012.PALIN,Sarah Palin to be Republican VP nominee in 2012,2,0.3,May/23/2012 16:01:32
743556,REP.VP.2012.PALIN,Sarah Palin to be Republican VP nominee in 2012,4,0.3,May/23/2012 16:02:29
743556,REP.VP.2012.PALIN,Sarah Palin to be Republican VP nominee in 2012,8,0.3,May/23/2012 16:03:14
743556,REP.VP.2012.PALIN,Sarah Palin to be Republican VP nominee in 2012,2,0.3,May/23/2012 16:03:31
743556,REP.VP.2012.PALIN,Sarah Palin to be Republican VP nominee in 2012,50,0.5,May/23/2012 19:56:58
743556,REP.VP.2012.PALIN,Sarah Palin to be Republican VP nominee in 2012,1,0.5,May/23/2012 19:56:58
743556,REP.VP.2012.PALIN,Sarah Palin to be Republican VP nominee in 2012,100,0.5,May/23/2012 19:56:58
743556,REP.VP.2012.PALIN,Sarah Palin to be Republican VP nominee in 2012,16,0.5,May/23/2012 21:14:45
743556,REP.VP.2012.PALIN,Sarah Palin to be Republican VP nominee in 2012,1,0.5,May/23/2012 21:14:45
743556,REP.VP.2012.PALIN,Sarah Palin to be Republican VP nominee in 2012,4,0.3,May/28/2012 19:29:39
743556,REP.VP.2012.PALIN,Sarah Palin to be Republican VP nominee in 2012,61,0.3,May/28/2012 19:29:39
743556,REP.VP.2012.PALIN,Sarah Palin to be Republican VP nominee in 2012,18,0.3,May/29/2012 21:31:36
743556,REP.VP.2012.PALIN,Sarah Palin to be Republican VP nominee in 2012,12,0.3,May/29/2012 21:31:36
743556,REP.VP.2012.PALIN,Sarah Palin to be Republican VP nominee in 2012,21,0.3,May/29/2012 21:31:36
743556,REP.VP.2012.PALIN,Sarah Palin to be Republican VP nominee in 2012,21,0.3,May/29/2012 21:31:36
743556,REP.VP.2012.PALIN,Sarah Palin to be Republican VP nominee in 2012,10,0.3,May/29/2012 22:54:25
743556,REP.VP.2012.PALIN,Sarah Palin to be Republican VP nominee in 2012,50,0.2,May/30/2012 05:03:00
743556,REP.VP.2012.PALIN,Sarah Palin to be Republican VP nominee in 2012,70,0.2,May/31/2012 05:03:00
743556,REP.VP.2012.PALIN,Sarah Palin to be Republican VP nominee in 2012,13,0.2,May/31/2012 05:08:34
743556,REP.VP.2012.PALIN,Sarah Palin to be Republican VP nominee in 2012,5,0.2,May/31/2012 05:11:58
743556,REP.VP.2012.PALIN,Sarah Palin to be Republican VP nominee in 2012,22,0.5,May/31/2012 10:31:19
743556,REP.VP.2012.PALIN,Sarah Palin to be Republican VP nominee in 2012,1,0.4,May/31/2012 10:31:19
743556,REP.VP.2012.PALIN,Sarah Palin to be Republican VP nominee in 2012,18,0.3,May/31/2012 10:31:19
743556,REP.VP.2012.PALIN,Sarah Palin to be Republican VP nominee in 2012,1,0.3,May/31/2012 10:31:19
743556,REP.VP.2012.PALIN,Sarah Palin to be Republican VP nominee in 2012,32,0.4,May/31/2012 10:31:19
743556,REP.VP.2012.PALIN,Sarah Palin to be Republican VP nominee in 2012,23,0.2,Jun/01/2012 14:28:38
743556,REP.VP.2012.PALIN,Sarah Palin to be Republican VP nominee in 2012,50,0.3,Jun/04/2012 20:29:45
743556,REP.VP.2012.PALIN,Sarah Palin to be Republican VP nominee in 2012,1,0.3,Jun/04/2012 20:29:45
743556,REP.VP.2012.PALIN,Sarah Palin to be Republican VP nominee in 2012,7,0.2,Jun/04/2012 22:41:38
743556,REP.VP.2012.PALIN,Sarah Palin to be Republican VP nominee in 2012,10,0.2,Jun/06/2012 08:16:54
743556,REP.VP.2012.PALIN,Sarah Palin to be Republican VP nominee in 2012,100,0.3,Jun/13/2012 21:35:25
743556,REP.VP.2012.PALIN,Sarah Palin to be Republican VP nominee in 2012,6,0.3,Jun/13/2012 21:35:25
743556,REP.VP.2012.PALIN,Sarah Palin to be Republican VP nominee in 2012,53,0.3,Jun/13/2012 21:35:25
743556,REP.VP.2012.PALIN,Sarah Palin to be Republican VP nominee in 2012,1,0.3,Jun/13/2012 21:35:25
743556,REP.VP.2012.PALIN,Sarah Palin to be Republican VP nominee in 2012,20,0.3,Jun/13/2012 21:35:25
743556,REP.VP.2012.PALIN,Sarah Palin to be Republican VP nominee in 2012,50,0.3,Jun/15/2012 13:19:04
743556,REP.VP.2012.PALIN,Sarah Palin to be Republican VP nominee in 2012,1,0.3,Jun/15/2012 13:19:04
743556,REP.VP.2012.PALIN,Sarah Palin to be Republican VP nominee in 2012,10,0.4,Jun/15/2012 13:19:33
743556,REP.VP.2012.PALIN,Sarah Palin to be Republican VP nominee in 2012,1,0.4,Jun/15/2012 13:19:33
743556,REP.VP.2012.PALIN,Sarah Palin to be Republican VP nominee in 2012,100,0.4,Jun/15/2012 13:19:33
743556,REP.VP.2012.PALIN,Sarah Palin to be Republican VP nominee in 2012,10,0.4,Jun/15/2012 13:19:33
743556,REP.VP.2012.PALIN,Sarah Palin to be Republican VP nominee in 2012,78,0.5,Jun/15/2012 15:21:55
743556,REP.VP.2012.PALIN,Sarah Palin to be Republican VP nominee in 2012,100,0.5,Jun/15/2012 15:21:55
743556,REP.VP.2012.PALIN,Sarah Palin to be Republican VP nominee in 2012,100,0.5,Jun/15/2012 15:21:55
743556,REP.VP.2012.PALIN,Sarah Palin to be Republican VP nominee in 2012,100,0.5,Jun/15/2012 15:21:55
743556,REP.VP.2012.PALIN,Sarah Palin to be Republican VP nominee in 2012,100,0.5,Jun/15/2012 15:21:55
743556,REP.VP.2012.PALIN,Sarah Palin to be Republican VP nominee in 2012,100,0.5,Jun/15/2012 15:21:55
743556,REP.VP.2012.PALIN,Sarah Palin to be Republican VP nominee in 2012,100,0.5,Jun/15/2012 15:21:55
743556,REP.VP.2012.PALIN,Sarah Palin to be Republican VP nominee in 2012,100,0.5,Jun/15/2012 15:21:55
743556,REP.VP.2012.PALIN,Sarah Palin to be Republican VP nominee in 2012,50,0.5,Jun/15/2012 15:21:55
743556,REP.VP.2012.PALIN,Sarah Palin to be Republican VP nominee in 2012,100,0.5,Jun/15/2012 15:21:55
743556,REP.VP.2012.PALIN,Sarah Palin to be Republican VP nominee in 2012,1,0.5,Jun/15/2012 15:21:55
743556,REP.VP.2012.PALIN,Sarah Palin to be Republican VP nominee in 2012,100,0.5,Jun/15/2012 15:21:55
743556,REP.VP.2012.PALIN,Sarah Palin to be Republican VP nominee in 2012,7,0.2,Jun/20/2012 10:30:52
743556,REP.VP.2012.PALIN,Sarah Palin to be Republican VP nominee in 2012,415,0.2,Jun/21/2012 02:18:03
743556,REP.VP.2012.PALIN,Sarah Palin to be Republican VP nominee in 2012,20,0.2,Jun/21/2012 02:18:03
743556,REP.VP.2012.PALIN,Sarah Palin to be Republican VP nominee in 2012,48,0.2,Jun/21/2012 02:18:03
743556,REP.VP.2012.PALIN,Sarah Palin to be Republican VP nominee in 2012,15,0.2,Jun/21/2012 02:18:03
743556,REP.VP.2012.PALIN,Sarah Palin to be Republican VP nominee in 2012,10,0.2,Jun/21/2012 02:18:03
743556,REP.VP.2012.PALIN,Sarah Palin to be Republican VP nominee in 2012,750,0.2,Jun/21/2012 02:18:03
743556,REP.VP.2012.PALIN,Sarah Palin to be Republican VP nominee in 2012,15,0.1,Jun/22/2012 07:35:11
743556,REP.VP.2012.PALIN,Sarah Palin to be Republican VP nominee in 2012,5,0.1,Jun/22/2012 07:35:11
743556,REP.VP.2012.PALIN,Sarah Palin to be Republican VP nominee in 2012,53,0.1,Jun/22/2012 07:35:11
743556,REP.VP.2012.PALIN,Sarah Palin to be Republican VP nominee in 2012,1000,0.2,Jun/25/2012 13:38:38
743556,REP.VP.2012.PALIN,Sarah Palin to be Republican VP nominee in 2012,750,0.2,Jun/25/2012 13:38:38
743556,REP.VP.2012.PALIN,Sarah Palin to be Republican VP nominee in 2012,15,0.2,Jun/25/2012 13:38:38
743556,REP.VP.2012.PALIN,Sarah Palin to be Republican VP nominee in 2012,1,0.2,Jun/25/2012 13:38:38
743556,REP.VP.2012.PALIN,Sarah Palin to be Republican VP nominee in 2012,1,0.3,Jun/25/2012 13:51:18
743556,REP.VP.2012.PALIN,Sarah Palin to be Republican VP nominee in 2012,52,0.3,Jun/25/2012 13:51:18
743556,REP.VP.2012.PALIN,Sarah Palin to be Republican VP nominee in 2012,47,0.3,Jun/25/2012 13:51:18
743556,REP.VP.2012.PALIN,Sarah Palin to be Republican VP nominee in 2012,2,0.3,Jun/26/2012 02:22:05
743556,REP.VP.2012.PALIN,Sarah Palin to be Republican VP nominee in 2012,1,0.3,Jun/26/2012 13:04:02
743556,REP.VP.2012.PALIN,Sarah Palin to be Republican VP nominee in 2012,1,0.3,Jun/26/2012 13:04:02
743556,REP.VP.2012.PALIN,Sarah Palin to be Republican VP nominee in 2012,5,0.3,Jun/27/2012 05:14:12
743556,REP.VP.2012.PALIN,Sarah Palin to be Republican VP nominee in 2012,1,0.3,Jun/27/2012 05:14:12
743556,REP.VP.2012.PALIN,Sarah Palin to be Republican VP nominee in 2012,50,0.2,Jun/27/2012 18:12:17
743556,REP.VP.2012.PALIN,Sarah Palin to be Republican VP nominee in 2012,50,0.2,Jun/28/2012 14:07:00
743556,REP.VP.2012.PALIN,Sarah Palin to be Republican VP nominee in 2012,1,0.2,Jun/28/2012 14:07:00
743556,REP.VP.2012.PALIN,Sarah Palin to be Republican VP nominee in 2012,100,0.2,Jun/28/2012 14:07:00
743556,REP.VP.2012.PALIN,Sarah Palin to be Republican VP nominee in 2012,50,0.2,Jun/29/2012 02:56:25
743556,REP.VP.2012.PALIN,Sarah Palin to be Republican VP nominee in 2012,1,0.2,Jun/29/2012 02:56:25
743556,REP.VP.2012.PALIN,Sarah Palin to be Republican VP nominee in 2012,40,0.3,Jun/30/2012 11:46:09
743556,REP.VP.2012.PALIN,Sarah Palin to be Republican VP nominee in 2012,1,0.3,Jun/30/2012 11:46:09
743556,REP.VP.2012.PALIN,Sarah Palin to be Republican VP nominee in 2012,2,0.2,Jun/30/2012 22:06:46
743556,REP.VP.2012.PALIN,Sarah Palin to be Republican VP nominee in 2012,20,0.2,Jul/05/2012 02:58:43
743556,REP.VP.2012.PALIN,Sarah Palin to be Republican VP nominee in 2012,80,0.2,Jul/05/2012 12:50:28
743556,REP.VP.2012.PALIN,Sarah Palin to be Republican VP nominee in 2012,1,0.2,Jul/05/2012 12:50:28
743556,REP.VP.2012.PALIN,Sarah Palin to be Republican VP nominee in 2012,50,0.3,Jul/05/2012 12:50:42
743556,REP.VP.2012.PALIN,Sarah Palin to be Republican VP nominee in 2012,1,0.3,Jul/05/2012 12:50:42
743556,REP.VP.2012.PALIN,Sarah Palin to be Republican VP nominee in 2012,20,0.3,Jul/05/2012 12:50:42
743556,REP.VP.2012.PALIN,Sarah Palin to be Republican VP nominee in 2012,10,0.3,Jul/05/2012 12:50:42
743556,REP.VP.2012.PALIN,Sarah Palin to be Republican VP nominee in 2012,1,0.4,Jul/05/2012 21:25:08
743556,REP.VP.2012.PALIN,Sarah Palin to be Republican VP nominee in 2012,50,0.4,Jul/05/2012 21:25:08
743556,REP.VP.2012.PALIN,Sarah Palin to be Republican VP nominee in 2012,10,0.4,Jul/05/2012 21:25:08
743556,REP.VP.2012.PALIN,Sarah Palin to be Republican VP nominee in 2012,10,0.4,Jul/05/2012 21:25:08
743556,REP.VP.2012.PALIN,Sarah Palin to be Republican VP nominee in 2012,8,0.4,Jul/05/2012 21:25:08
743556,REP.VP.2012.PALIN,Sarah Palin to be Republican VP nominee in 2012,10,0.4,Jul/05/2012 21:25:08
743556,REP.VP.2012.PALIN,Sarah Palin to be Republican VP nominee in 2012,61,0.4,Jul/05/2012 21:25:08
743556,REP.VP.2012.PALIN,Sarah Palin to be Republican VP nominee in 2012,100,0.3,Jul/05/2012 21:44:15
743556,REP.VP.2012.PALIN,Sarah Palin to be Republican VP nominee in 2012,30,0.2,Jul/05/2012 23:25:02
743556,REP.VP.2012.PALIN,Sarah Palin to be Republican VP nominee in 2012,20,0.2,Jul/06/2012 01:17:00
743556,REP.VP.2012.PALIN,Sarah Palin to be Republican VP nominee in 2012,1,0.2,Jul/06/2012 01:17:00
743556,REP.VP.2012.PALIN,Sarah Palin to be Republican VP nominee in 2012,79,0.2,Jul/06/2012 14:21:44
743556,REP.VP.2012.PALIN,Sarah Palin to be Republican VP nominee in 2012,10,0.2,Jul/06/2012 14:24:00
743556,REP.VP.2012.PALIN,Sarah Palin to be Republican VP nominee in 2012,11,0.2,Jul/06/2012 15:23:20
743556,REP.VP.2012.PALIN,Sarah Palin to be Republican VP nominee in 2012,1,0.2,Jul/06/2012 15:23:20
743556,REP.VP.2012.PALIN,Sarah Palin to be Republican VP nominee in 2012,50,0.3,Jul/06/2012 17:28:23
743556,REP.VP.2012.PALIN,Sarah Palin to be Republican VP nominee in 2012,15,0.3,Jul/06/2012 17:28:23
743556,REP.VP.2012.PALIN,Sarah Palin to be Republican VP nominee in 2012,1,0.3,Jul/06/2012 17:28:23
743556,REP.VP.2012.PALIN,Sarah Palin to be Republican VP nominee in 2012,50,0.3,Jul/07/2012 02:48:41
743556,REP.VP.2012.PALIN,Sarah Palin to be Republican VP nominee in 2012,1,0.3,Jul/07/2012 02:48:41
743556,REP.VP.2012.PALIN,Sarah Palin to be Republican VP nominee in 2012,10,0.3,Jul/07/2012 02:48:41
743556,REP.VP.2012.PALIN,Sarah Palin to be Republican VP nominee in 2012,24,0.2,Jul/08/2012 05:55:02
743556,REP.VP.2012.PALIN,Sarah Palin to be Republican VP nominee in 2012,6,0.2,Jul/08/2012 06:11:38
743556,REP.VP.2012.PALIN,Sarah Palin to be Republican VP nominee in 2012,33,0.3,Jul/08/2012 12:08:30
743556,REP.VP.2012.PALIN,Sarah Palin to be Republican VP nominee in 2012,10,0.3,Jul/08/2012 16:35:10
743556,REP.VP.2012.PALIN,Sarah Palin to be Republican VP nominee in 2012,7,0.3,Jul/08/2012 17:37:09
743556,REP.VP.2012.PALIN,Sarah Palin to be Republican VP nominee in 2012,1,0.3,Jul/08/2012 17:37:09
743556,REP.VP.2012.PALIN,Sarah Palin to be Republican VP nominee in 2012,5,0.3,Jul/09/2012 01:38:48
743556,REP.VP.2012.PALIN,Sarah Palin to be Republican VP nominee in 2012,1,0.3,Jul/09/2012 01:38:48
743556,REP.VP.2012.PALIN,Sarah Palin to be Republican VP nominee in 2012,6,0.3,Jul/10/2012 22:09:12
743556,REP.VP.2012.PALIN,Sarah Palin to be Republican VP nominee in 2012,4,0.4,Jul/11/2012 09:21:34
743556,REP.VP.2012.PALIN,Sarah Palin to be Republican VP nominee in 2012,35,0.4,Jul/11/2012 18:19:19
743556,REP.VP.2012.PALIN,Sarah Palin to be Republican VP nominee in 2012,1,0.4,Jul/11/2012 18:19:19
743556,REP.VP.2012.PALIN,Sarah Palin to be Republican VP nominee in 2012,100,0.4,Jul/11/2012 18:19:19
743556,REP.VP.2012.PALIN,Sarah Palin to be Republican VP nominee in 2012,10,0.4,Jul/11/2012 18:19:19
743556,REP.VP.2012.PALIN,Sarah Palin to be Republican VP nominee in 2012,70,0.4,Jul/11/2012 18:19:19
743556,REP.VP.2012.PALIN,Sarah Palin to be Republican VP nominee in 2012,50,0.3,Jul/12/2012 23:37:49
743556,REP.VP.2012.PALIN,Sarah Palin to be Republican VP nominee in 2012,1,0.3,Jul/12/2012 23:37:49
743556,REP.VP.2012.PALIN,Sarah Palin to be Republican VP nominee in 2012,20,0.2,Jul/12/2012 23:38:30
743556,REP.VP.2012.PALIN,Sarah Palin to be Republican VP nominee in 2012,2,0.2,Jul/12/2012 23:38:56
743556,REP.VP.2012.PALIN,Sarah Palin to be Republican VP nominee in 2012,10,0.2,Jul/12/2012 23:40:09
743556,REP.VP.2012.PALIN,Sarah Palin to be Republican VP nominee in 2012,26,0.2,Jul/13/2012 00:31:59
743556,REP.VP.2012.PALIN,Sarah Palin to be Republican VP nominee in 2012,10,0.2,Jul/13/2012 00:31:59
743556,REP.VP.2012.PALIN,Sarah Palin to be Republican VP nominee in 2012,14,0.2,Jul/13/2012 00:31:59
743556,REP.VP.2012.PALIN,Sarah Palin to be Republican VP nominee in 2012,100,0.3,Jul/13/2012 07:11:20
743556,REP.VP.2012.PALIN,Sarah Palin to be Republican VP nominee in 2012,1,0.3,Jul/13/2012 07:11:20
743556,REP.VP.2012.PALIN,Sarah Palin to be Republican VP nominee in 2012,50,0.4,Jul/13/2012 16:47:13
743556,REP.VP.2012.PALIN,Sarah Palin to be Republican VP nominee in 2012,1,0.4,Jul/13/2012 16:47:13
743556,REP.VP.2012.PALIN,Sarah Palin to be Republican VP nominee in 2012,100,0.4,Jul/13/2012 16:47:13
743556,REP.VP.2012.PALIN,Sarah Palin to be Republican VP nominee in 2012,10,0.4,Jul/13/2012 16:47:13
743556,REP.VP.2012.PALIN,Sarah Palin to be Republican VP nominee in 2012,12,0.4,Jul/13/2012 16:47:13
743556,REP.VP.2012.PALIN,Sarah Palin to be Republican VP nominee in 2012,12,0.3,Jul/13/2012 23:37:48
743556,REP.VP.2012.PALIN,Sarah Palin to be Republican VP nominee in 2012,38,0.3,Jul/13/2012 23:37:48
743556,REP.VP.2012.PALIN,Sarah Palin to be Republican VP nominee in 2012,5,0.3,Jul/13/2012 23:51:17
743556,REP.VP.2012.PALIN,Sarah Palin to be Republican VP nominee in 2012,4,0.3,Jul/13/2012 23:56:17
743556,REP.VP.2012.PALIN,Sarah Palin to be Republican VP nominee in 2012,50,0.3,Jul/14/2012 04:06:08
743556,REP.VP.2012.PALIN,Sarah Palin to be Republican VP nominee in 2012,2,0.4,Jul/15/2012 14:45:43
743556,REP.VP.2012.PALIN,Sarah Palin to be Republican VP nominee in 2012,1,0.4,Jul/15/2012 14:45:43
743556,REP.VP.2012.PALIN,Sarah Palin to be Republican VP nominee in 2012,50,0.4,Jul/15/2012 14:45:43
743556,REP.VP.2012.PALIN,Sarah Palin to be Republican VP nominee in 2012,12,0.4,Jul/15/2012 14:45:43
743556,REP.VP.2012.PALIN,Sarah Palin to be Republican VP nominee in 2012,100,0.4,Jul/15/2012 14:45:43
743556,REP.VP.2012.PALIN,Sarah Palin to be Republican VP nominee in 2012,20,0.4,Jul/15/2012 14:45:43
743556,REP.VP.2012.PALIN,Sarah Palin to be Republican VP nominee in 2012,253,0.4,Jul/15/2012 17:48:52
743556,REP.VP.2012.PALIN,Sarah Palin to be Republican VP nominee in 2012,1,0.4,Jul/15/2012 17:48:52
743556,REP.VP.2012.PALIN,Sarah Palin to be Republican VP nominee in 2012,1,0.3,Jul/16/2012 01:16:40
743556,REP.VP.2012.PALIN,Sarah Palin to be Republican VP nominee in 2012,5,0.3,Jul/16/2012 03:17:05
743556,REP.VP.2012.PALIN,Sarah Palin to be Republican VP nominee in 2012,56,0.2,Jul/16/2012 14:40:09
743556,REP.VP.2012.PALIN,Sarah Palin to be Republican VP nominee in 2012,10,0.2,Jul/16/2012 14:40:09
743556,REP.VP.2012.PALIN,Sarah Palin to be Republican VP nominee in 2012,14,0.2,Jul/16/2012 14:40:09
743556,REP.VP.2012.PALIN,Sarah Palin to be Republican VP nominee in 2012,10,0.1,Jul/16/2012 14:46:25
743556,REP.VP.2012.PALIN,Sarah Palin to be Republican VP nominee in 2012,20,0.1,Jul/16/2012 14:46:25
743556,REP.VP.2012.PALIN,Sarah Palin to be Republican VP nominee in 2012,20,0.2,Jul/16/2012 14:58:05
743556,REP.VP.2012.PALIN,Sarah Palin to be Republican VP nominee in 2012,1,0.2,Jul/16/2012 14:58:05
743556,REP.VP.2012.PALIN,Sarah Palin to be Republican VP nominee in 2012,125,0.2,Jul/16/2012 14:58:05
743556,REP.VP.2012.PALIN,Sarah Palin to be Republican VP nominee in 2012,52,0.2,Jul/16/2012 14:58:50
743556,REP.VP.2012.PALIN,Sarah Palin to be Republican VP nominee in 2012,98,0.2,Jul/16/2012 15:04:57
743556,REP.VP.2012.PALIN,Sarah Palin to be Republican VP nominee in 2012,100,0.2,Jul/16/2012 15:04:57
743556,REP.VP.2012.PALIN,Sarah Palin to be Republican VP nominee in 2012,162,0.2,Jul/16/2012 15:06:42
743556,REP.VP.2012.PALIN,Sarah Palin to be Republican VP nominee in 2012,468,0.2,Jul/16/2012 15:08:44
743556,REP.VP.2012.PALIN,Sarah Palin to be Republican VP nominee in 2012,55,0.1,Jul/16/2012 15:45:35
743556,REP.VP.2012.PALIN,Sarah Palin to be Republican VP nominee in 2012,20,0.1,Jul/16/2012 15:46:01
743556,REP.VP.2012.PALIN,Sarah Palin to be Republican VP nominee in 2012,100,0.2,Jul/16/2012 17:21:25
743556,REP.VP.2012.PALIN,Sarah Palin to be Republican VP nominee in 2012,1,0.2,Jul/16/2012 17:21:25
743556,REP.VP.2012.PALIN,Sarah Palin to be Republican VP nominee in 2012,200,0.2,Jul/16/2012 17:37:02
743556,REP.VP.2012.PALIN,Sarah Palin to be Republican VP nominee in 2012,317,0.2,Jul/16/2012 17:39:20
743556,REP.VP.2012.PALIN,Sarah Palin to be Republican VP nominee in 2012,30,0.2,Jul/16/2012 21:49:28
743556,REP.VP.2012.PALIN,Sarah Palin to be Republican VP nominee in 2012,1,0.2,Jul/16/2012 21:49:28
743556,REP.VP.2012.PALIN,Sarah Palin to be Republican VP nominee in 2012,100,0.2,Jul/16/2012 22:07:16
743556,REP.VP.2012.PALIN,Sarah Palin to be Republican VP nominee in 2012,100,0.2,Jul/16/2012 23:34:37
743556,REP.VP.2012.PALIN,Sarah Palin to be Republican VP nominee in 2012,1,0.2,Jul/16/2012 23:34:37
743556,REP.VP.2012.PALIN,Sarah Palin to be Republican VP nominee in 2012,1,0.2,Jul/17/2012 00:37:34
743556,REP.VP.2012.PALIN,Sarah Palin to be Republican VP nominee in 2012,1,0.2,Jul/17/2012 01:34:49
743556,REP.VP.2012.PALIN,Sarah Palin to be Republican VP nominee in 2012,1,0.2,Jul/17/2012 01:34:49
743556,REP.VP.2012.PALIN,Sarah Palin to be Republican VP nominee in 2012,20,0.2,Jul/17/2012 10:48:45
743556,REP.VP.2012.PALIN,Sarah Palin to be Republican VP nominee in 2012,1,0.2,Jul/17/2012 10:48:45
743556,REP.VP.2012.PALIN,Sarah Palin to be Republican VP nominee in 2012,100,0.2,Jul/17/2012 15:20:44
743556,REP.VP.2012.PALIN,Sarah Palin to be Republican VP nominee in 2012,1,0.2,Jul/17/2012 15:20:44
743556,REP.VP.2012.PALIN,Sarah Palin to be Republican VP nominee in 2012,18,0.2,Jul/18/2012 16:26:37
743556,REP.VP.2012.PALIN,Sarah Palin to be Republican VP nominee in 2012,70,0.2,Jul/18/2012 21:22:10
743556,REP.VP.2012.PALIN,Sarah Palin to be Republican VP nominee in 2012,100,0.2,Jul/19/2012 00:33:54
743556,REP.VP.2012.PALIN,Sarah Palin to be Republican VP nominee in 2012,12,0.2,Jul/19/2012 04:05:37
743556,REP.VP.2012.PALIN,Sarah Palin to be Republican VP nominee in 2012,12,0.2,Jul/19/2012 04:08:46
743556,REP.VP.2012.PALIN,Sarah Palin to be Republican VP nominee in 2012,76,0.2,Jul/19/2012 13:54:30
743556,REP.VP.2012.PALIN,Sarah Palin to be Republican VP nominee in 2012,1,0.2,Jul/19/2012 13:54:30
743556,REP.VP.2012.PALIN,Sarah Palin to be Republican VP nominee in 2012,10,0.2,Jul/19/2012 13:54:30
743556,REP.VP.2012.PALIN,Sarah Palin to be Republican VP nominee in 2012,50,0.3,Jul/19/2012 17:06:04
743556,REP.VP.2012.PALIN,Sarah Palin to be Republican VP nominee in 2012,1,0.3,Jul/19/2012 17:06:04
743556,REP.VP.2012.PALIN,Sarah Palin to be Republican VP nominee in 2012,100,0.3,Jul/19/2012 17:06:04
743556,REP.VP.2012.PALIN,Sarah Palin to be Republican VP nominee in 2012,100,0.3,Jul/19/2012 17:06:04
743556,REP.VP.2012.PALIN,Sarah Palin to be Republican VP nominee in 2012,50,0.4,Jul/20/2012 15:46:13
743556,REP.VP.2012.PALIN,Sarah Palin to be Republican VP nominee in 2012,1,0.4,Jul/20/2012 15:46:13
743556,REP.VP.2012.PALIN,Sarah Palin to be Republican VP nominee in 2012,10,0.4,Jul/20/2012 15:46:13
743556,REP.VP.2012.PALIN,Sarah Palin to be Republican VP nominee in 2012,100,0.4,Jul/20/2012 15:46:13
743556,REP.VP.2012.PALIN,Sarah Palin to be Republican VP nominee in 2012,2,0.4,Jul/20/2012 16:08:11
743556,REP.VP.2012.PALIN,Sarah Palin to be Republican VP nominee in 2012,48,0.4,Jul/20/2012 21:29:19
743556,REP.VP.2012.PALIN,Sarah Palin to be Republican VP nominee in 2012,152,0.4,Jul/20/2012 21:49:07
743556,REP.VP.2012.PALIN,Sarah Palin to be Republican VP nominee in 2012,100,0.4,Jul/20/2012 21:49:07
743556,REP.VP.2012.PALIN,Sarah Palin to be Republican VP nominee in 2012,10,0.4,Jul/20/2012 22:45:27
743556,REP.VP.2012.PALIN,Sarah Palin to be Republican VP nominee in 2012,1,0.4,Jul/20/2012 22:45:27
743556,REP.VP.2012.PALIN,Sarah Palin to be Republican VP nominee in 2012,5,0.5,Jul/21/2012 20:22:24
743556,REP.VP.2012.PALIN,Sarah Palin to be Republican VP nominee in 2012,5,0.5,Jul/21/2012 20:26:04
743556,REP.VP.2012.PALIN,Sarah Palin to be Republican VP nominee in 2012,90,0.5,Jul/22/2012 01:26:44
743556,REP.VP.2012.PALIN,Sarah Palin to be Republican VP nominee in 2012,1,0.5,Jul/22/2012 01:26:44
743556,REP.VP.2012.PALIN,Sarah Palin to be Republican VP nominee in 2012,500,0.5,Jul/22/2012 01:26:44
743556,REP.VP.2012.PALIN,Sarah Palin to be Republican VP nominee in 2012,100,0.5,Jul/22/2012 01:26:44
743556,REP.VP.2012.PALIN,Sarah Palin to be Republican VP nominee in 2012,100,0.5,Jul/22/2012 01:26:44
743556,REP.VP.2012.PALIN,Sarah Palin to be Republican VP nominee in 2012,100,0.5,Jul/22/2012 01:26:44
743556,REP.VP.2012.PALIN,Sarah Palin to be Republican VP nominee in 2012,100,0.5,Jul/22/2012 01:26:44
743556,REP.VP.2012.PALIN,Sarah Palin to be Republican VP nominee in 2012,100,0.5,Jul/22/2012 01:26:44
743556,REP.VP.2012.PALIN,Sarah Palin to be Republican VP nominee in 2012,10,0.4,Jul/22/2012 21:34:00
743556,REP.VP.2012.PALIN,Sarah Palin to be Republican VP nominee in 2012,1,0.4,Jul/22/2012 21:34:00
743556,REP.VP.2012.PALIN,Sarah Palin to be Republican VP nominee in 2012,50,0.4,Jul/23/2012 03:01:20
743556,REP.VP.2012.PALIN,Sarah Palin to be Republican VP nominee in 2012,1,0.4,Jul/23/2012 03:01:20
743556,REP.VP.2012.PALIN,Sarah Palin to be Republican VP nominee in 2012,100,0.2,Jul/23/2012 14:13:12
743556,REP.VP.2012.PALIN,Sarah Palin to be Republican VP nominee in 2012,700,0.2,Jul/23/2012 14:13:12
743556,REP.VP.2012.PALIN,Sarah Palin to be Republican VP nominee in 2012,100,0.3,Jul/23/2012 14:13:12
743556,REP.VP.2012.PALIN,Sarah Palin to be Republican VP nominee in 2012,100,0.4,Jul/23/2012 14:13:12
743556,REP.VP.2012.PALIN,Sarah Palin to be Republican VP nominee in 2012,100,0.4,Jul/24/2012 08:27:25
743556,REP.VP.2012.PALIN,Sarah Palin to be Republican VP nominee in 2012,1,0.4,Jul/24/2012 08:27:25
743556,REP.VP.2012.PALIN,Sarah Palin to be Republican VP nominee in 2012,20,0.5,Jul/24/2012 13:24:27
743556,REP.VP.2012.PALIN,Sarah Palin to be Republican VP nominee in 2012,5,0.3,Jul/24/2012 13:25:33
743556,REP.VP.2012.PALIN,Sarah Palin to be Republican VP nominee in 2012,15,0.5,Jul/24/2012 13:26:08
743556,REP.VP.2012.PALIN,Sarah Palin to be Republican VP nominee in 2012,15,0.3,Jul/24/2012 13:26:27
743556,REP.VP.2012.PALIN,Sarah Palin to be Republican VP nominee in 2012,10,0.5,Jul/24/2012 16:35:05
743556,REP.VP.2012.PALIN,Sarah Palin to be Republican VP nominee in 2012,50,0.4,Jul/24/2012 22:41:34
743556,REP.VP.2012.PALIN,Sarah Palin to be Republican VP nominee in 2012,10,0.4,Jul/25/2012 00:32:24
743556,REP.VP.2012.PALIN,Sarah Palin to be Republican VP nominee in 2012,5,0.5,Jul/25/2012 13:54:31
743556,REP.VP.2012.PALIN,Sarah Palin to be Republican VP nominee in 2012,1,0.5,Jul/25/2012 13:54:31
743556,REP.VP.2012.PALIN,Sarah Palin to be Republican VP nominee in 2012,4,0.5,Jul/25/2012 13:54:31
743556,REP.VP.2012.PALIN,Sarah Palin to be Republican VP nominee in 2012,1,0.5,Jul/25/2012 14:42:54
743556,REP.VP.2012.PALIN,Sarah Palin to be Republican VP nominee in 2012,100,0.5,Jul/25/2012 14:42:54
743556,REP.VP.2012.PALIN,Sarah Palin to be Republican VP nominee in 2012,90,0.5,Jul/25/2012 14:42:54
743556,REP.VP.2012.PALIN,Sarah Palin to be Republican VP nominee in 2012,100,0.5,Jul/25/2012 14:42:54
743556,REP.VP.2012.PALIN,Sarah Palin to be Republican VP nominee in 2012,1,0.5,Jul/25/2012 14:42:54
743556,REP.VP.2012.PALIN,Sarah Palin to be Republican VP nominee in 2012,90,0.4,Jul/25/2012 15:52:09
743556,REP.VP.2012.PALIN,Sarah Palin to be Republican VP nominee in 2012,1,0.4,Jul/25/2012 15:52:09
743556,REP.VP.2012.PALIN,Sarah Palin to be Republican VP nominee in 2012,409,0.4,Jul/25/2012 15:52:09
743556,REP.VP.2012.PALIN,Sarah Palin to be Republican VP nominee in 2012,22,0.5,Jul/25/2012 16:05:22
743556,REP.VP.2012.PALIN,Sarah Palin to be Republican VP nominee in 2012,100,0.5,Jul/25/2012 17:17:53
743556,REP.VP.2012.PALIN,Sarah Palin to be Republican VP nominee in 2012,1,0.5,Jul/25/2012 17:17:53
743556,REP.VP.2012.PALIN,Sarah Palin to be Republican VP nominee in 2012,52,0.5,Jul/25/2012 17:19:16
743556,REP.VP.2012.PALIN,Sarah Palin to be Republican VP nominee in 2012,54,0.5,Jul/25/2012 17:25:27
743556,REP.VP.2012.PALIN,Sarah Palin to be Republican VP nominee in 2012,591,0.4,Jul/25/2012 17:29:16
743556,REP.VP.2012.PALIN,Sarah Palin to be Republican VP nominee in 2012,500,0.4,Jul/25/2012 17:29:16
743556,REP.VP.2012.PALIN,Sarah Palin to be Republican VP nominee in 2012,1000,0.5,Jul/25/2012 17:30:23
743556,REP.VP.2012.PALIN,Sarah Palin to be Republican VP nominee in 2012,10,0.4,Jul/25/2012 17:47:35
743556,REP.VP.2012.PALIN,Sarah Palin to be Republican VP nominee in 2012,50,0.5,Jul/25/2012 21:26:57
743556,REP.VP.2012.PALIN,Sarah Palin to be Republican VP nominee in 2012,1,0.5,Jul/25/2012 21:26:57
743556,REP.VP.2012.PALIN,Sarah Palin to be Republican VP nominee in 2012,4,0.6,Jul/25/2012 23:01:27
743556,REP.VP.2012.PALIN,Sarah Palin to be Republican VP nominee in 2012,1,0.4,Jul/26/2012 00:41:28
743556,REP.VP.2012.PALIN,Sarah Palin to be Republican VP nominee in 2012,10,0.4,Jul/26/2012 00:41:41
743556,REP.VP.2012.PALIN,Sarah Palin to be Republican VP nominee in 2012,10,0.4,Jul/26/2012 00:41:51
743556,REP.VP.2012.PALIN,Sarah Palin to be Republican VP nominee in 2012,10,0.4,Jul/26/2012 00:42:01
743556,REP.VP.2012.PALIN,Sarah Palin to be Republican VP nominee in 2012,10,0.4,Jul/26/2012 00:42:13
743556,REP.VP.2012.PALIN,Sarah Palin to be Republican VP nominee in 2012,10,0.4,Jul/26/2012 00:42:22
743556,REP.VP.2012.PALIN,Sarah Palin to be Republican VP nominee in 2012,19,0.4,Jul/26/2012 00:42:32
743556,REP.VP.2012.PALIN,Sarah Palin to be Republican VP nominee in 2012,19,0.4,Jul/26/2012 00:43:19
743556,REP.VP.2012.PALIN,Sarah Palin to be Republican VP nominee in 2012,1,0.4,Jul/26/2012 00:43:36
743556,REP.VP.2012.PALIN,Sarah Palin to be Republican VP nominee in 2012,5,0.4,Jul/26/2012 00:43:45
743556,REP.VP.2012.PALIN,Sarah Palin to be Republican VP nominee in 2012,6,0.4,Jul/26/2012 00:43:55
743556,REP.VP.2012.PALIN,Sarah Palin to be Republican VP nominee in 2012,1,0.4,Jul/26/2012 00:44:21
743556,REP.VP.2012.PALIN,Sarah Palin to be Republican VP nominee in 2012,1,0.4,Jul/26/2012 00:44:32
743556,REP.VP.2012.PALIN,Sarah Palin to be Republican VP nominee in 2012,1,0.6,Jul/26/2012 00:46:53
743556,REP.VP.2012.PALIN,Sarah Palin to be Republican VP nominee in 2012,1,0.6,Jul/26/2012 00:46:53
743556,REP.VP.2012.PALIN,Sarah Palin to be Republican VP nominee in 2012,3,0.6,Jul/26/2012 00:46:53
743556,REP.VP.2012.PALIN,Sarah Palin to be Republican VP nominee in 2012,5,0.5,Jul/26/2012 04:10:30
743556,REP.VP.2012.PALIN,Sarah Palin to be Republican VP nominee in 2012,1,0.5,Jul/26/2012 04:10:30
743556,REP.VP.2012.PALIN,Sarah Palin to be Republican VP nominee in 2012,1,0.4,Jul/26/2012 12:56:26
743556,REP.VP.2012.PALIN,Sarah Palin to be Republican VP nominee in 2012,50,0.5,Jul/26/2012 15:49:11
743556,REP.VP.2012.PALIN,Sarah Palin to be Republican VP nominee in 2012,50,0.5,Jul/26/2012 17:49:25
743556,REP.VP.2012.PALIN,Sarah Palin to be Republican VP nominee in 2012,1,0.6,Jul/26/2012 17:55:01
743556,REP.VP.2012.PALIN,Sarah Palin to be Republican VP nominee in 2012,10,0.6,Jul/26/2012 18:40:59
743556,REP.VP.2012.PALIN,Sarah Palin to be Republican VP nominee in 2012,36,0.6,Jul/26/2012 21:31:16
743556,REP.VP.2012.PALIN,Sarah Palin to be Republican VP nominee in 2012,59,0.6,Jul/26/2012 21:31:16
743556,REP.VP.2012.PALIN,Sarah Palin to be Republican VP nominee in 2012,1,0.6,Jul/26/2012 21:31:16
743556,REP.VP.2012.PALIN,Sarah Palin to be Republican VP nominee in 2012,4,0.6,Jul/26/2012 21:31:16
743556,REP.VP.2012.PALIN,Sarah Palin to be Republican VP nominee in 2012,100,0.4,Jul/26/2012 23:14:17
743556,REP.VP.2012.PALIN,Sarah Palin to be Republican VP nominee in 2012,40,0.5,Jul/27/2012 01:09:27
743556,REP.VP.2012.PALIN,Sarah Palin to be Republican VP nominee in 2012,100,0.5,Jul/27/2012 01:09:27
743556,REP.VP.2012.PALIN,Sarah Palin to be Republican VP nominee in 2012,1,0.5,Jul/27/2012 01:09:27
743556,REP.VP.2012.PALIN,Sarah Palin to be Republican VP nominee in 2012,1,0.4,Jul/27/2012 02:41:06
743556,REP.VP.2012.PALIN,Sarah Palin to be Republican VP nominee in 2012,1,0.5,Jul/27/2012 08:00:15
743556,REP.VP.2012.PALIN,Sarah Palin to be Republican VP nominee in 2012,49,0.5,Jul/27/2012 14:49:30
743556,REP.VP.2012.PALIN,Sarah Palin to be Republican VP nominee in 2012,1,0.5,Jul/27/2012 14:56:51
743556,REP.VP.2012.PALIN,Sarah Palin to be Republican VP nominee in 2012,10,0.6,Jul/27/2012 16:11:39
743556,REP.VP.2012.PALIN,Sarah Palin to be Republican VP nominee in 2012,40,0.6,Jul/27/2012 16:33:30
743556,REP.VP.2012.PALIN,Sarah Palin to be Republican VP nominee in 2012,1,0.6,Jul/27/2012 16:33:30
743556,REP.VP.2012.PALIN,Sarah Palin to be Republican VP nominee in 2012,500,0.6,Jul/27/2012 16:33:30
743556,REP.VP.2012.PALIN,Sarah Palin to be Republican VP nominee in 2012,20,0.5,Jul/27/2012 16:56:10
743556,REP.VP.2012.PALIN,Sarah Palin to be Republican VP nominee in 2012,79,0.5,Jul/27/2012 17:04:40
743556,REP.VP.2012.PALIN,Sarah Palin to be Republican VP nominee in 2012,8,0.6,Jul/27/2012 19:02:27
743556,REP.VP.2012.PALIN,Sarah Palin to be Republican VP nominee in 2012,1,0.6,Jul/27/2012 19:02:27
743556,REP.VP.2012.PALIN,Sarah Palin to be Republican VP nominee in 2012,1,0.5,Jul/28/2012 11:43:04
743556,REP.VP.2012.PALIN,Sarah Palin to be Republican VP nominee in 2012,5,0.5,Jul/28/2012 11:47:40
743556,REP.VP.2012.PALIN,Sarah Palin to be Republican VP nominee in 2012,99,0.4,Jul/28/2012 19:24:29
743556,REP.VP.2012.PALIN,Sarah Palin to be Republican VP nominee in 2012,39,0.4,Jul/28/2012 19:24:29
743556,REP.VP.2012.PALIN,Sarah Palin to be Republican VP nominee in 2012,100,0.5,Jul/28/2012 19:30:17
743556,REP.VP.2012.PALIN,Sarah Palin to be Republican VP nominee in 2012,39,0.5,Jul/28/2012 19:30:17
743556,REP.VP.2012.PALIN,Sarah Palin to be Republican VP nominee in 2012,5,0.5,Jul/29/2012 05:42:29
743556,REP.VP.2012.PALIN,Sarah Palin to be Republican VP nominee in 2012,1,0.7,Jul/29/2012 11:50:25
743556,REP.VP.2012.PALIN,Sarah Palin to be Republican VP nominee in 2012,1,0.5,Jul/29/2012 13:41:27
743556,REP.VP.2012.PALIN,Sarah Palin to be Republican VP nominee in 2012,1,0.5,Jul/29/2012 13:41:33
743556,REP.VP.2012.PALIN,Sarah Palin to be Republican VP nominee in 2012,400,0.6,Jul/29/2012 16:12:48
743556,REP.VP.2012.PALIN,Sarah Palin to be Republican VP nominee in 2012,1,0.6,Jul/29/2012 16:12:48
743556,REP.VP.2012.PALIN,Sarah Palin to be Republican VP nominee in 2012,93,0.5,Jul/29/2012 17:10:37
743556,REP.VP.2012.PALIN,Sarah Palin to be Republican VP nominee in 2012,50,0.5,Jul/29/2012 20:21:52
743556,REP.VP.2012.PALIN,Sarah Palin to be Republican VP nominee in 2012,1,0.5,Jul/29/2012 20:21:52
743556,REP.VP.2012.PALIN,Sarah Palin to be Republican VP nominee in 2012,500,0.5,Jul/29/2012 23:17:19
743556,REP.VP.2012.PALIN,Sarah Palin to be Republican VP nominee in 2012,1,0.5,Jul/29/2012 23:17:19
743556,REP.VP.2012.PALIN,Sarah Palin to be Republican VP nominee in 2012,50,0.6,Jul/30/2012 13:39:54
743556,REP.VP.2012.PALIN,Sarah Palin to be Republican VP nominee in 2012,1,0.6,Jul/30/2012 13:59:27
743556,REP.VP.2012.PALIN,Sarah Palin to be Republican VP nominee in 2012,100,0.6,Jul/30/2012 13:59:27
743556,REP.VP.2012.PALIN,Sarah Palin to be Republican VP nominee in 2012,101,0.5,Jul/30/2012 14:16:13
743556,REP.VP.2012.PALIN,Sarah Palin to be Republican VP nominee in 2012,43,0.5,Jul/30/2012 14:19:57
743556,REP.VP.2012.PALIN,Sarah Palin to be Republican VP nominee in 2012,100,0.6,Jul/30/2012 15:30:04
743556,REP.VP.2012.PALIN,Sarah Palin to be Republican VP nominee in 2012,1,0.6,Jul/30/2012 15:30:04
743556,REP.VP.2012.PALIN,Sarah Palin to be Republican VP nominee in 2012,2,0.6,Jul/30/2012 21:41:11
743556,REP.VP.2012.PALIN,Sarah Palin to be Republican VP nominee in 2012,1,0.6,Jul/30/2012 21:41:11
743556,REP.VP.2012.PALIN,Sarah Palin to be Republican VP nominee in 2012,100,0.6,Jul/30/2012 21:41:11
743556,REP.VP.2012.PALIN,Sarah Palin to be Republican VP nominee in 2012,77,0.5,Jul/30/2012 21:53:34
743556,REP.VP.2012.PALIN,Sarah Palin to be Republican VP nominee in 2012,300,0.5,Jul/30/2012 21:53:34
743556,REP.VP.2012.PALIN,Sarah Palin to be Republican VP nominee in 2012,1,0.5,Jul/30/2012 22:52:37
743556,REP.VP.2012.PALIN,Sarah Palin to be Republican VP nominee in 2012,1,0.5,Jul/30/2012 22:52:37
743556,REP.VP.2012.PALIN,Sarah Palin to be Republican VP nominee in 2012,222,0.6,Jul/30/2012 23:20:19
743556,REP.VP.2012.PALIN,Sarah Palin to be Republican VP nominee in 2012,1,0.6,Jul/30/2012 23:20:19
743556,REP.VP.2012.PALIN,Sarah Palin to be Republican VP nominee in 2012,40,0.6,Jul/31/2012 01:59:49
743556,REP.VP.2012.PALIN,Sarah Palin to be Republican VP nominee in 2012,50,0.6,Jul/31/2012 03:59:43
743556,REP.VP.2012.PALIN,Sarah Palin to be Republican VP nominee in 2012,20,0.6,Jul/31/2012 04:00:17
743556,REP.VP.2012.PALIN,Sarah Palin to be Republican VP nominee in 2012,20,0.6,Jul/31/2012 04:00:37
743556,REP.VP.2012.PALIN,Sarah Palin to be Republican VP nominee in 2012,3,0.6,Jul/31/2012 07:32:57
743556,REP.VP.2012.PALIN,Sarah Palin to be Republican VP nominee in 2012,100,0.6,Jul/31/2012 11:09:46
743556,REP.VP.2012.PALIN,Sarah Palin to be Republican VP nominee in 2012,50,0.6,Jul/31/2012 11:10:05
743556,REP.VP.2012.PALIN,Sarah Palin to be Republican VP nominee in 2012,17,0.6,Jul/31/2012 11:10:35
743556,REP.VP.2012.PALIN,Sarah Palin to be Republican VP nominee in 2012,23,0.6,Jul/31/2012 11:10:35
743556,REP.VP.2012.PALIN,Sarah Palin to be Republican VP nominee in 2012,1,0.6,Jul/31/2012 18:59:56
743556,REP.VP.2012.PALIN,Sarah Palin to be Republican VP nominee in 2012,1,0.6,Jul/31/2012 18:59:56
743556,REP.VP.2012.PALIN,Sarah Palin to be Republican VP nominee in 2012,1,0.6,Jul/31/2012 18:59:56
743556,REP.VP.2012.PALIN,Sarah Palin to be Republican VP nominee in 2012,100,0.6,Jul/31/2012 18:59:56
743556,REP.VP.2012.PALIN,Sarah Palin to be Republican VP nominee in 2012,1,0.5,Aug/01/2012 01:29:41
743556,REP.VP.2012.PALIN,Sarah Palin to be Republican VP nominee in 2012,100,0.6,Aug/01/2012 04:16:44
743556,REP.VP.2012.PALIN,Sarah Palin to be Republican VP nominee in 2012,1,0.6,Aug/01/2012 04:16:44
743556,REP.VP.2012.PALIN,Sarah Palin to be Republican VP nominee in 2012,1,0.5,Aug/01/2012 15:42:16
743556,REP.VP.2012.PALIN,Sarah Palin to be Republican VP nominee in 2012,100,0.6,Aug/01/2012 16:37:35
743556,REP.VP.2012.PALIN,Sarah Palin to be Republican VP nominee in 2012,1,0.6,Aug/01/2012 16:37:35
743556,REP.VP.2012.PALIN,Sarah Palin to be Republican VP nominee in 2012,15,0.6,Aug/01/2012 18:14:52
743556,REP.VP.2012.PALIN,Sarah Palin to be Republican VP nominee in 2012,39,0.6,Aug/01/2012 20:56:30
743556,REP.VP.2012.PALIN,Sarah Palin to be Republican VP nominee in 2012,46,0.6,Aug/01/2012 23:14:29
743556,REP.VP.2012.PALIN,Sarah Palin to be Republican VP nominee in 2012,54,0.6,Aug/01/2012 23:14:29
743556,REP.VP.2012.PALIN,Sarah Palin to be Republican VP nominee in 2012,46,0.6,Aug/01/2012 23:14:40
743556,REP.VP.2012.PALIN,Sarah Palin to be Republican VP nominee in 2012,98,0.5,Aug/01/2012 23:14:51
743556,REP.VP.2012.PALIN,Sarah Palin to be Republican VP nominee in 2012,2,0.5,Aug/01/2012 23:15:47
743556,REP.VP.2012.PALIN,Sarah Palin to be Republican VP nominee in 2012,54,0.6,Aug/02/2012 00:17:50
743556,REP.VP.2012.PALIN,Sarah Palin to be Republican VP nominee in 2012,1,0.6,Aug/02/2012 00:17:50
743556,REP.VP.2012.PALIN,Sarah Palin to be Republican VP nominee in 2012,155,0.6,Aug/02/2012 00:17:50
743556,REP.VP.2012.PALIN,Sarah Palin to be Republican VP nominee in 2012,100,0.6,Aug/02/2012 02:37:12
743556,REP.VP.2012.PALIN,Sarah Palin to be Republican VP nominee in 2012,100,0.6,Aug/02/2012 14:56:26
743556,REP.VP.2012.PALIN,Sarah Palin to be Republican VP nominee in 2012,1,0.6,Aug/02/2012 14:56:26
743556,REP.VP.2012.PALIN,Sarah Palin to be Republican VP nominee in 2012,100,0.6,Aug/02/2012 15:26:11
743556,REP.VP.2012.PALIN,Sarah Palin to be Republican VP nominee in 2012,50,0.7,Aug/02/2012 19:04:31
743556,REP.VP.2012.PALIN,Sarah Palin to be Republican VP nominee in 2012,1,0.7,Aug/02/2012 19:04:31
743556,REP.VP.2012.PALIN,Sarah Palin to be Republican VP nominee in 2012,1,0.7,Aug/02/2012 19:04:31
743556,REP.VP.2012.PALIN,Sarah Palin to be Republican VP nominee in 2012,50,0.7,Aug/02/2012 19:04:31
743556,REP.VP.2012.PALIN,Sarah Palin to be Republican VP nominee in 2012,100,0.7,Aug/02/2012 19:04:31
743556,REP.VP.2012.PALIN,Sarah Palin to be Republican VP nominee in 2012,1,0.7,Aug/02/2012 21:58:40
743556,REP.VP.2012.PALIN,Sarah Palin to be Republican VP nominee in 2012,1,0.7,Aug/02/2012 21:58:40
743556,REP.VP.2012.PALIN,Sarah Palin to be Republican VP nominee in 2012,1,0.7,Aug/02/2012 21:58:40
743556,REP.VP.2012.PALIN,Sarah Palin to be Republican VP nominee in 2012,1,0.7,Aug/02/2012 21:58:40
743556,REP.VP.2012.PALIN,Sarah Palin to be Republican VP nominee in 2012,1,0.7,Aug/02/2012 21:58:40
743556,REP.VP.2012.PALIN,Sarah Palin to be Republican VP nominee in 2012,100,0.8,Aug/03/2012 01:25:04
743556,REP.VP.2012.PALIN,Sarah Palin to be Republican VP nominee in 2012,1,0.8,Aug/03/2012 01:25:04
743556,REP.VP.2012.PALIN,Sarah Palin to be Republican VP nominee in 2012,24,0.8,Aug/03/2012 01:25:04
743556,REP.VP.2012.PALIN,Sarah Palin to be Republican VP nominee in 2012,50,0.5,Aug/03/2012 02:58:00
743556,REP.VP.2012.PALIN,Sarah Palin to be Republican VP nominee in 2012,1,0.4,Aug/03/2012 07:14:20
743556,REP.VP.2012.PALIN,Sarah Palin to be Republican VP nominee in 2012,34,0.4,Aug/03/2012 07:14:20
743556,REP.VP.2012.PALIN,Sarah Palin to be Republican VP nominee in 2012,5,0.4,Aug/03/2012 11:37:34
743556,REP.VP.2012.PALIN,Sarah Palin to be Republican VP nominee in 2012,20,0.4,Aug/03/2012 11:37:34
743556,REP.VP.2012.PALIN,Sarah Palin to be Republican VP nominee in 2012,10,0.5,Aug/03/2012 14:25:13
