market id,market symbol,market name,trade quantity,trade price,date/time [utc]
754311,REP.VP.2012.PAUL(RON),Ron Paul to be Republican VP nominee in 2012,100,1.0,Nov/29/2011 06:56:52
754311,REP.VP.2012.PAUL(RON),Ron Paul to be Republican VP nominee in 2012,100,1.0,Nov/29/2011 20:45:49
754311,REP.VP.2012.PAUL(RON),Ron Paul to be Republican VP nominee in 2012,100,0.5,Dec/01/2011 03:56:42
754311,REP.VP.2012.PAUL(RON),Ron Paul to be Republican VP nominee in 2012,99,0.5,Dec/01/2011 05:44:31
754311,REP.VP.2012.PAUL(RON),Ron Paul to be Republican VP nominee in 2012,1,0.5,Dec/01/2011 16:31:12
754311,REP.VP.2012.PAUL(RON),Ron Paul to be Republican VP nominee in 2012,1,0.5,Dec/01/2011 16:31:12
754311,REP.VP.2012.PAUL(RON),Ron Paul to be Republican VP nominee in 2012,98,0.5,Dec/03/2011 16:30:20
754311,REP.VP.2012.PAUL(RON),Ron Paul to be Republican VP nominee in 2012,2,0.5,Dec/03/2011 16:49:01
754311,REP.VP.2012.PAUL(RON),Ron Paul to be Republican VP nominee in 2012,50,0.5,Dec/04/2011 23:07:51
754311,REP.VP.2012.PAUL(RON),Ron Paul to be Republican VP nominee in 2012,1,0.5,Dec/06/2011 22:15:59
754311,REP.VP.2012.PAUL(RON),Ron Paul to be Republican VP nominee in 2012,1,0.5,Dec/06/2011 22:15:59
754311,REP.VP.2012.PAUL(RON),Ron Paul to be Republican VP nominee in 2012,8,0.5,Dec/06/2011 22:15:59
754311,REP.VP.2012.PAUL(RON),Ron Paul to be Republican VP nominee in 2012,41,0.5,Dec/06/2011 22:25:52
754311,REP.VP.2012.PAUL(RON),Ron Paul to be Republican VP nominee in 2012,1,0.5,Dec/07/2011 16:53:12
754311,REP.VP.2012.PAUL(RON),Ron Paul to be Republican VP nominee in 2012,1,0.5,Dec/07/2011 16:53:12
754311,REP.VP.2012.PAUL(RON),Ron Paul to be Republican VP nominee in 2012,98,0.5,Dec/07/2011 16:53:12
754311,REP.VP.2012.PAUL(RON),Ron Paul to be Republican VP nominee in 2012,2,0.5,Dec/07/2011 23:27:20
754311,REP.VP.2012.PAUL(RON),Ron Paul to be Republican VP nominee in 2012,1,0.5,Dec/07/2011 23:27:20
754311,REP.VP.2012.PAUL(RON),Ron Paul to be Republican VP nominee in 2012,20,0.5,Dec/08/2011 19:54:26
754311,REP.VP.2012.PAUL(RON),Ron Paul to be Republican VP nominee in 2012,30,0.5,Dec/09/2011 00:09:51
754311,REP.VP.2012.PAUL(RON),Ron Paul to be Republican VP nominee in 2012,1,0.5,Dec/09/2011 00:09:51
754311,REP.VP.2012.PAUL(RON),Ron Paul to be Republican VP nominee in 2012,1,0.9,Dec/09/2011 00:14:45
754311,REP.VP.2012.PAUL(RON),Ron Paul to be Republican VP nominee in 2012,1,0.8,Dec/09/2011 01:45:44
754311,REP.VP.2012.PAUL(RON),Ron Paul to be Republican VP nominee in 2012,10,0.5,Dec/09/2011 04:31:30
754311,REP.VP.2012.PAUL(RON),Ron Paul to be Republican VP nominee in 2012,1,0.6,Dec/09/2011 04:31:30
754311,REP.VP.2012.PAUL(RON),Ron Paul to be Republican VP nominee in 2012,1,0.7,Dec/09/2011 04:31:30
754311,REP.VP.2012.PAUL(RON),Ron Paul to be Republican VP nominee in 2012,1,0.6,Dec/09/2011 04:31:30
754311,REP.VP.2012.PAUL(RON),Ron Paul to be Republican VP nominee in 2012,87,0.5,Dec/11/2011 03:56:53
754311,REP.VP.2012.PAUL(RON),Ron Paul to be Republican VP nominee in 2012,1,0.5,Dec/11/2011 03:56:53
754311,REP.VP.2012.PAUL(RON),Ron Paul to be Republican VP nominee in 2012,50,0.5,Dec/12/2011 02:44:09
754311,REP.VP.2012.PAUL(RON),Ron Paul to be Republican VP nominee in 2012,1,0.5,Dec/12/2011 03:06:44
754311,REP.VP.2012.PAUL(RON),Ron Paul to be Republican VP nominee in 2012,1,0.8,Dec/12/2011 03:06:55
754311,REP.VP.2012.PAUL(RON),Ron Paul to be Republican VP nominee in 2012,1,0.8,Dec/12/2011 03:06:55
754311,REP.VP.2012.PAUL(RON),Ron Paul to be Republican VP nominee in 2012,1,0.9,Dec/12/2011 08:08:53
754311,REP.VP.2012.PAUL(RON),Ron Paul to be Republican VP nominee in 2012,100,1.0,Dec/12/2011 08:08:53
754311,REP.VP.2012.PAUL(RON),Ron Paul to be Republican VP nominee in 2012,50,1.0,Dec/12/2011 08:08:53
754311,REP.VP.2012.PAUL(RON),Ron Paul to be Republican VP nominee in 2012,30,0.9,Dec/12/2011 08:08:53
754311,REP.VP.2012.PAUL(RON),Ron Paul to be Republican VP nominee in 2012,1,0.9,Dec/12/2011 08:08:53
754311,REP.VP.2012.PAUL(RON),Ron Paul to be Republican VP nominee in 2012,43,0.9,Dec/12/2011 08:08:53
754311,REP.VP.2012.PAUL(RON),Ron Paul to be Republican VP nominee in 2012,3,1.0,Dec/12/2011 08:08:53
754311,REP.VP.2012.PAUL(RON),Ron Paul to be Republican VP nominee in 2012,3,0.8,Dec/12/2011 08:08:53
754311,REP.VP.2012.PAUL(RON),Ron Paul to be Republican VP nominee in 2012,1,1.4,Dec/12/2011 10:26:58
754311,REP.VP.2012.PAUL(RON),Ron Paul to be Republican VP nominee in 2012,1,1.3,Dec/14/2011 01:47:22
754311,REP.VP.2012.PAUL(RON),Ron Paul to be Republican VP nominee in 2012,8,1.0,Dec/14/2011 01:57:01
754311,REP.VP.2012.PAUL(RON),Ron Paul to be Republican VP nominee in 2012,10,1.4,Dec/15/2011 17:47:07
754311,REP.VP.2012.PAUL(RON),Ron Paul to be Republican VP nominee in 2012,25,1.4,Dec/15/2011 17:50:05
754311,REP.VP.2012.PAUL(RON),Ron Paul to be Republican VP nominee in 2012,12,1.4,Dec/15/2011 19:21:53
754311,REP.VP.2012.PAUL(RON),Ron Paul to be Republican VP nominee in 2012,1,1.4,Dec/15/2011 19:21:53
754311,REP.VP.2012.PAUL(RON),Ron Paul to be Republican VP nominee in 2012,30,1.5,Dec/15/2011 19:22:26
754311,REP.VP.2012.PAUL(RON),Ron Paul to be Republican VP nominee in 2012,20,1.5,Dec/15/2011 19:25:05
754311,REP.VP.2012.PAUL(RON),Ron Paul to be Republican VP nominee in 2012,7,1.5,Dec/15/2011 19:25:05
754311,REP.VP.2012.PAUL(RON),Ron Paul to be Republican VP nominee in 2012,1,1.9,Dec/15/2011 23:50:42
754311,REP.VP.2012.PAUL(RON),Ron Paul to be Republican VP nominee in 2012,100,1.6,Dec/16/2011 15:35:42
754311,REP.VP.2012.PAUL(RON),Ron Paul to be Republican VP nominee in 2012,22,1.5,Dec/16/2011 16:46:02
754311,REP.VP.2012.PAUL(RON),Ron Paul to be Republican VP nominee in 2012,28,1.5,Dec/16/2011 21:03:29
754311,REP.VP.2012.PAUL(RON),Ron Paul to be Republican VP nominee in 2012,1,1.5,Dec/16/2011 21:03:29
754311,REP.VP.2012.PAUL(RON),Ron Paul to be Republican VP nominee in 2012,50,1.9,Dec/17/2011 08:02:06
754311,REP.VP.2012.PAUL(RON),Ron Paul to be Republican VP nominee in 2012,25,1.9,Dec/17/2011 08:02:06
754311,REP.VP.2012.PAUL(RON),Ron Paul to be Republican VP nominee in 2012,23,1.9,Dec/17/2011 08:07:03
754311,REP.VP.2012.PAUL(RON),Ron Paul to be Republican VP nominee in 2012,99,1.9,Dec/17/2011 08:07:03
754311,REP.VP.2012.PAUL(RON),Ron Paul to be Republican VP nominee in 2012,1,1.9,Dec/17/2011 08:07:03
754311,REP.VP.2012.PAUL(RON),Ron Paul to be Republican VP nominee in 2012,2,2.0,Dec/17/2011 17:51:26
754311,REP.VP.2012.PAUL(RON),Ron Paul to be Republican VP nominee in 2012,1,2.0,Dec/17/2011 17:51:26
754311,REP.VP.2012.PAUL(RON),Ron Paul to be Republican VP nominee in 2012,1,2.0,Dec/17/2011 17:51:26
754311,REP.VP.2012.PAUL(RON),Ron Paul to be Republican VP nominee in 2012,1,2.0,Dec/17/2011 17:51:26
754311,REP.VP.2012.PAUL(RON),Ron Paul to be Republican VP nominee in 2012,45,2.0,Dec/17/2011 17:51:26
754311,REP.VP.2012.PAUL(RON),Ron Paul to be Republican VP nominee in 2012,5,2.0,Dec/17/2011 21:24:52
754311,REP.VP.2012.PAUL(RON),Ron Paul to be Republican VP nominee in 2012,3,2.0,Dec/17/2011 21:24:52
754311,REP.VP.2012.PAUL(RON),Ron Paul to be Republican VP nominee in 2012,1,2.0,Dec/17/2011 21:24:52
754311,REP.VP.2012.PAUL(RON),Ron Paul to be Republican VP nominee in 2012,57,2.4,Dec/19/2011 05:46:05
754311,REP.VP.2012.PAUL(RON),Ron Paul to be Republican VP nominee in 2012,1,2.4,Dec/19/2011 05:46:05
754311,REP.VP.2012.PAUL(RON),Ron Paul to be Republican VP nominee in 2012,1,2.4,Dec/19/2011 05:46:05
754311,REP.VP.2012.PAUL(RON),Ron Paul to be Republican VP nominee in 2012,5,2.5,Dec/21/2011 00:33:56
754311,REP.VP.2012.PAUL(RON),Ron Paul to be Republican VP nominee in 2012,50,2.0,Dec/26/2011 09:16:39
754311,REP.VP.2012.PAUL(RON),Ron Paul to be Republican VP nominee in 2012,1,2.0,Dec/26/2011 09:16:39
754311,REP.VP.2012.PAUL(RON),Ron Paul to be Republican VP nominee in 2012,45,2.5,Dec/26/2011 09:20:57
754311,REP.VP.2012.PAUL(RON),Ron Paul to be Republican VP nominee in 2012,2,2.5,Dec/26/2011 09:20:57
754311,REP.VP.2012.PAUL(RON),Ron Paul to be Republican VP nominee in 2012,10,2.9,Dec/26/2011 09:26:44
754311,REP.VP.2012.PAUL(RON),Ron Paul to be Republican VP nominee in 2012,50,3.0,Dec/26/2011 09:31:31
754311,REP.VP.2012.PAUL(RON),Ron Paul to be Republican VP nominee in 2012,1,3.0,Dec/26/2011 09:31:31
754311,REP.VP.2012.PAUL(RON),Ron Paul to be Republican VP nominee in 2012,3,3.0,Dec/26/2011 09:31:31
754311,REP.VP.2012.PAUL(RON),Ron Paul to be Republican VP nominee in 2012,1,3.0,Dec/26/2011 21:58:15
754311,REP.VP.2012.PAUL(RON),Ron Paul to be Republican VP nominee in 2012,2,2.0,Dec/28/2011 04:05:54
754311,REP.VP.2012.PAUL(RON),Ron Paul to be Republican VP nominee in 2012,248,1.1,Dec/28/2011 19:37:34
754311,REP.VP.2012.PAUL(RON),Ron Paul to be Republican VP nominee in 2012,2,1.2,Dec/28/2011 19:37:34
754311,REP.VP.2012.PAUL(RON),Ron Paul to be Republican VP nominee in 2012,384,1.0,Dec/28/2011 19:38:13
754311,REP.VP.2012.PAUL(RON),Ron Paul to be Republican VP nominee in 2012,2,1.1,Dec/28/2011 19:38:13
754311,REP.VP.2012.PAUL(RON),Ron Paul to be Republican VP nominee in 2012,1,1.0,Dec/28/2011 21:22:32
754311,REP.VP.2012.PAUL(RON),Ron Paul to be Republican VP nominee in 2012,20,1.0,Dec/28/2011 23:36:02
754311,REP.VP.2012.PAUL(RON),Ron Paul to be Republican VP nominee in 2012,2,1.3,Dec/29/2011 03:53:49
754311,REP.VP.2012.PAUL(RON),Ron Paul to be Republican VP nominee in 2012,1,1.3,Dec/29/2011 03:53:49
754311,REP.VP.2012.PAUL(RON),Ron Paul to be Republican VP nominee in 2012,10,1.1,Dec/30/2011 05:01:00
754311,REP.VP.2012.PAUL(RON),Ron Paul to be Republican VP nominee in 2012,10,1.1,Dec/30/2011 18:08:24
754311,REP.VP.2012.PAUL(RON),Ron Paul to be Republican VP nominee in 2012,3,1.1,Dec/30/2011 18:08:24
754311,REP.VP.2012.PAUL(RON),Ron Paul to be Republican VP nominee in 2012,5,0.6,Dec/30/2011 20:30:26
754311,REP.VP.2012.PAUL(RON),Ron Paul to be Republican VP nominee in 2012,40,0.2,Dec/31/2011 20:47:17
754311,REP.VP.2012.PAUL(RON),Ron Paul to be Republican VP nominee in 2012,89,0.2,Dec/31/2011 20:47:17
754311,REP.VP.2012.PAUL(RON),Ron Paul to be Republican VP nominee in 2012,100,0.4,Dec/31/2011 20:47:17
754311,REP.VP.2012.PAUL(RON),Ron Paul to be Republican VP nominee in 2012,1,0.5,Dec/31/2011 20:47:17
754311,REP.VP.2012.PAUL(RON),Ron Paul to be Republican VP nominee in 2012,3,0.5,Dec/31/2011 20:47:17
754311,REP.VP.2012.PAUL(RON),Ron Paul to be Republican VP nominee in 2012,1,1.1,Dec/31/2011 20:48:23
754311,REP.VP.2012.PAUL(RON),Ron Paul to be Republican VP nominee in 2012,9,0.4,Jan/04/2012 19:18:23
754311,REP.VP.2012.PAUL(RON),Ron Paul to be Republican VP nominee in 2012,1,0.9,Jan/04/2012 19:18:23
754311,REP.VP.2012.PAUL(RON),Ron Paul to be Republican VP nominee in 2012,9,0.4,Jan/04/2012 19:29:41
754311,REP.VP.2012.PAUL(RON),Ron Paul to be Republican VP nominee in 2012,59,0.5,Jan/05/2012 05:25:13
754311,REP.VP.2012.PAUL(RON),Ron Paul to be Republican VP nominee in 2012,1,0.5,Jan/05/2012 05:25:13
754311,REP.VP.2012.PAUL(RON),Ron Paul to be Republican VP nominee in 2012,50,0.6,Jan/05/2012 16:06:24
754311,REP.VP.2012.PAUL(RON),Ron Paul to be Republican VP nominee in 2012,1,0.9,Jan/05/2012 16:07:27
754311,REP.VP.2012.PAUL(RON),Ron Paul to be Republican VP nominee in 2012,1,0.9,Jan/05/2012 18:30:28
754311,REP.VP.2012.PAUL(RON),Ron Paul to be Republican VP nominee in 2012,8,0.9,Jan/06/2012 05:33:54
754311,REP.VP.2012.PAUL(RON),Ron Paul to be Republican VP nominee in 2012,1,0.9,Jan/06/2012 05:33:54
754311,REP.VP.2012.PAUL(RON),Ron Paul to be Republican VP nominee in 2012,39,0.9,Jan/06/2012 05:33:54
754311,REP.VP.2012.PAUL(RON),Ron Paul to be Republican VP nominee in 2012,1,0.6,Jan/06/2012 19:07:50
754311,REP.VP.2012.PAUL(RON),Ron Paul to be Republican VP nominee in 2012,1,0.7,Jan/06/2012 19:07:50
754311,REP.VP.2012.PAUL(RON),Ron Paul to be Republican VP nominee in 2012,1,0.8,Jan/06/2012 19:07:50
754311,REP.VP.2012.PAUL(RON),Ron Paul to be Republican VP nominee in 2012,24,0.6,Jan/08/2012 20:29:00
754311,REP.VP.2012.PAUL(RON),Ron Paul to be Republican VP nominee in 2012,23,0.6,Jan/08/2012 20:29:16
754311,REP.VP.2012.PAUL(RON),Ron Paul to be Republican VP nominee in 2012,1,0.6,Jan/08/2012 20:29:16
754311,REP.VP.2012.PAUL(RON),Ron Paul to be Republican VP nominee in 2012,1,0.6,Jan/09/2012 14:23:18
754311,REP.VP.2012.PAUL(RON),Ron Paul to be Republican VP nominee in 2012,50,0.5,Jan/09/2012 16:01:58
754311,REP.VP.2012.PAUL(RON),Ron Paul to be Republican VP nominee in 2012,1,0.5,Jan/09/2012 16:01:58
754311,REP.VP.2012.PAUL(RON),Ron Paul to be Republican VP nominee in 2012,29,0.5,Jan/09/2012 17:34:35
754311,REP.VP.2012.PAUL(RON),Ron Paul to be Republican VP nominee in 2012,13,0.5,Jan/09/2012 17:36:09
754311,REP.VP.2012.PAUL(RON),Ron Paul to be Republican VP nominee in 2012,46,0.5,Jan/11/2012 17:45:34
754311,REP.VP.2012.PAUL(RON),Ron Paul to be Republican VP nominee in 2012,1,0.5,Jan/11/2012 17:45:34
754311,REP.VP.2012.PAUL(RON),Ron Paul to be Republican VP nominee in 2012,50,0.5,Jan/11/2012 17:45:34
754311,REP.VP.2012.PAUL(RON),Ron Paul to be Republican VP nominee in 2012,1,0.6,Jan/11/2012 17:45:49
754311,REP.VP.2012.PAUL(RON),Ron Paul to be Republican VP nominee in 2012,50,0.5,Jan/14/2012 06:13:28
754311,REP.VP.2012.PAUL(RON),Ron Paul to be Republican VP nominee in 2012,1,0.5,Jan/14/2012 06:13:28
754311,REP.VP.2012.PAUL(RON),Ron Paul to be Republican VP nominee in 2012,49,0.5,Jan/14/2012 06:13:28
754311,REP.VP.2012.PAUL(RON),Ron Paul to be Republican VP nominee in 2012,1,0.5,Jan/14/2012 19:05:48
754311,REP.VP.2012.PAUL(RON),Ron Paul to be Republican VP nominee in 2012,1,0.5,Jan/14/2012 19:05:48
754311,REP.VP.2012.PAUL(RON),Ron Paul to be Republican VP nominee in 2012,19,0.6,Jan/14/2012 19:06:34
754311,REP.VP.2012.PAUL(RON),Ron Paul to be Republican VP nominee in 2012,1,0.6,Jan/14/2012 19:06:34
754311,REP.VP.2012.PAUL(RON),Ron Paul to be Republican VP nominee in 2012,20,0.7,Jan/14/2012 19:06:51
754311,REP.VP.2012.PAUL(RON),Ron Paul to be Republican VP nominee in 2012,1,0.7,Jan/14/2012 19:06:51
754311,REP.VP.2012.PAUL(RON),Ron Paul to be Republican VP nominee in 2012,20,0.8,Jan/14/2012 19:08:34
754311,REP.VP.2012.PAUL(RON),Ron Paul to be Republican VP nominee in 2012,10,0.9,Jan/14/2012 19:09:24
754311,REP.VP.2012.PAUL(RON),Ron Paul to be Republican VP nominee in 2012,9,0.9,Jan/14/2012 19:09:24
754311,REP.VP.2012.PAUL(RON),Ron Paul to be Republican VP nominee in 2012,10,0.9,Jan/14/2012 19:09:24
754311,REP.VP.2012.PAUL(RON),Ron Paul to be Republican VP nominee in 2012,1,0.9,Jan/14/2012 19:09:24
754311,REP.VP.2012.PAUL(RON),Ron Paul to be Republican VP nominee in 2012,14,1.0,Jan/14/2012 22:41:40
754311,REP.VP.2012.PAUL(RON),Ron Paul to be Republican VP nominee in 2012,10,1.0,Jan/16/2012 16:19:10
754311,REP.VP.2012.PAUL(RON),Ron Paul to be Republican VP nominee in 2012,4,0.5,Jan/17/2012 03:58:19
754311,REP.VP.2012.PAUL(RON),Ron Paul to be Republican VP nominee in 2012,4,0.5,Jan/18/2012 01:34:36
754311,REP.VP.2012.PAUL(RON),Ron Paul to be Republican VP nominee in 2012,13,0.4,Jan/18/2012 01:39:16
754311,REP.VP.2012.PAUL(RON),Ron Paul to be Republican VP nominee in 2012,2,0.5,Jan/18/2012 01:39:16
754311,REP.VP.2012.PAUL(RON),Ron Paul to be Republican VP nominee in 2012,5,0.5,Jan/18/2012 01:39:16
754311,REP.VP.2012.PAUL(RON),Ron Paul to be Republican VP nominee in 2012,1,0.4,Jan/18/2012 03:42:12
754311,REP.VP.2012.PAUL(RON),Ron Paul to be Republican VP nominee in 2012,50,0.4,Jan/18/2012 22:58:49
754311,REP.VP.2012.PAUL(RON),Ron Paul to be Republican VP nominee in 2012,7,0.5,Jan/20/2012 00:45:36
754311,REP.VP.2012.PAUL(RON),Ron Paul to be Republican VP nominee in 2012,1,0.5,Jan/20/2012 00:45:36
754311,REP.VP.2012.PAUL(RON),Ron Paul to be Republican VP nominee in 2012,7,0.5,Jan/20/2012 00:45:36
754311,REP.VP.2012.PAUL(RON),Ron Paul to be Republican VP nominee in 2012,43,0.5,Jan/20/2012 04:02:49
754311,REP.VP.2012.PAUL(RON),Ron Paul to be Republican VP nominee in 2012,10,0.5,Jan/20/2012 04:02:49
754311,REP.VP.2012.PAUL(RON),Ron Paul to be Republican VP nominee in 2012,40,0.5,Jan/20/2012 04:02:49
754311,REP.VP.2012.PAUL(RON),Ron Paul to be Republican VP nominee in 2012,1,0.5,Jan/20/2012 04:02:49
754311,REP.VP.2012.PAUL(RON),Ron Paul to be Republican VP nominee in 2012,1,0.6,Jan/20/2012 04:03:49
754311,REP.VP.2012.PAUL(RON),Ron Paul to be Republican VP nominee in 2012,1,0.5,Jan/20/2012 04:10:48
754311,REP.VP.2012.PAUL(RON),Ron Paul to be Republican VP nominee in 2012,49,0.5,Jan/21/2012 00:24:01
754311,REP.VP.2012.PAUL(RON),Ron Paul to be Republican VP nominee in 2012,1,0.5,Jan/21/2012 00:24:01
754311,REP.VP.2012.PAUL(RON),Ron Paul to be Republican VP nominee in 2012,5,0.6,Jan/21/2012 13:19:55
754311,REP.VP.2012.PAUL(RON),Ron Paul to be Republican VP nominee in 2012,10,0.6,Jan/21/2012 13:19:55
754311,REP.VP.2012.PAUL(RON),Ron Paul to be Republican VP nominee in 2012,1,0.6,Jan/21/2012 13:19:55
754311,REP.VP.2012.PAUL(RON),Ron Paul to be Republican VP nominee in 2012,6,0.8,Jan/21/2012 13:20:26
754311,REP.VP.2012.PAUL(RON),Ron Paul to be Republican VP nominee in 2012,1,0.8,Jan/21/2012 13:20:26
754311,REP.VP.2012.PAUL(RON),Ron Paul to be Republican VP nominee in 2012,4,0.9,Jan/21/2012 13:20:54
754311,REP.VP.2012.PAUL(RON),Ron Paul to be Republican VP nominee in 2012,50,0.9,Jan/21/2012 13:20:54
754311,REP.VP.2012.PAUL(RON),Ron Paul to be Republican VP nominee in 2012,56,1.0,Jan/21/2012 13:22:04
754311,REP.VP.2012.PAUL(RON),Ron Paul to be Republican VP nominee in 2012,50,1.0,Jan/21/2012 13:22:04
754311,REP.VP.2012.PAUL(RON),Ron Paul to be Republican VP nominee in 2012,1,1.0,Jan/21/2012 13:22:04
754311,REP.VP.2012.PAUL(RON),Ron Paul to be Republican VP nominee in 2012,3,0.9,Jan/23/2012 20:31:23
754311,REP.VP.2012.PAUL(RON),Ron Paul to be Republican VP nominee in 2012,20,0.9,Jan/24/2012 03:51:55
754311,REP.VP.2012.PAUL(RON),Ron Paul to be Republican VP nominee in 2012,2,0.8,Jan/24/2012 07:32:05
754311,REP.VP.2012.PAUL(RON),Ron Paul to be Republican VP nominee in 2012,100,0.7,Jan/24/2012 07:32:21
754311,REP.VP.2012.PAUL(RON),Ron Paul to be Republican VP nominee in 2012,10,0.6,Jan/24/2012 07:32:40
754311,REP.VP.2012.PAUL(RON),Ron Paul to be Republican VP nominee in 2012,2,0.5,Jan/24/2012 07:33:21
754311,REP.VP.2012.PAUL(RON),Ron Paul to be Republican VP nominee in 2012,1,0.7,Jan/25/2012 03:16:14
754311,REP.VP.2012.PAUL(RON),Ron Paul to be Republican VP nominee in 2012,20,0.6,Jan/25/2012 03:16:14
754311,REP.VP.2012.PAUL(RON),Ron Paul to be Republican VP nominee in 2012,1,0.5,Jan/25/2012 18:38:08
754311,REP.VP.2012.PAUL(RON),Ron Paul to be Republican VP nominee in 2012,19,0.7,Jan/26/2012 11:49:59
754311,REP.VP.2012.PAUL(RON),Ron Paul to be Republican VP nominee in 2012,1,0.7,Jan/26/2012 11:49:59
754311,REP.VP.2012.PAUL(RON),Ron Paul to be Republican VP nominee in 2012,9,0.7,Jan/26/2012 11:49:59
754311,REP.VP.2012.PAUL(RON),Ron Paul to be Republican VP nominee in 2012,6,0.6,Jan/27/2012 01:14:20
754311,REP.VP.2012.PAUL(RON),Ron Paul to be Republican VP nominee in 2012,50,0.5,Jan/27/2012 01:38:49
754311,REP.VP.2012.PAUL(RON),Ron Paul to be Republican VP nominee in 2012,97,0.5,Jan/27/2012 02:09:22
754311,REP.VP.2012.PAUL(RON),Ron Paul to be Republican VP nominee in 2012,3,0.5,Jan/27/2012 02:09:22
754311,REP.VP.2012.PAUL(RON),Ron Paul to be Republican VP nominee in 2012,2,0.2,Jan/28/2012 01:33:37
754311,REP.VP.2012.PAUL(RON),Ron Paul to be Republican VP nominee in 2012,2,0.2,Jan/28/2012 01:33:47
754311,REP.VP.2012.PAUL(RON),Ron Paul to be Republican VP nominee in 2012,2,0.2,Jan/28/2012 01:33:58
754311,REP.VP.2012.PAUL(RON),Ron Paul to be Republican VP nominee in 2012,5,0.2,Jan/28/2012 01:34:15
754311,REP.VP.2012.PAUL(RON),Ron Paul to be Republican VP nominee in 2012,2,0.2,Jan/28/2012 01:34:26
754311,REP.VP.2012.PAUL(RON),Ron Paul to be Republican VP nominee in 2012,1,0.2,Jan/28/2012 01:34:41
754311,REP.VP.2012.PAUL(RON),Ron Paul to be Republican VP nominee in 2012,50,0.5,Jan/29/2012 05:11:51
754311,REP.VP.2012.PAUL(RON),Ron Paul to be Republican VP nominee in 2012,25,0.5,Jan/29/2012 05:11:51
754311,REP.VP.2012.PAUL(RON),Ron Paul to be Republican VP nominee in 2012,14,0.4,Jan/29/2012 05:11:51
754311,REP.VP.2012.PAUL(RON),Ron Paul to be Republican VP nominee in 2012,20,0.5,Jan/29/2012 05:11:51
754311,REP.VP.2012.PAUL(RON),Ron Paul to be Republican VP nominee in 2012,50,0.3,Jan/29/2012 05:11:51
754311,REP.VP.2012.PAUL(RON),Ron Paul to be Republican VP nominee in 2012,1,0.3,Jan/29/2012 05:11:51
754311,REP.VP.2012.PAUL(RON),Ron Paul to be Republican VP nominee in 2012,1,0.5,Jan/29/2012 05:11:51
754311,REP.VP.2012.PAUL(RON),Ron Paul to be Republican VP nominee in 2012,44,0.6,Jan/29/2012 05:12:06
754311,REP.VP.2012.PAUL(RON),Ron Paul to be Republican VP nominee in 2012,1,0.7,Jan/29/2012 05:12:12
754311,REP.VP.2012.PAUL(RON),Ron Paul to be Republican VP nominee in 2012,1,0.4,Jan/29/2012 16:24:44
754311,REP.VP.2012.PAUL(RON),Ron Paul to be Republican VP nominee in 2012,1,0.4,Jan/29/2012 18:40:00
754311,REP.VP.2012.PAUL(RON),Ron Paul to be Republican VP nominee in 2012,1,0.4,Jan/30/2012 00:29:29
754311,REP.VP.2012.PAUL(RON),Ron Paul to be Republican VP nominee in 2012,25,0.5,Jan/30/2012 00:29:29
754311,REP.VP.2012.PAUL(RON),Ron Paul to be Republican VP nominee in 2012,50,0.3,Jan/30/2012 03:46:07
754311,REP.VP.2012.PAUL(RON),Ron Paul to be Republican VP nominee in 2012,1,0.4,Jan/30/2012 06:55:32
754311,REP.VP.2012.PAUL(RON),Ron Paul to be Republican VP nominee in 2012,25,0.4,Jan/30/2012 06:55:32
754311,REP.VP.2012.PAUL(RON),Ron Paul to be Republican VP nominee in 2012,24,0.5,Jan/30/2012 06:55:32
754311,REP.VP.2012.PAUL(RON),Ron Paul to be Republican VP nominee in 2012,1,0.5,Jan/30/2012 06:55:49
754311,REP.VP.2012.PAUL(RON),Ron Paul to be Republican VP nominee in 2012,1,0.1,Jan/30/2012 06:56:23
754311,REP.VP.2012.PAUL(RON),Ron Paul to be Republican VP nominee in 2012,1,0.4,Jan/31/2012 04:43:38
754311,REP.VP.2012.PAUL(RON),Ron Paul to be Republican VP nominee in 2012,1,0.4,Jan/31/2012 04:43:38
754311,REP.VP.2012.PAUL(RON),Ron Paul to be Republican VP nominee in 2012,3,0.5,Feb/01/2012 05:20:36
754311,REP.VP.2012.PAUL(RON),Ron Paul to be Republican VP nominee in 2012,47,0.5,Feb/01/2012 07:13:49
754311,REP.VP.2012.PAUL(RON),Ron Paul to be Republican VP nominee in 2012,1,0.5,Feb/01/2012 07:13:49
754311,REP.VP.2012.PAUL(RON),Ron Paul to be Republican VP nominee in 2012,50,0.5,Feb/02/2012 20:13:20
754311,REP.VP.2012.PAUL(RON),Ron Paul to be Republican VP nominee in 2012,50,0.5,Feb/02/2012 20:13:20
754311,REP.VP.2012.PAUL(RON),Ron Paul to be Republican VP nominee in 2012,1,0.5,Feb/02/2012 20:13:20
754311,REP.VP.2012.PAUL(RON),Ron Paul to be Republican VP nominee in 2012,50,0.6,Feb/03/2012 06:47:44
754311,REP.VP.2012.PAUL(RON),Ron Paul to be Republican VP nominee in 2012,1,0.6,Feb/03/2012 06:47:44
754311,REP.VP.2012.PAUL(RON),Ron Paul to be Republican VP nominee in 2012,1,0.7,Feb/03/2012 06:48:17
754311,REP.VP.2012.PAUL(RON),Ron Paul to be Republican VP nominee in 2012,1,0.7,Feb/05/2012 15:20:57
754311,REP.VP.2012.PAUL(RON),Ron Paul to be Republican VP nominee in 2012,4,0.7,Feb/05/2012 15:21:14
754311,REP.VP.2012.PAUL(RON),Ron Paul to be Republican VP nominee in 2012,5,0.7,Feb/05/2012 15:21:14
754311,REP.VP.2012.PAUL(RON),Ron Paul to be Republican VP nominee in 2012,20,0.7,Feb/06/2012 00:17:30
754311,REP.VP.2012.PAUL(RON),Ron Paul to be Republican VP nominee in 2012,1,0.7,Feb/06/2012 00:17:30
754311,REP.VP.2012.PAUL(RON),Ron Paul to be Republican VP nominee in 2012,5,0.8,Feb/06/2012 00:17:50
754311,REP.VP.2012.PAUL(RON),Ron Paul to be Republican VP nominee in 2012,5,0.8,Feb/06/2012 00:17:50
754311,REP.VP.2012.PAUL(RON),Ron Paul to be Republican VP nominee in 2012,19,0.6,Feb/07/2012 15:28:19
754311,REP.VP.2012.PAUL(RON),Ron Paul to be Republican VP nominee in 2012,5,0.6,Feb/07/2012 15:28:19
754311,REP.VP.2012.PAUL(RON),Ron Paul to be Republican VP nominee in 2012,19,0.5,Feb/07/2012 15:45:44
754311,REP.VP.2012.PAUL(RON),Ron Paul to be Republican VP nominee in 2012,1,0.6,Feb/07/2012 16:35:42
754311,REP.VP.2012.PAUL(RON),Ron Paul to be Republican VP nominee in 2012,1,0.6,Feb/07/2012 16:35:42
754311,REP.VP.2012.PAUL(RON),Ron Paul to be Republican VP nominee in 2012,8,0.6,Feb/08/2012 03:55:41
754311,REP.VP.2012.PAUL(RON),Ron Paul to be Republican VP nominee in 2012,10,0.6,Feb/08/2012 03:55:41
754311,REP.VP.2012.PAUL(RON),Ron Paul to be Republican VP nominee in 2012,32,0.6,Feb/08/2012 08:00:20
754311,REP.VP.2012.PAUL(RON),Ron Paul to be Republican VP nominee in 2012,1,0.6,Feb/08/2012 08:00:20
754311,REP.VP.2012.PAUL(RON),Ron Paul to be Republican VP nominee in 2012,10,0.7,Feb/09/2012 07:07:40
754311,REP.VP.2012.PAUL(RON),Ron Paul to be Republican VP nominee in 2012,10,0.7,Feb/09/2012 13:20:17
754311,REP.VP.2012.PAUL(RON),Ron Paul to be Republican VP nominee in 2012,5,0.7,Feb/09/2012 22:35:42
754311,REP.VP.2012.PAUL(RON),Ron Paul to be Republican VP nominee in 2012,10,0.7,Feb/09/2012 22:35:42
754311,REP.VP.2012.PAUL(RON),Ron Paul to be Republican VP nominee in 2012,1,0.7,Feb/09/2012 22:35:42
754311,REP.VP.2012.PAUL(RON),Ron Paul to be Republican VP nominee in 2012,5,0.8,Feb/10/2012 12:45:54
754311,REP.VP.2012.PAUL(RON),Ron Paul to be Republican VP nominee in 2012,3,0.8,Feb/10/2012 12:45:54
754311,REP.VP.2012.PAUL(RON),Ron Paul to be Republican VP nominee in 2012,7,0.8,Feb/10/2012 12:45:54
754311,REP.VP.2012.PAUL(RON),Ron Paul to be Republican VP nominee in 2012,1,0.8,Feb/10/2012 12:45:54
754311,REP.VP.2012.PAUL(RON),Ron Paul to be Republican VP nominee in 2012,50,1.0,Feb/10/2012 12:46:25
754311,REP.VP.2012.PAUL(RON),Ron Paul to be Republican VP nominee in 2012,5,0.9,Feb/10/2012 12:46:25
754311,REP.VP.2012.PAUL(RON),Ron Paul to be Republican VP nominee in 2012,10,0.9,Feb/10/2012 12:46:25
754311,REP.VP.2012.PAUL(RON),Ron Paul to be Republican VP nominee in 2012,10,0.9,Feb/10/2012 12:46:25
754311,REP.VP.2012.PAUL(RON),Ron Paul to be Republican VP nominee in 2012,25,1.0,Feb/10/2012 12:46:25
754311,REP.VP.2012.PAUL(RON),Ron Paul to be Republican VP nominee in 2012,50,1.0,Feb/10/2012 12:46:25
754311,REP.VP.2012.PAUL(RON),Ron Paul to be Republican VP nominee in 2012,1,1.0,Feb/10/2012 12:46:25
754311,REP.VP.2012.PAUL(RON),Ron Paul to be Republican VP nominee in 2012,44,1.2,Feb/10/2012 12:49:11
754311,REP.VP.2012.PAUL(RON),Ron Paul to be Republican VP nominee in 2012,1,1.2,Feb/10/2012 12:49:11
754311,REP.VP.2012.PAUL(RON),Ron Paul to be Republican VP nominee in 2012,40,1.3,Feb/11/2012 04:13:04
754311,REP.VP.2012.PAUL(RON),Ron Paul to be Republican VP nominee in 2012,8,1.2,Feb/11/2012 04:13:04
754311,REP.VP.2012.PAUL(RON),Ron Paul to be Republican VP nominee in 2012,1,1.2,Feb/11/2012 04:13:04
754311,REP.VP.2012.PAUL(RON),Ron Paul to be Republican VP nominee in 2012,5,1.4,Feb/11/2012 12:11:36
754311,REP.VP.2012.PAUL(RON),Ron Paul to be Republican VP nominee in 2012,1,1.4,Feb/11/2012 12:11:36
754311,REP.VP.2012.PAUL(RON),Ron Paul to be Republican VP nominee in 2012,3,0.7,Feb/11/2012 13:42:43
754311,REP.VP.2012.PAUL(RON),Ron Paul to be Republican VP nominee in 2012,1,1.0,Feb/12/2012 01:02:00
754311,REP.VP.2012.PAUL(RON),Ron Paul to be Republican VP nominee in 2012,29,1.0,Feb/12/2012 20:33:11
754311,REP.VP.2012.PAUL(RON),Ron Paul to be Republican VP nominee in 2012,1,1.0,Feb/12/2012 20:33:11
754311,REP.VP.2012.PAUL(RON),Ron Paul to be Republican VP nominee in 2012,21,1.8,Feb/13/2012 17:46:38
754311,REP.VP.2012.PAUL(RON),Ron Paul to be Republican VP nominee in 2012,3,1.7,Feb/13/2012 17:46:38
754311,REP.VP.2012.PAUL(RON),Ron Paul to be Republican VP nominee in 2012,1,1.7,Feb/13/2012 17:46:38
754311,REP.VP.2012.PAUL(RON),Ron Paul to be Republican VP nominee in 2012,1,0.8,Feb/13/2012 20:55:55
754311,REP.VP.2012.PAUL(RON),Ron Paul to be Republican VP nominee in 2012,16,1.8,Feb/14/2012 19:10:58
754311,REP.VP.2012.PAUL(RON),Ron Paul to be Republican VP nominee in 2012,5,1.4,Feb/14/2012 19:10:58
754311,REP.VP.2012.PAUL(RON),Ron Paul to be Republican VP nominee in 2012,11,1.0,Feb/14/2012 19:10:58
754311,REP.VP.2012.PAUL(RON),Ron Paul to be Republican VP nominee in 2012,1,1.0,Feb/14/2012 19:10:58
754311,REP.VP.2012.PAUL(RON),Ron Paul to be Republican VP nominee in 2012,2,1.4,Feb/14/2012 19:10:58
754311,REP.VP.2012.PAUL(RON),Ron Paul to be Republican VP nominee in 2012,5,1.6,Feb/16/2012 00:23:24
754311,REP.VP.2012.PAUL(RON),Ron Paul to be Republican VP nominee in 2012,10,1.6,Feb/16/2012 03:37:14
754311,REP.VP.2012.PAUL(RON),Ron Paul to be Republican VP nominee in 2012,25,1.5,Feb/18/2012 17:31:59
754311,REP.VP.2012.PAUL(RON),Ron Paul to be Republican VP nominee in 2012,1,1.5,Feb/18/2012 17:31:59
754311,REP.VP.2012.PAUL(RON),Ron Paul to be Republican VP nominee in 2012,24,1.5,Feb/18/2012 17:31:59
754311,REP.VP.2012.PAUL(RON),Ron Paul to be Republican VP nominee in 2012,12,1.7,Feb/19/2012 04:12:54
754311,REP.VP.2012.PAUL(RON),Ron Paul to be Republican VP nominee in 2012,85,1.6,Feb/19/2012 04:12:54
754311,REP.VP.2012.PAUL(RON),Ron Paul to be Republican VP nominee in 2012,1,1.7,Feb/19/2012 04:12:54
754311,REP.VP.2012.PAUL(RON),Ron Paul to be Republican VP nominee in 2012,26,1.5,Feb/19/2012 04:12:54
754311,REP.VP.2012.PAUL(RON),Ron Paul to be Republican VP nominee in 2012,1,1.5,Feb/19/2012 04:12:54
754311,REP.VP.2012.PAUL(RON),Ron Paul to be Republican VP nominee in 2012,63,1.8,Feb/19/2012 04:19:47
754311,REP.VP.2012.PAUL(RON),Ron Paul to be Republican VP nominee in 2012,50,1.5,Feb/23/2012 03:13:16
754311,REP.VP.2012.PAUL(RON),Ron Paul to be Republican VP nominee in 2012,1,1.5,Feb/23/2012 03:13:16
754311,REP.VP.2012.PAUL(RON),Ron Paul to be Republican VP nominee in 2012,20,1.9,Feb/23/2012 05:15:43
754311,REP.VP.2012.PAUL(RON),Ron Paul to be Republican VP nominee in 2012,1,1.9,Feb/23/2012 05:15:43
754311,REP.VP.2012.PAUL(RON),Ron Paul to be Republican VP nominee in 2012,25,2.0,Feb/23/2012 06:00:33
754311,REP.VP.2012.PAUL(RON),Ron Paul to be Republican VP nominee in 2012,50,2.2,Feb/23/2012 06:30:01
754311,REP.VP.2012.PAUL(RON),Ron Paul to be Republican VP nominee in 2012,1,2.2,Feb/23/2012 06:46:42
754311,REP.VP.2012.PAUL(RON),Ron Paul to be Republican VP nominee in 2012,21,2.2,Feb/23/2012 12:04:08
754311,REP.VP.2012.PAUL(RON),Ron Paul to be Republican VP nominee in 2012,1,2.2,Feb/23/2012 12:04:08
754311,REP.VP.2012.PAUL(RON),Ron Paul to be Republican VP nominee in 2012,5,2.4,Feb/23/2012 14:34:07
754311,REP.VP.2012.PAUL(RON),Ron Paul to be Republican VP nominee in 2012,1,2.4,Feb/23/2012 14:34:07
754311,REP.VP.2012.PAUL(RON),Ron Paul to be Republican VP nominee in 2012,29,3.0,Feb/23/2012 14:42:11
754311,REP.VP.2012.PAUL(RON),Ron Paul to be Republican VP nominee in 2012,3,3.0,Feb/23/2012 14:42:11
754311,REP.VP.2012.PAUL(RON),Ron Paul to be Republican VP nominee in 2012,40,3.0,Feb/23/2012 14:42:11
754311,REP.VP.2012.PAUL(RON),Ron Paul to be Republican VP nominee in 2012,1,3.5,Feb/23/2012 14:44:21
754311,REP.VP.2012.PAUL(RON),Ron Paul to be Republican VP nominee in 2012,3,3.4,Feb/23/2012 17:33:54
754311,REP.VP.2012.PAUL(RON),Ron Paul to be Republican VP nominee in 2012,1,1.1,Feb/23/2012 17:50:32
754311,REP.VP.2012.PAUL(RON),Ron Paul to be Republican VP nominee in 2012,1,1.1,Feb/23/2012 17:52:00
754311,REP.VP.2012.PAUL(RON),Ron Paul to be Republican VP nominee in 2012,1,3.4,Feb/23/2012 21:02:16
754311,REP.VP.2012.PAUL(RON),Ron Paul to be Republican VP nominee in 2012,16,3.9,Feb/24/2012 03:04:43
754311,REP.VP.2012.PAUL(RON),Ron Paul to be Republican VP nominee in 2012,10,3.8,Feb/24/2012 03:04:43
754311,REP.VP.2012.PAUL(RON),Ron Paul to be Republican VP nominee in 2012,27,3.5,Feb/24/2012 03:04:43
754311,REP.VP.2012.PAUL(RON),Ron Paul to be Republican VP nominee in 2012,196,3.4,Feb/24/2012 03:04:43
754311,REP.VP.2012.PAUL(RON),Ron Paul to be Republican VP nominee in 2012,1,3.4,Feb/24/2012 03:04:43
754311,REP.VP.2012.PAUL(RON),Ron Paul to be Republican VP nominee in 2012,10,2.5,Feb/24/2012 03:24:57
754311,REP.VP.2012.PAUL(RON),Ron Paul to be Republican VP nominee in 2012,10,3.0,Feb/24/2012 03:25:08
754311,REP.VP.2012.PAUL(RON),Ron Paul to be Republican VP nominee in 2012,8,3.4,Feb/24/2012 18:14:28
754311,REP.VP.2012.PAUL(RON),Ron Paul to be Republican VP nominee in 2012,1,2.9,Feb/25/2012 12:21:34
754311,REP.VP.2012.PAUL(RON),Ron Paul to be Republican VP nominee in 2012,10,3.0,Feb/26/2012 01:57:58
754311,REP.VP.2012.PAUL(RON),Ron Paul to be Republican VP nominee in 2012,1,3.0,Feb/26/2012 01:57:58
754311,REP.VP.2012.PAUL(RON),Ron Paul to be Republican VP nominee in 2012,2,2.5,Feb/26/2012 16:36:28
754311,REP.VP.2012.PAUL(RON),Ron Paul to be Republican VP nominee in 2012,1,3.0,Feb/27/2012 00:14:17
754311,REP.VP.2012.PAUL(RON),Ron Paul to be Republican VP nominee in 2012,1,2.5,Feb/27/2012 00:14:30
754311,REP.VP.2012.PAUL(RON),Ron Paul to be Republican VP nominee in 2012,20,2.7,Feb/27/2012 06:18:59
754311,REP.VP.2012.PAUL(RON),Ron Paul to be Republican VP nominee in 2012,4,2.5,Feb/27/2012 06:19:22
754311,REP.VP.2012.PAUL(RON),Ron Paul to be Republican VP nominee in 2012,1,2.5,Feb/27/2012 18:21:54
754311,REP.VP.2012.PAUL(RON),Ron Paul to be Republican VP nominee in 2012,1,2.5,Feb/27/2012 18:23:46
754311,REP.VP.2012.PAUL(RON),Ron Paul to be Republican VP nominee in 2012,1,3.5,Feb/27/2012 18:23:58
754311,REP.VP.2012.PAUL(RON),Ron Paul to be Republican VP nominee in 2012,1,2.5,Feb/28/2012 15:52:40
754311,REP.VP.2012.PAUL(RON),Ron Paul to be Republican VP nominee in 2012,1,2.5,Feb/28/2012 15:58:55
754311,REP.VP.2012.PAUL(RON),Ron Paul to be Republican VP nominee in 2012,51,2.5,Feb/28/2012 20:59:04
754311,REP.VP.2012.PAUL(RON),Ron Paul to be Republican VP nominee in 2012,38,2.5,Feb/29/2012 00:49:20
754311,REP.VP.2012.PAUL(RON),Ron Paul to be Republican VP nominee in 2012,149,1.1,Feb/29/2012 02:56:33
754311,REP.VP.2012.PAUL(RON),Ron Paul to be Republican VP nominee in 2012,1,2.0,Feb/29/2012 02:56:33
754311,REP.VP.2012.PAUL(RON),Ron Paul to be Republican VP nominee in 2012,21,1.1,Feb/29/2012 03:53:25
754311,REP.VP.2012.PAUL(RON),Ron Paul to be Republican VP nominee in 2012,10,2.9,Feb/29/2012 14:45:23
754311,REP.VP.2012.PAUL(RON),Ron Paul to be Republican VP nominee in 2012,1,2.9,Feb/29/2012 14:45:23
754311,REP.VP.2012.PAUL(RON),Ron Paul to be Republican VP nominee in 2012,2,2.9,Feb/29/2012 15:08:09
754311,REP.VP.2012.PAUL(RON),Ron Paul to be Republican VP nominee in 2012,1,1.4,Mar/01/2012 02:48:02
754311,REP.VP.2012.PAUL(RON),Ron Paul to be Republican VP nominee in 2012,100,1.4,Mar/01/2012 20:24:09
754311,REP.VP.2012.PAUL(RON),Ron Paul to be Republican VP nominee in 2012,2,1.4,Mar/01/2012 21:45:45
754311,REP.VP.2012.PAUL(RON),Ron Paul to be Republican VP nominee in 2012,46,1.4,Mar/02/2012 04:09:46
754311,REP.VP.2012.PAUL(RON),Ron Paul to be Republican VP nominee in 2012,4,1.3,Mar/02/2012 12:38:13
754311,REP.VP.2012.PAUL(RON),Ron Paul to be Republican VP nominee in 2012,4,1.4,Mar/04/2012 04:31:38
754311,REP.VP.2012.PAUL(RON),Ron Paul to be Republican VP nominee in 2012,1,1.4,Mar/04/2012 04:31:38
754311,REP.VP.2012.PAUL(RON),Ron Paul to be Republican VP nominee in 2012,10,1.5,Mar/04/2012 04:32:23
754311,REP.VP.2012.PAUL(RON),Ron Paul to be Republican VP nominee in 2012,12,1.5,Mar/04/2012 04:32:23
754311,REP.VP.2012.PAUL(RON),Ron Paul to be Republican VP nominee in 2012,10,2.0,Mar/05/2012 17:20:34
754311,REP.VP.2012.PAUL(RON),Ron Paul to be Republican VP nominee in 2012,13,1.5,Mar/05/2012 17:20:34
754311,REP.VP.2012.PAUL(RON),Ron Paul to be Republican VP nominee in 2012,25,2.0,Mar/05/2012 17:20:34
754311,REP.VP.2012.PAUL(RON),Ron Paul to be Republican VP nominee in 2012,1,1.5,Mar/05/2012 17:20:34
754311,REP.VP.2012.PAUL(RON),Ron Paul to be Republican VP nominee in 2012,2,2.0,Mar/05/2012 17:20:34
754311,REP.VP.2012.PAUL(RON),Ron Paul to be Republican VP nominee in 2012,22,2.0,Mar/05/2012 17:20:34
754311,REP.VP.2012.PAUL(RON),Ron Paul to be Republican VP nominee in 2012,50,2.8,Mar/05/2012 17:29:16
754311,REP.VP.2012.PAUL(RON),Ron Paul to be Republican VP nominee in 2012,4,2.8,Mar/05/2012 17:29:16
754311,REP.VP.2012.PAUL(RON),Ron Paul to be Republican VP nominee in 2012,1,3.9,Mar/05/2012 17:39:57
754311,REP.VP.2012.PAUL(RON),Ron Paul to be Republican VP nominee in 2012,9,3.5,Mar/05/2012 17:39:57
754311,REP.VP.2012.PAUL(RON),Ron Paul to be Republican VP nominee in 2012,20,3.5,Mar/05/2012 17:39:57
754311,REP.VP.2012.PAUL(RON),Ron Paul to be Republican VP nominee in 2012,12,3.0,Mar/05/2012 17:39:57
754311,REP.VP.2012.PAUL(RON),Ron Paul to be Republican VP nominee in 2012,10,2.9,Mar/05/2012 17:39:57
754311,REP.VP.2012.PAUL(RON),Ron Paul to be Republican VP nominee in 2012,1,2.9,Mar/05/2012 17:39:57
754311,REP.VP.2012.PAUL(RON),Ron Paul to be Republican VP nominee in 2012,3,3.5,Mar/05/2012 17:39:57
754311,REP.VP.2012.PAUL(RON),Ron Paul to be Republican VP nominee in 2012,1,3.9,Mar/05/2012 17:39:57
754311,REP.VP.2012.PAUL(RON),Ron Paul to be Republican VP nominee in 2012,11,1.5,Mar/06/2012 16:46:24
754311,REP.VP.2012.PAUL(RON),Ron Paul to be Republican VP nominee in 2012,2,1.5,Mar/06/2012 17:53:14
754311,REP.VP.2012.PAUL(RON),Ron Paul to be Republican VP nominee in 2012,1,1.5,Mar/06/2012 17:53:14
754311,REP.VP.2012.PAUL(RON),Ron Paul to be Republican VP nominee in 2012,11,3.2,Mar/07/2012 00:14:24
754311,REP.VP.2012.PAUL(RON),Ron Paul to be Republican VP nominee in 2012,20,3.0,Mar/07/2012 00:14:24
754311,REP.VP.2012.PAUL(RON),Ron Paul to be Republican VP nominee in 2012,1,3.0,Mar/07/2012 00:14:24
754311,REP.VP.2012.PAUL(RON),Ron Paul to be Republican VP nominee in 2012,1,3.2,Mar/07/2012 00:21:53
754311,REP.VP.2012.PAUL(RON),Ron Paul to be Republican VP nominee in 2012,65,3.3,Mar/07/2012 00:21:53
754311,REP.VP.2012.PAUL(RON),Ron Paul to be Republican VP nominee in 2012,1,3.2,Mar/07/2012 00:21:53
754311,REP.VP.2012.PAUL(RON),Ron Paul to be Republican VP nominee in 2012,10,3.5,Mar/07/2012 01:40:00
754311,REP.VP.2012.PAUL(RON),Ron Paul to be Republican VP nominee in 2012,20,4.0,Mar/07/2012 01:40:00
754311,REP.VP.2012.PAUL(RON),Ron Paul to be Republican VP nominee in 2012,1,3.5,Mar/07/2012 01:40:00
754311,REP.VP.2012.PAUL(RON),Ron Paul to be Republican VP nominee in 2012,2,4.0,Mar/07/2012 01:40:00
754311,REP.VP.2012.PAUL(RON),Ron Paul to be Republican VP nominee in 2012,20,3.0,Mar/07/2012 04:17:18
754311,REP.VP.2012.PAUL(RON),Ron Paul to be Republican VP nominee in 2012,1,3.0,Mar/07/2012 04:17:18
754311,REP.VP.2012.PAUL(RON),Ron Paul to be Republican VP nominee in 2012,1,3.8,Mar/07/2012 04:18:31
754311,REP.VP.2012.PAUL(RON),Ron Paul to be Republican VP nominee in 2012,1,3.7,Mar/07/2012 15:57:54
754311,REP.VP.2012.PAUL(RON),Ron Paul to be Republican VP nominee in 2012,20,3.5,Mar/07/2012 18:52:15
754311,REP.VP.2012.PAUL(RON),Ron Paul to be Republican VP nominee in 2012,40,3.5,Mar/07/2012 18:52:15
754311,REP.VP.2012.PAUL(RON),Ron Paul to be Republican VP nominee in 2012,5,3.4,Mar/07/2012 18:52:15
754311,REP.VP.2012.PAUL(RON),Ron Paul to be Republican VP nominee in 2012,1,3.4,Mar/07/2012 18:52:15
754311,REP.VP.2012.PAUL(RON),Ron Paul to be Republican VP nominee in 2012,50,3.0,Mar/07/2012 23:37:22
754311,REP.VP.2012.PAUL(RON),Ron Paul to be Republican VP nominee in 2012,1,3.0,Mar/07/2012 23:37:22
754311,REP.VP.2012.PAUL(RON),Ron Paul to be Republican VP nominee in 2012,1,3.5,Mar/07/2012 23:38:32
754311,REP.VP.2012.PAUL(RON),Ron Paul to be Republican VP nominee in 2012,1,3.5,Mar/08/2012 00:05:28
754311,REP.VP.2012.PAUL(RON),Ron Paul to be Republican VP nominee in 2012,25,3.0,Mar/08/2012 00:05:28
754311,REP.VP.2012.PAUL(RON),Ron Paul to be Republican VP nominee in 2012,1,1.5,Mar/08/2012 02:33:27
754311,REP.VP.2012.PAUL(RON),Ron Paul to be Republican VP nominee in 2012,5,1.6,Mar/08/2012 02:33:27
754311,REP.VP.2012.PAUL(RON),Ron Paul to be Republican VP nominee in 2012,4,1.5,Mar/08/2012 02:33:49
754311,REP.VP.2012.PAUL(RON),Ron Paul to be Republican VP nominee in 2012,1,2.5,Mar/09/2012 00:32:06
754311,REP.VP.2012.PAUL(RON),Ron Paul to be Republican VP nominee in 2012,1,2.6,Mar/09/2012 00:34:02
754311,REP.VP.2012.PAUL(RON),Ron Paul to be Republican VP nominee in 2012,9,2.5,Mar/09/2012 00:34:02
754311,REP.VP.2012.PAUL(RON),Ron Paul to be Republican VP nominee in 2012,1,2.5,Mar/09/2012 00:34:02
754311,REP.VP.2012.PAUL(RON),Ron Paul to be Republican VP nominee in 2012,27,2.0,Mar/14/2012 18:05:24
754311,REP.VP.2012.PAUL(RON),Ron Paul to be Republican VP nominee in 2012,1,2.0,Mar/14/2012 18:05:24
754311,REP.VP.2012.PAUL(RON),Ron Paul to be Republican VP nominee in 2012,20,2.0,Mar/14/2012 20:08:39
754311,REP.VP.2012.PAUL(RON),Ron Paul to be Republican VP nominee in 2012,1,1.6,Mar/15/2012 14:42:35
754311,REP.VP.2012.PAUL(RON),Ron Paul to be Republican VP nominee in 2012,10,2.0,Mar/15/2012 20:44:24
754311,REP.VP.2012.PAUL(RON),Ron Paul to be Republican VP nominee in 2012,1,2.0,Mar/15/2012 20:44:24
754311,REP.VP.2012.PAUL(RON),Ron Paul to be Republican VP nominee in 2012,9,2.0,Mar/15/2012 20:44:24
754311,REP.VP.2012.PAUL(RON),Ron Paul to be Republican VP nominee in 2012,32,2.0,Mar/16/2012 00:30:38
754311,REP.VP.2012.PAUL(RON),Ron Paul to be Republican VP nominee in 2012,9,2.0,Mar/16/2012 16:39:50
754311,REP.VP.2012.PAUL(RON),Ron Paul to be Republican VP nominee in 2012,25,2.0,Mar/16/2012 16:39:50
754311,REP.VP.2012.PAUL(RON),Ron Paul to be Republican VP nominee in 2012,1,2.0,Mar/16/2012 16:39:50
754311,REP.VP.2012.PAUL(RON),Ron Paul to be Republican VP nominee in 2012,33,2.3,Mar/16/2012 20:38:21
754311,REP.VP.2012.PAUL(RON),Ron Paul to be Republican VP nominee in 2012,1,2.3,Mar/16/2012 20:38:21
754311,REP.VP.2012.PAUL(RON),Ron Paul to be Republican VP nominee in 2012,90,1.9,Mar/17/2012 02:12:47
754311,REP.VP.2012.PAUL(RON),Ron Paul to be Republican VP nominee in 2012,1,1.9,Mar/17/2012 02:12:47
754311,REP.VP.2012.PAUL(RON),Ron Paul to be Republican VP nominee in 2012,50,2.0,Mar/17/2012 02:13:13
754311,REP.VP.2012.PAUL(RON),Ron Paul to be Republican VP nominee in 2012,1,2.0,Mar/18/2012 14:29:21
754311,REP.VP.2012.PAUL(RON),Ron Paul to be Republican VP nominee in 2012,1,1.7,Mar/20/2012 00:48:47
754311,REP.VP.2012.PAUL(RON),Ron Paul to be Republican VP nominee in 2012,1,1.7,Mar/20/2012 00:49:32
754311,REP.VP.2012.PAUL(RON),Ron Paul to be Republican VP nominee in 2012,1,1.7,Mar/20/2012 00:50:02
754311,REP.VP.2012.PAUL(RON),Ron Paul to be Republican VP nominee in 2012,1,1.7,Mar/20/2012 00:50:29
754311,REP.VP.2012.PAUL(RON),Ron Paul to be Republican VP nominee in 2012,1,1.7,Mar/20/2012 00:50:57
754311,REP.VP.2012.PAUL(RON),Ron Paul to be Republican VP nominee in 2012,3,2.0,Mar/20/2012 02:59:13
754311,REP.VP.2012.PAUL(RON),Ron Paul to be Republican VP nominee in 2012,10,1.8,Mar/21/2012 22:39:46
754311,REP.VP.2012.PAUL(RON),Ron Paul to be Republican VP nominee in 2012,5,1.8,Mar/22/2012 02:35:11
754311,REP.VP.2012.PAUL(RON),Ron Paul to be Republican VP nominee in 2012,6,2.0,Mar/22/2012 13:39:24
754311,REP.VP.2012.PAUL(RON),Ron Paul to be Republican VP nominee in 2012,1,2.0,Mar/22/2012 13:39:24
754311,REP.VP.2012.PAUL(RON),Ron Paul to be Republican VP nominee in 2012,2,2.0,Mar/22/2012 13:39:24
754311,REP.VP.2012.PAUL(RON),Ron Paul to be Republican VP nominee in 2012,3,2.0,Mar/22/2012 13:39:24
754311,REP.VP.2012.PAUL(RON),Ron Paul to be Republican VP nominee in 2012,35,1.8,Mar/22/2012 13:39:24
754311,REP.VP.2012.PAUL(RON),Ron Paul to be Republican VP nominee in 2012,1,1.8,Mar/22/2012 13:39:24
754311,REP.VP.2012.PAUL(RON),Ron Paul to be Republican VP nominee in 2012,47,2.0,Mar/22/2012 14:50:36
754311,REP.VP.2012.PAUL(RON),Ron Paul to be Republican VP nominee in 2012,3,2.0,Mar/22/2012 14:50:36
754311,REP.VP.2012.PAUL(RON),Ron Paul to be Republican VP nominee in 2012,95,1.7,Mar/22/2012 22:53:16
754311,REP.VP.2012.PAUL(RON),Ron Paul to be Republican VP nominee in 2012,15,2.0,Mar/23/2012 02:46:19
754311,REP.VP.2012.PAUL(RON),Ron Paul to be Republican VP nominee in 2012,2,1.6,Mar/23/2012 13:41:52
754311,REP.VP.2012.PAUL(RON),Ron Paul to be Republican VP nominee in 2012,8,1.8,Mar/23/2012 13:59:23
754311,REP.VP.2012.PAUL(RON),Ron Paul to be Republican VP nominee in 2012,3,1.8,Mar/23/2012 14:00:25
754311,REP.VP.2012.PAUL(RON),Ron Paul to be Republican VP nominee in 2012,1,1.6,Mar/23/2012 14:02:28
754311,REP.VP.2012.PAUL(RON),Ron Paul to be Republican VP nominee in 2012,1,1.6,Mar/23/2012 14:06:16
754311,REP.VP.2012.PAUL(RON),Ron Paul to be Republican VP nominee in 2012,100,1.6,Mar/23/2012 14:33:09
754311,REP.VP.2012.PAUL(RON),Ron Paul to be Republican VP nominee in 2012,1,1.6,Mar/24/2012 08:21:52
754311,REP.VP.2012.PAUL(RON),Ron Paul to be Republican VP nominee in 2012,94,1.6,Mar/25/2012 05:25:28
754311,REP.VP.2012.PAUL(RON),Ron Paul to be Republican VP nominee in 2012,6,1.6,Mar/25/2012 07:16:26
754311,REP.VP.2012.PAUL(RON),Ron Paul to be Republican VP nominee in 2012,1,1.6,Mar/25/2012 07:16:26
754311,REP.VP.2012.PAUL(RON),Ron Paul to be Republican VP nominee in 2012,12,1.6,Mar/25/2012 15:11:17
754311,REP.VP.2012.PAUL(RON),Ron Paul to be Republican VP nominee in 2012,100,1.6,Mar/25/2012 15:27:28
754311,REP.VP.2012.PAUL(RON),Ron Paul to be Republican VP nominee in 2012,2,1.6,Mar/25/2012 18:24:48
754311,REP.VP.2012.PAUL(RON),Ron Paul to be Republican VP nominee in 2012,100,1.6,Mar/25/2012 20:06:06
754311,REP.VP.2012.PAUL(RON),Ron Paul to be Republican VP nominee in 2012,20,1.6,Mar/26/2012 00:20:08
754311,REP.VP.2012.PAUL(RON),Ron Paul to be Republican VP nominee in 2012,5,1.6,Mar/26/2012 15:05:07
754311,REP.VP.2012.PAUL(RON),Ron Paul to be Republican VP nominee in 2012,100,1.6,Mar/26/2012 15:11:10
754311,REP.VP.2012.PAUL(RON),Ron Paul to be Republican VP nominee in 2012,5,1.5,Mar/26/2012 16:42:39
754311,REP.VP.2012.PAUL(RON),Ron Paul to be Republican VP nominee in 2012,54,1.6,Mar/26/2012 16:42:39
754311,REP.VP.2012.PAUL(RON),Ron Paul to be Republican VP nominee in 2012,19,1.5,Mar/26/2012 19:31:51
754311,REP.VP.2012.PAUL(RON),Ron Paul to be Republican VP nominee in 2012,181,1.5,Mar/26/2012 19:31:51
754311,REP.VP.2012.PAUL(RON),Ron Paul to be Republican VP nominee in 2012,19,1.5,Mar/26/2012 21:47:19
754311,REP.VP.2012.PAUL(RON),Ron Paul to be Republican VP nominee in 2012,1,1.5,Mar/27/2012 00:06:32
754311,REP.VP.2012.PAUL(RON),Ron Paul to be Republican VP nominee in 2012,1,1.5,Mar/27/2012 00:06:32
754311,REP.VP.2012.PAUL(RON),Ron Paul to be Republican VP nominee in 2012,1,1.4,Mar/27/2012 14:09:32
754311,REP.VP.2012.PAUL(RON),Ron Paul to be Republican VP nominee in 2012,2,1.4,Mar/27/2012 14:09:54
754311,REP.VP.2012.PAUL(RON),Ron Paul to be Republican VP nominee in 2012,1,1.2,Mar/27/2012 14:13:06
754311,REP.VP.2012.PAUL(RON),Ron Paul to be Republican VP nominee in 2012,1,1.2,Mar/27/2012 14:38:19
754311,REP.VP.2012.PAUL(RON),Ron Paul to be Republican VP nominee in 2012,5,1.2,Mar/27/2012 14:46:12
754311,REP.VP.2012.PAUL(RON),Ron Paul to be Republican VP nominee in 2012,3,1.2,Mar/27/2012 14:47:16
754311,REP.VP.2012.PAUL(RON),Ron Paul to be Republican VP nominee in 2012,2,1.2,Mar/27/2012 14:48:20
754311,REP.VP.2012.PAUL(RON),Ron Paul to be Republican VP nominee in 2012,3,1.2,Mar/27/2012 14:49:12
754311,REP.VP.2012.PAUL(RON),Ron Paul to be Republican VP nominee in 2012,7,1.2,Mar/27/2012 14:51:34
754311,REP.VP.2012.PAUL(RON),Ron Paul to be Republican VP nominee in 2012,7,1.2,Mar/27/2012 14:52:06
754311,REP.VP.2012.PAUL(RON),Ron Paul to be Republican VP nominee in 2012,8,1.2,Mar/27/2012 14:52:26
754311,REP.VP.2012.PAUL(RON),Ron Paul to be Republican VP nominee in 2012,8,1.2,Mar/27/2012 14:52:57
754311,REP.VP.2012.PAUL(RON),Ron Paul to be Republican VP nominee in 2012,2,1.2,Mar/27/2012 14:53:18
754311,REP.VP.2012.PAUL(RON),Ron Paul to be Republican VP nominee in 2012,1,1.2,Mar/27/2012 14:53:49
754311,REP.VP.2012.PAUL(RON),Ron Paul to be Republican VP nominee in 2012,9,1.2,Mar/27/2012 14:55:05
754311,REP.VP.2012.PAUL(RON),Ron Paul to be Republican VP nominee in 2012,6,1.2,Mar/27/2012 14:56:24
754311,REP.VP.2012.PAUL(RON),Ron Paul to be Republican VP nominee in 2012,4,1.2,Mar/27/2012 14:56:47
754311,REP.VP.2012.PAUL(RON),Ron Paul to be Republican VP nominee in 2012,9,1.2,Mar/27/2012 14:58:31
754311,REP.VP.2012.PAUL(RON),Ron Paul to be Republican VP nominee in 2012,5,1.2,Mar/27/2012 14:58:54
754311,REP.VP.2012.PAUL(RON),Ron Paul to be Republican VP nominee in 2012,3,1.2,Mar/27/2012 14:59:57
754311,REP.VP.2012.PAUL(RON),Ron Paul to be Republican VP nominee in 2012,1,1.2,Mar/27/2012 15:20:34
754311,REP.VP.2012.PAUL(RON),Ron Paul to be Republican VP nominee in 2012,1,1.2,Mar/27/2012 15:52:39
754311,REP.VP.2012.PAUL(RON),Ron Paul to be Republican VP nominee in 2012,1,1.2,Mar/27/2012 16:06:11
754311,REP.VP.2012.PAUL(RON),Ron Paul to be Republican VP nominee in 2012,3,1.2,Mar/27/2012 19:03:52
754311,REP.VP.2012.PAUL(RON),Ron Paul to be Republican VP nominee in 2012,20,1.2,Mar/27/2012 20:52:19
754311,REP.VP.2012.PAUL(RON),Ron Paul to be Republican VP nominee in 2012,100,1.2,Mar/28/2012 04:21:27
754311,REP.VP.2012.PAUL(RON),Ron Paul to be Republican VP nominee in 2012,20,1.2,Mar/28/2012 06:19:39
754311,REP.VP.2012.PAUL(RON),Ron Paul to be Republican VP nominee in 2012,70,1.2,Mar/28/2012 15:49:32
754311,REP.VP.2012.PAUL(RON),Ron Paul to be Republican VP nominee in 2012,40,1.2,Mar/28/2012 20:05:30
754311,REP.VP.2012.PAUL(RON),Ron Paul to be Republican VP nominee in 2012,2,1.1,Mar/29/2012 00:05:40
754311,REP.VP.2012.PAUL(RON),Ron Paul to be Republican VP nominee in 2012,1,1.1,Mar/29/2012 00:05:40
754311,REP.VP.2012.PAUL(RON),Ron Paul to be Republican VP nominee in 2012,40,1.2,Mar/29/2012 18:18:26
754311,REP.VP.2012.PAUL(RON),Ron Paul to be Republican VP nominee in 2012,1,1.2,Mar/29/2012 18:18:26
754311,REP.VP.2012.PAUL(RON),Ron Paul to be Republican VP nominee in 2012,8,1.2,Mar/29/2012 18:18:26
754311,REP.VP.2012.PAUL(RON),Ron Paul to be Republican VP nominee in 2012,1,1.1,Mar/31/2012 03:14:48
754311,REP.VP.2012.PAUL(RON),Ron Paul to be Republican VP nominee in 2012,27,1.0,Mar/31/2012 17:27:41
754311,REP.VP.2012.PAUL(RON),Ron Paul to be Republican VP nominee in 2012,373,1.0,Apr/01/2012 18:55:26
754311,REP.VP.2012.PAUL(RON),Ron Paul to be Republican VP nominee in 2012,100,0.8,Apr/02/2012 02:04:03
754311,REP.VP.2012.PAUL(RON),Ron Paul to be Republican VP nominee in 2012,100,0.8,Apr/02/2012 02:04:59
754311,REP.VP.2012.PAUL(RON),Ron Paul to be Republican VP nominee in 2012,1,1.0,Apr/03/2012 02:04:02
754311,REP.VP.2012.PAUL(RON),Ron Paul to be Republican VP nominee in 2012,194,0.8,Apr/03/2012 12:03:18
754311,REP.VP.2012.PAUL(RON),Ron Paul to be Republican VP nominee in 2012,6,0.8,Apr/03/2012 16:10:05
754311,REP.VP.2012.PAUL(RON),Ron Paul to be Republican VP nominee in 2012,20,0.7,Apr/03/2012 20:45:31
754311,REP.VP.2012.PAUL(RON),Ron Paul to be Republican VP nominee in 2012,5,0.8,Apr/04/2012 04:19:01
754311,REP.VP.2012.PAUL(RON),Ron Paul to be Republican VP nominee in 2012,5,0.7,Apr/04/2012 16:12:03
754311,REP.VP.2012.PAUL(RON),Ron Paul to be Republican VP nominee in 2012,2,0.7,Apr/04/2012 16:21:44
754311,REP.VP.2012.PAUL(RON),Ron Paul to be Republican VP nominee in 2012,11,0.6,Apr/04/2012 16:21:50
754311,REP.VP.2012.PAUL(RON),Ron Paul to be Republican VP nominee in 2012,8,0.6,Apr/04/2012 16:21:50
754311,REP.VP.2012.PAUL(RON),Ron Paul to be Republican VP nominee in 2012,10,0.4,Apr/04/2012 18:08:15
754311,REP.VP.2012.PAUL(RON),Ron Paul to be Republican VP nominee in 2012,10,0.4,Apr/04/2012 18:08:15
754311,REP.VP.2012.PAUL(RON),Ron Paul to be Republican VP nominee in 2012,1,0.4,Apr/04/2012 22:37:11
754311,REP.VP.2012.PAUL(RON),Ron Paul to be Republican VP nominee in 2012,1,0.4,Apr/04/2012 22:37:11
754311,REP.VP.2012.PAUL(RON),Ron Paul to be Republican VP nominee in 2012,1,0.4,Apr/04/2012 22:37:11
754311,REP.VP.2012.PAUL(RON),Ron Paul to be Republican VP nominee in 2012,10,0.4,Apr/04/2012 22:37:11
754311,REP.VP.2012.PAUL(RON),Ron Paul to be Republican VP nominee in 2012,1,0.4,Apr/04/2012 22:37:11
754311,REP.VP.2012.PAUL(RON),Ron Paul to be Republican VP nominee in 2012,9,0.4,Apr/05/2012 02:04:45
754311,REP.VP.2012.PAUL(RON),Ron Paul to be Republican VP nominee in 2012,10,0.3,Apr/05/2012 04:16:35
754311,REP.VP.2012.PAUL(RON),Ron Paul to be Republican VP nominee in 2012,2,0.3,Apr/05/2012 04:16:35
754311,REP.VP.2012.PAUL(RON),Ron Paul to be Republican VP nominee in 2012,10,0.3,Apr/05/2012 05:54:51
754311,REP.VP.2012.PAUL(RON),Ron Paul to be Republican VP nominee in 2012,100,0.2,Apr/05/2012 10:47:56
754311,REP.VP.2012.PAUL(RON),Ron Paul to be Republican VP nominee in 2012,11,0.2,Apr/06/2012 17:38:18
754311,REP.VP.2012.PAUL(RON),Ron Paul to be Republican VP nominee in 2012,20,0.2,Apr/07/2012 04:58:22
754311,REP.VP.2012.PAUL(RON),Ron Paul to be Republican VP nominee in 2012,28,0.3,Apr/07/2012 13:58:10
754311,REP.VP.2012.PAUL(RON),Ron Paul to be Republican VP nominee in 2012,10,0.3,Apr/07/2012 13:58:10
754311,REP.VP.2012.PAUL(RON),Ron Paul to be Republican VP nominee in 2012,1,0.3,Apr/07/2012 13:58:10
754311,REP.VP.2012.PAUL(RON),Ron Paul to be Republican VP nominee in 2012,41,0.3,Apr/07/2012 13:58:10
754311,REP.VP.2012.PAUL(RON),Ron Paul to be Republican VP nominee in 2012,1,0.2,Apr/09/2012 13:56:12
754311,REP.VP.2012.PAUL(RON),Ron Paul to be Republican VP nominee in 2012,5,0.2,Apr/09/2012 14:23:17
754311,REP.VP.2012.PAUL(RON),Ron Paul to be Republican VP nominee in 2012,5,0.2,Apr/09/2012 14:23:38
754311,REP.VP.2012.PAUL(RON),Ron Paul to be Republican VP nominee in 2012,5,0.2,Apr/09/2012 14:26:48
754311,REP.VP.2012.PAUL(RON),Ron Paul to be Republican VP nominee in 2012,4,0.2,Apr/09/2012 14:32:03
754311,REP.VP.2012.PAUL(RON),Ron Paul to be Republican VP nominee in 2012,18,0.2,Apr/09/2012 14:32:34
754311,REP.VP.2012.PAUL(RON),Ron Paul to be Republican VP nominee in 2012,100,0.2,Apr/09/2012 15:48:50
754311,REP.VP.2012.PAUL(RON),Ron Paul to be Republican VP nominee in 2012,131,0.2,Apr/10/2012 04:09:13
754311,REP.VP.2012.PAUL(RON),Ron Paul to be Republican VP nominee in 2012,3,0.2,Apr/10/2012 04:09:13
754311,REP.VP.2012.PAUL(RON),Ron Paul to be Republican VP nominee in 2012,278,0.2,Apr/10/2012 05:15:53
754311,REP.VP.2012.PAUL(RON),Ron Paul to be Republican VP nominee in 2012,30,0.3,Apr/10/2012 18:13:38
754311,REP.VP.2012.PAUL(RON),Ron Paul to be Republican VP nominee in 2012,1,0.3,Apr/10/2012 18:13:38
754311,REP.VP.2012.PAUL(RON),Ron Paul to be Republican VP nominee in 2012,2,0.3,Apr/10/2012 18:13:38
754311,REP.VP.2012.PAUL(RON),Ron Paul to be Republican VP nominee in 2012,2,0.3,Apr/11/2012 19:27:41
754311,REP.VP.2012.PAUL(RON),Ron Paul to be Republican VP nominee in 2012,50,0.3,Apr/11/2012 19:27:41
754311,REP.VP.2012.PAUL(RON),Ron Paul to be Republican VP nominee in 2012,3,0.3,Apr/11/2012 19:27:41
754311,REP.VP.2012.PAUL(RON),Ron Paul to be Republican VP nominee in 2012,1,0.3,Apr/11/2012 19:27:41
754311,REP.VP.2012.PAUL(RON),Ron Paul to be Republican VP nominee in 2012,10,0.3,Apr/11/2012 19:27:41
754311,REP.VP.2012.PAUL(RON),Ron Paul to be Republican VP nominee in 2012,11,0.7,Apr/11/2012 19:32:37
754311,REP.VP.2012.PAUL(RON),Ron Paul to be Republican VP nominee in 2012,20,0.7,Apr/11/2012 19:32:37
754311,REP.VP.2012.PAUL(RON),Ron Paul to be Republican VP nominee in 2012,5,0.5,Apr/11/2012 19:32:37
754311,REP.VP.2012.PAUL(RON),Ron Paul to be Republican VP nominee in 2012,10,0.6,Apr/11/2012 19:32:37
754311,REP.VP.2012.PAUL(RON),Ron Paul to be Republican VP nominee in 2012,10,0.8,Apr/11/2012 19:32:37
754311,REP.VP.2012.PAUL(RON),Ron Paul to be Republican VP nominee in 2012,2,0.5,Apr/11/2012 19:32:37
754311,REP.VP.2012.PAUL(RON),Ron Paul to be Republican VP nominee in 2012,1,0.5,Apr/11/2012 19:32:37
754311,REP.VP.2012.PAUL(RON),Ron Paul to be Republican VP nominee in 2012,1,0.7,Apr/11/2012 19:32:37
754311,REP.VP.2012.PAUL(RON),Ron Paul to be Republican VP nominee in 2012,1,0.4,Apr/11/2012 19:32:37
754311,REP.VP.2012.PAUL(RON),Ron Paul to be Republican VP nominee in 2012,1,0.6,Apr/11/2012 19:32:37
754311,REP.VP.2012.PAUL(RON),Ron Paul to be Republican VP nominee in 2012,1,0.8,Apr/11/2012 19:32:37
754311,REP.VP.2012.PAUL(RON),Ron Paul to be Republican VP nominee in 2012,50,0.4,Apr/11/2012 19:32:37
754311,REP.VP.2012.PAUL(RON),Ron Paul to be Republican VP nominee in 2012,200,0.5,Apr/11/2012 19:32:37
754311,REP.VP.2012.PAUL(RON),Ron Paul to be Republican VP nominee in 2012,50,0.6,Apr/11/2012 19:32:37
754311,REP.VP.2012.PAUL(RON),Ron Paul to be Republican VP nominee in 2012,50,0.7,Apr/11/2012 19:32:37
754311,REP.VP.2012.PAUL(RON),Ron Paul to be Republican VP nominee in 2012,50,0.8,Apr/11/2012 19:32:37
754311,REP.VP.2012.PAUL(RON),Ron Paul to be Republican VP nominee in 2012,5,0.9,Apr/11/2012 19:33:14
754311,REP.VP.2012.PAUL(RON),Ron Paul to be Republican VP nominee in 2012,1,0.9,Apr/11/2012 19:33:14
754311,REP.VP.2012.PAUL(RON),Ron Paul to be Republican VP nominee in 2012,50,0.9,Apr/11/2012 19:33:14
754311,REP.VP.2012.PAUL(RON),Ron Paul to be Republican VP nominee in 2012,1,1.0,Apr/11/2012 19:33:14
754311,REP.VP.2012.PAUL(RON),Ron Paul to be Republican VP nominee in 2012,50,0.9,Apr/11/2012 19:33:14
754311,REP.VP.2012.PAUL(RON),Ron Paul to be Republican VP nominee in 2012,100,1.0,Apr/11/2012 19:33:14
754311,REP.VP.2012.PAUL(RON),Ron Paul to be Republican VP nominee in 2012,50,1.9,Apr/11/2012 19:34:01
754311,REP.VP.2012.PAUL(RON),Ron Paul to be Republican VP nominee in 2012,1,1.6,Apr/11/2012 19:34:01
754311,REP.VP.2012.PAUL(RON),Ron Paul to be Republican VP nominee in 2012,3,1.6,Apr/11/2012 19:34:01
754311,REP.VP.2012.PAUL(RON),Ron Paul to be Republican VP nominee in 2012,10,1.8,Apr/11/2012 19:34:01
754311,REP.VP.2012.PAUL(RON),Ron Paul to be Republican VP nominee in 2012,1,1.6,Apr/11/2012 19:34:01
754311,REP.VP.2012.PAUL(RON),Ron Paul to be Republican VP nominee in 2012,2,1.8,Apr/11/2012 19:34:01
754311,REP.VP.2012.PAUL(RON),Ron Paul to be Republican VP nominee in 2012,2,2.0,Apr/11/2012 19:34:01
754311,REP.VP.2012.PAUL(RON),Ron Paul to be Republican VP nominee in 2012,25,1.5,Apr/11/2012 19:34:01
754311,REP.VP.2012.PAUL(RON),Ron Paul to be Republican VP nominee in 2012,25,2.0,Apr/11/2012 19:34:01
754311,REP.VP.2012.PAUL(RON),Ron Paul to be Republican VP nominee in 2012,5,1.5,Apr/11/2012 19:34:01
754311,REP.VP.2012.PAUL(RON),Ron Paul to be Republican VP nominee in 2012,229,2.8,Apr/11/2012 19:34:37
754311,REP.VP.2012.PAUL(RON),Ron Paul to be Republican VP nominee in 2012,10,2.5,Apr/11/2012 19:34:37
754311,REP.VP.2012.PAUL(RON),Ron Paul to be Republican VP nominee in 2012,44,2.9,Apr/11/2012 19:34:37
754311,REP.VP.2012.PAUL(RON),Ron Paul to be Republican VP nominee in 2012,1,2.7,Apr/11/2012 19:34:37
754311,REP.VP.2012.PAUL(RON),Ron Paul to be Republican VP nominee in 2012,10,2.5,Apr/11/2012 19:34:37
754311,REP.VP.2012.PAUL(RON),Ron Paul to be Republican VP nominee in 2012,5,2.5,Apr/11/2012 19:34:37
754311,REP.VP.2012.PAUL(RON),Ron Paul to be Republican VP nominee in 2012,1,2.7,Apr/11/2012 19:34:37
754311,REP.VP.2012.PAUL(RON),Ron Paul to be Republican VP nominee in 2012,4,3.4,Apr/11/2012 19:35:01
754311,REP.VP.2012.PAUL(RON),Ron Paul to be Republican VP nominee in 2012,50,3.9,Apr/11/2012 19:35:01
754311,REP.VP.2012.PAUL(RON),Ron Paul to be Republican VP nominee in 2012,6,2.9,Apr/11/2012 19:35:01
754311,REP.VP.2012.PAUL(RON),Ron Paul to be Republican VP nominee in 2012,49,3.8,Apr/11/2012 19:35:01
754311,REP.VP.2012.PAUL(RON),Ron Paul to be Republican VP nominee in 2012,10,3.0,Apr/11/2012 19:35:01
754311,REP.VP.2012.PAUL(RON),Ron Paul to be Republican VP nominee in 2012,1,3.9,Apr/11/2012 19:35:08
754311,REP.VP.2012.PAUL(RON),Ron Paul to be Republican VP nominee in 2012,3,2.0,Apr/11/2012 19:36:53
754311,REP.VP.2012.PAUL(RON),Ron Paul to be Republican VP nominee in 2012,100,4.5,Apr/11/2012 19:39:19
754311,REP.VP.2012.PAUL(RON),Ron Paul to be Republican VP nominee in 2012,1,5.0,Apr/11/2012 19:41:44
754311,REP.VP.2012.PAUL(RON),Ron Paul to be Republican VP nominee in 2012,75,4.7,Apr/11/2012 19:41:44
754311,REP.VP.2012.PAUL(RON),Ron Paul to be Republican VP nominee in 2012,10,4.6,Apr/11/2012 19:41:44
754311,REP.VP.2012.PAUL(RON),Ron Paul to be Republican VP nominee in 2012,50,5.0,Apr/11/2012 19:41:44
754311,REP.VP.2012.PAUL(RON),Ron Paul to be Republican VP nominee in 2012,2,5.0,Apr/11/2012 19:41:44
754311,REP.VP.2012.PAUL(RON),Ron Paul to be Republican VP nominee in 2012,8,4.5,Apr/11/2012 19:41:44
754311,REP.VP.2012.PAUL(RON),Ron Paul to be Republican VP nominee in 2012,4,4.4,Apr/11/2012 19:41:44
754311,REP.VP.2012.PAUL(RON),Ron Paul to be Republican VP nominee in 2012,100,4.5,Apr/11/2012 19:41:44
754311,REP.VP.2012.PAUL(RON),Ron Paul to be Republican VP nominee in 2012,8,2.0,Apr/11/2012 20:58:14
754311,REP.VP.2012.PAUL(RON),Ron Paul to be Republican VP nominee in 2012,85,3.8,Apr/11/2012 22:54:32
754311,REP.VP.2012.PAUL(RON),Ron Paul to be Republican VP nominee in 2012,47,3.7,Apr/11/2012 22:54:32
754311,REP.VP.2012.PAUL(RON),Ron Paul to be Republican VP nominee in 2012,25,3.6,Apr/11/2012 22:54:32
754311,REP.VP.2012.PAUL(RON),Ron Paul to be Republican VP nominee in 2012,1,3.6,Apr/11/2012 22:54:32
754311,REP.VP.2012.PAUL(RON),Ron Paul to be Republican VP nominee in 2012,1,3.7,Apr/11/2012 22:54:32
754311,REP.VP.2012.PAUL(RON),Ron Paul to be Republican VP nominee in 2012,20,2.0,Apr/11/2012 22:54:32
754311,REP.VP.2012.PAUL(RON),Ron Paul to be Republican VP nominee in 2012,25,3.5,Apr/11/2012 22:54:32
754311,REP.VP.2012.PAUL(RON),Ron Paul to be Republican VP nominee in 2012,1,2.0,Apr/11/2012 22:54:32
754311,REP.VP.2012.PAUL(RON),Ron Paul to be Republican VP nominee in 2012,15,3.5,Apr/11/2012 22:54:32
754311,REP.VP.2012.PAUL(RON),Ron Paul to be Republican VP nominee in 2012,225,3.9,Apr/11/2012 23:13:15
754311,REP.VP.2012.PAUL(RON),Ron Paul to be Republican VP nominee in 2012,15,3.8,Apr/11/2012 23:13:15
754311,REP.VP.2012.PAUL(RON),Ron Paul to be Republican VP nominee in 2012,10,3.7,Apr/11/2012 23:13:15
754311,REP.VP.2012.PAUL(RON),Ron Paul to be Republican VP nominee in 2012,25,2.5,Apr/12/2012 16:11:40
754311,REP.VP.2012.PAUL(RON),Ron Paul to be Republican VP nominee in 2012,1,2.5,Apr/12/2012 16:11:40
754311,REP.VP.2012.PAUL(RON),Ron Paul to be Republican VP nominee in 2012,74,2.5,Apr/13/2012 03:54:16
754311,REP.VP.2012.PAUL(RON),Ron Paul to be Republican VP nominee in 2012,4,1.9,Apr/15/2012 12:14:19
754311,REP.VP.2012.PAUL(RON),Ron Paul to be Republican VP nominee in 2012,1,1.9,Apr/15/2012 12:14:19
754311,REP.VP.2012.PAUL(RON),Ron Paul to be Republican VP nominee in 2012,100,2.0,Apr/15/2012 12:14:49
754311,REP.VP.2012.PAUL(RON),Ron Paul to be Republican VP nominee in 2012,1,2.0,Apr/15/2012 12:14:49
754311,REP.VP.2012.PAUL(RON),Ron Paul to be Republican VP nominee in 2012,57,2.4,Apr/15/2012 12:15:35
754311,REP.VP.2012.PAUL(RON),Ron Paul to be Republican VP nominee in 2012,3,1.0,Apr/15/2012 16:24:50
754311,REP.VP.2012.PAUL(RON),Ron Paul to be Republican VP nominee in 2012,2,1.0,Apr/15/2012 21:29:37
754311,REP.VP.2012.PAUL(RON),Ron Paul to be Republican VP nominee in 2012,1,2.4,Apr/15/2012 21:29:48
754311,REP.VP.2012.PAUL(RON),Ron Paul to be Republican VP nominee in 2012,8,2.4,Apr/16/2012 00:42:15
754311,REP.VP.2012.PAUL(RON),Ron Paul to be Republican VP nominee in 2012,29,1.0,Apr/17/2012 22:36:02
754311,REP.VP.2012.PAUL(RON),Ron Paul to be Republican VP nominee in 2012,25,1.1,Apr/20/2012 04:35:24
754311,REP.VP.2012.PAUL(RON),Ron Paul to be Republican VP nominee in 2012,50,1.1,Apr/20/2012 15:02:43
754311,REP.VP.2012.PAUL(RON),Ron Paul to be Republican VP nominee in 2012,35,1.1,Apr/20/2012 15:03:46
754311,REP.VP.2012.PAUL(RON),Ron Paul to be Republican VP nominee in 2012,1,1.1,Apr/20/2012 15:03:46
754311,REP.VP.2012.PAUL(RON),Ron Paul to be Republican VP nominee in 2012,1,1.1,Apr/20/2012 21:32:56
754311,REP.VP.2012.PAUL(RON),Ron Paul to be Republican VP nominee in 2012,63,1.1,Apr/21/2012 06:48:45
754311,REP.VP.2012.PAUL(RON),Ron Paul to be Republican VP nominee in 2012,10,0.9,Apr/21/2012 18:42:29
754311,REP.VP.2012.PAUL(RON),Ron Paul to be Republican VP nominee in 2012,20,0.9,Apr/23/2012 17:36:19
754311,REP.VP.2012.PAUL(RON),Ron Paul to be Republican VP nominee in 2012,76,0.9,Apr/23/2012 23:37:25
754311,REP.VP.2012.PAUL(RON),Ron Paul to be Republican VP nominee in 2012,4,0.8,Apr/24/2012 17:11:13
754311,REP.VP.2012.PAUL(RON),Ron Paul to be Republican VP nominee in 2012,33,0.8,Apr/24/2012 22:11:04
754311,REP.VP.2012.PAUL(RON),Ron Paul to be Republican VP nominee in 2012,5,0.5,Apr/25/2012 21:06:07
754311,REP.VP.2012.PAUL(RON),Ron Paul to be Republican VP nominee in 2012,5,0.5,Apr/25/2012 21:12:32
754311,REP.VP.2012.PAUL(RON),Ron Paul to be Republican VP nominee in 2012,5,0.5,Apr/25/2012 21:18:38
754311,REP.VP.2012.PAUL(RON),Ron Paul to be Republican VP nominee in 2012,1,0.6,Apr/25/2012 22:51:39
754311,REP.VP.2012.PAUL(RON),Ron Paul to be Republican VP nominee in 2012,5,0.5,Apr/26/2012 02:49:33
754311,REP.VP.2012.PAUL(RON),Ron Paul to be Republican VP nominee in 2012,15,0.4,Apr/26/2012 15:57:06
754311,REP.VP.2012.PAUL(RON),Ron Paul to be Republican VP nominee in 2012,1,0.5,Apr/27/2012 07:52:24
754311,REP.VP.2012.PAUL(RON),Ron Paul to be Republican VP nominee in 2012,14,0.5,Apr/27/2012 14:24:39
754311,REP.VP.2012.PAUL(RON),Ron Paul to be Republican VP nominee in 2012,1,0.5,Apr/27/2012 14:24:39
754311,REP.VP.2012.PAUL(RON),Ron Paul to be Republican VP nominee in 2012,1,0.6,Apr/27/2012 14:28:09
754311,REP.VP.2012.PAUL(RON),Ron Paul to be Republican VP nominee in 2012,1,0.4,Apr/27/2012 18:25:06
754311,REP.VP.2012.PAUL(RON),Ron Paul to be Republican VP nominee in 2012,4,0.4,Apr/28/2012 04:28:34
754311,REP.VP.2012.PAUL(RON),Ron Paul to be Republican VP nominee in 2012,1,0.4,Apr/28/2012 04:28:34
754311,REP.VP.2012.PAUL(RON),Ron Paul to be Republican VP nominee in 2012,45,0.4,Apr/28/2012 04:28:34
754311,REP.VP.2012.PAUL(RON),Ron Paul to be Republican VP nominee in 2012,1,0.5,Apr/28/2012 04:55:33
754311,REP.VP.2012.PAUL(RON),Ron Paul to be Republican VP nominee in 2012,6,0.5,Apr/28/2012 05:53:07
754311,REP.VP.2012.PAUL(RON),Ron Paul to be Republican VP nominee in 2012,1,0.5,Apr/28/2012 05:53:07
754311,REP.VP.2012.PAUL(RON),Ron Paul to be Republican VP nominee in 2012,100,0.5,Apr/28/2012 05:53:07
754311,REP.VP.2012.PAUL(RON),Ron Paul to be Republican VP nominee in 2012,100,0.5,Apr/28/2012 05:53:07
754311,REP.VP.2012.PAUL(RON),Ron Paul to be Republican VP nominee in 2012,5,0.5,Apr/28/2012 21:45:43
754311,REP.VP.2012.PAUL(RON),Ron Paul to be Republican VP nominee in 2012,1,0.5,Apr/29/2012 00:19:23
754311,REP.VP.2012.PAUL(RON),Ron Paul to be Republican VP nominee in 2012,1,0.5,Apr/29/2012 00:19:23
754311,REP.VP.2012.PAUL(RON),Ron Paul to be Republican VP nominee in 2012,2,0.5,Apr/29/2012 00:19:23
754311,REP.VP.2012.PAUL(RON),Ron Paul to be Republican VP nominee in 2012,48,0.6,Apr/29/2012 01:06:04
754311,REP.VP.2012.PAUL(RON),Ron Paul to be Republican VP nominee in 2012,15,0.6,Apr/29/2012 01:06:04
754311,REP.VP.2012.PAUL(RON),Ron Paul to be Republican VP nominee in 2012,5,0.6,Apr/29/2012 01:06:04
754311,REP.VP.2012.PAUL(RON),Ron Paul to be Republican VP nominee in 2012,50,0.7,Apr/29/2012 03:59:11
754311,REP.VP.2012.PAUL(RON),Ron Paul to be Republican VP nominee in 2012,1,0.7,Apr/29/2012 03:59:11
754311,REP.VP.2012.PAUL(RON),Ron Paul to be Republican VP nominee in 2012,17,0.8,Apr/29/2012 04:20:25
754311,REP.VP.2012.PAUL(RON),Ron Paul to be Republican VP nominee in 2012,50,0.8,Apr/29/2012 04:20:25
754311,REP.VP.2012.PAUL(RON),Ron Paul to be Republican VP nominee in 2012,50,1.0,Apr/29/2012 12:31:10
754311,REP.VP.2012.PAUL(RON),Ron Paul to be Republican VP nominee in 2012,100,1.0,Apr/29/2012 12:31:10
754311,REP.VP.2012.PAUL(RON),Ron Paul to be Republican VP nominee in 2012,24,0.9,Apr/29/2012 12:31:10
754311,REP.VP.2012.PAUL(RON),Ron Paul to be Republican VP nominee in 2012,25,1.0,Apr/29/2012 12:31:10
754311,REP.VP.2012.PAUL(RON),Ron Paul to be Republican VP nominee in 2012,4,0.9,Apr/29/2012 12:31:10
754311,REP.VP.2012.PAUL(RON),Ron Paul to be Republican VP nominee in 2012,1,1.0,Apr/29/2012 12:31:10
754311,REP.VP.2012.PAUL(RON),Ron Paul to be Republican VP nominee in 2012,1,0.9,Apr/29/2012 12:31:10
754311,REP.VP.2012.PAUL(RON),Ron Paul to be Republican VP nominee in 2012,50,1.0,Apr/29/2012 12:31:10
754311,REP.VP.2012.PAUL(RON),Ron Paul to be Republican VP nominee in 2012,116,1.1,May/01/2012 16:41:27
754311,REP.VP.2012.PAUL(RON),Ron Paul to be Republican VP nominee in 2012,304,0.9,May/01/2012 16:41:27
754311,REP.VP.2012.PAUL(RON),Ron Paul to be Republican VP nominee in 2012,104,1.0,May/02/2012 13:19:25
754311,REP.VP.2012.PAUL(RON),Ron Paul to be Republican VP nominee in 2012,1,1.0,May/02/2012 13:19:25
754311,REP.VP.2012.PAUL(RON),Ron Paul to be Republican VP nominee in 2012,1,0.9,May/02/2012 15:20:40
754311,REP.VP.2012.PAUL(RON),Ron Paul to be Republican VP nominee in 2012,1,1.0,May/02/2012 17:56:57
754311,REP.VP.2012.PAUL(RON),Ron Paul to be Republican VP nominee in 2012,1,1.0,May/02/2012 17:57:18
754311,REP.VP.2012.PAUL(RON),Ron Paul to be Republican VP nominee in 2012,2,1.0,May/02/2012 17:57:59
754311,REP.VP.2012.PAUL(RON),Ron Paul to be Republican VP nominee in 2012,6,1.0,May/02/2012 17:58:39
754311,REP.VP.2012.PAUL(RON),Ron Paul to be Republican VP nominee in 2012,4,1.0,May/02/2012 17:59:41
754311,REP.VP.2012.PAUL(RON),Ron Paul to be Republican VP nominee in 2012,6,1.0,May/02/2012 18:00:03
754311,REP.VP.2012.PAUL(RON),Ron Paul to be Republican VP nominee in 2012,4,1.0,May/02/2012 18:00:24
754311,REP.VP.2012.PAUL(RON),Ron Paul to be Republican VP nominee in 2012,1,1.0,May/02/2012 18:01:28
754311,REP.VP.2012.PAUL(RON),Ron Paul to be Republican VP nominee in 2012,65,1.0,May/02/2012 21:36:55
754311,REP.VP.2012.PAUL(RON),Ron Paul to be Republican VP nominee in 2012,1,1.0,May/03/2012 12:31:54
754311,REP.VP.2012.PAUL(RON),Ron Paul to be Republican VP nominee in 2012,1,0.9,May/03/2012 14:59:10
754311,REP.VP.2012.PAUL(RON),Ron Paul to be Republican VP nominee in 2012,100,1.1,May/03/2012 17:43:04
754311,REP.VP.2012.PAUL(RON),Ron Paul to be Republican VP nominee in 2012,1,1.1,May/03/2012 17:43:04
754311,REP.VP.2012.PAUL(RON),Ron Paul to be Republican VP nominee in 2012,1,1.1,May/03/2012 17:43:04
754311,REP.VP.2012.PAUL(RON),Ron Paul to be Republican VP nominee in 2012,48,1.1,May/03/2012 18:29:17
754311,REP.VP.2012.PAUL(RON),Ron Paul to be Republican VP nominee in 2012,50,1.0,May/03/2012 18:30:43
754311,REP.VP.2012.PAUL(RON),Ron Paul to be Republican VP nominee in 2012,1,0.9,May/03/2012 19:02:08
754311,REP.VP.2012.PAUL(RON),Ron Paul to be Republican VP nominee in 2012,1,1.0,May/03/2012 22:29:07
754311,REP.VP.2012.PAUL(RON),Ron Paul to be Republican VP nominee in 2012,1,0.9,May/04/2012 03:23:18
754311,REP.VP.2012.PAUL(RON),Ron Paul to be Republican VP nominee in 2012,10,1.1,May/04/2012 17:48:37
754311,REP.VP.2012.PAUL(RON),Ron Paul to be Republican VP nominee in 2012,1,1.1,May/04/2012 17:48:37
754311,REP.VP.2012.PAUL(RON),Ron Paul to be Republican VP nominee in 2012,100,1.1,May/04/2012 17:48:37
754311,REP.VP.2012.PAUL(RON),Ron Paul to be Republican VP nominee in 2012,3,1.1,May/04/2012 17:48:37
754311,REP.VP.2012.PAUL(RON),Ron Paul to be Republican VP nominee in 2012,1,0.9,May/04/2012 17:48:45
754311,REP.VP.2012.PAUL(RON),Ron Paul to be Republican VP nominee in 2012,499,0.9,May/04/2012 20:50:39
754311,REP.VP.2012.PAUL(RON),Ron Paul to be Republican VP nominee in 2012,1,0.5,May/04/2012 20:50:47
754311,REP.VP.2012.PAUL(RON),Ron Paul to be Republican VP nominee in 2012,20,0.9,May/04/2012 20:56:17
754311,REP.VP.2012.PAUL(RON),Ron Paul to be Republican VP nominee in 2012,300,1.0,May/04/2012 21:11:41
754311,REP.VP.2012.PAUL(RON),Ron Paul to be Republican VP nominee in 2012,100,1.0,May/04/2012 21:11:41
754311,REP.VP.2012.PAUL(RON),Ron Paul to be Republican VP nominee in 2012,1,0.9,May/04/2012 21:11:54
754311,REP.VP.2012.PAUL(RON),Ron Paul to be Republican VP nominee in 2012,100,1.1,May/06/2012 17:24:24
754311,REP.VP.2012.PAUL(RON),Ron Paul to be Republican VP nominee in 2012,1,1.1,May/06/2012 17:24:24
754311,REP.VP.2012.PAUL(RON),Ron Paul to be Republican VP nominee in 2012,1,1.0,May/06/2012 17:24:36
754311,REP.VP.2012.PAUL(RON),Ron Paul to be Republican VP nominee in 2012,100,1.1,May/07/2012 01:26:57
754311,REP.VP.2012.PAUL(RON),Ron Paul to be Republican VP nominee in 2012,1,1.1,May/07/2012 01:26:57
754311,REP.VP.2012.PAUL(RON),Ron Paul to be Republican VP nominee in 2012,1,1.0,May/07/2012 01:27:08
754311,REP.VP.2012.PAUL(RON),Ron Paul to be Republican VP nominee in 2012,1,1.0,May/07/2012 01:43:42
754311,REP.VP.2012.PAUL(RON),Ron Paul to be Republican VP nominee in 2012,41,1.0,May/07/2012 16:42:41
754311,REP.VP.2012.PAUL(RON),Ron Paul to be Republican VP nominee in 2012,100,1.1,May/07/2012 20:00:38
754311,REP.VP.2012.PAUL(RON),Ron Paul to be Republican VP nominee in 2012,1,1.1,May/07/2012 20:00:38
754311,REP.VP.2012.PAUL(RON),Ron Paul to be Republican VP nominee in 2012,1,1.0,May/07/2012 20:00:49
754311,REP.VP.2012.PAUL(RON),Ron Paul to be Republican VP nominee in 2012,50,1.1,May/07/2012 21:42:24
754311,REP.VP.2012.PAUL(RON),Ron Paul to be Republican VP nominee in 2012,1,1.1,May/07/2012 21:42:24
754311,REP.VP.2012.PAUL(RON),Ron Paul to be Republican VP nominee in 2012,100,1.1,May/07/2012 21:42:24
754311,REP.VP.2012.PAUL(RON),Ron Paul to be Republican VP nominee in 2012,1,1.0,May/07/2012 21:42:34
754311,REP.VP.2012.PAUL(RON),Ron Paul to be Republican VP nominee in 2012,1,1.0,May/07/2012 21:51:42
754311,REP.VP.2012.PAUL(RON),Ron Paul to be Republican VP nominee in 2012,125,1.1,May/09/2012 20:58:29
754311,REP.VP.2012.PAUL(RON),Ron Paul to be Republican VP nominee in 2012,50,1.2,May/10/2012 03:58:29
754311,REP.VP.2012.PAUL(RON),Ron Paul to be Republican VP nominee in 2012,1,1.2,May/10/2012 03:58:29
754311,REP.VP.2012.PAUL(RON),Ron Paul to be Republican VP nominee in 2012,1,1.0,May/10/2012 04:01:26
754311,REP.VP.2012.PAUL(RON),Ron Paul to be Republican VP nominee in 2012,100,1.1,May/10/2012 19:25:09
754311,REP.VP.2012.PAUL(RON),Ron Paul to be Republican VP nominee in 2012,1,1.1,May/10/2012 19:25:09
754311,REP.VP.2012.PAUL(RON),Ron Paul to be Republican VP nominee in 2012,1,1.0,May/10/2012 19:25:25
754311,REP.VP.2012.PAUL(RON),Ron Paul to be Republican VP nominee in 2012,10,1.2,May/11/2012 02:55:22
754311,REP.VP.2012.PAUL(RON),Ron Paul to be Republican VP nominee in 2012,1,1.2,May/11/2012 02:55:22
754311,REP.VP.2012.PAUL(RON),Ron Paul to be Republican VP nominee in 2012,10,1.3,May/11/2012 02:55:46
754311,REP.VP.2012.PAUL(RON),Ron Paul to be Republican VP nominee in 2012,1,1.3,May/11/2012 02:55:46
754311,REP.VP.2012.PAUL(RON),Ron Paul to be Republican VP nominee in 2012,20,1.4,May/11/2012 02:56:05
754311,REP.VP.2012.PAUL(RON),Ron Paul to be Republican VP nominee in 2012,1,1.4,May/11/2012 02:56:05
754311,REP.VP.2012.PAUL(RON),Ron Paul to be Republican VP nominee in 2012,2,1.5,May/11/2012 03:09:51
754311,REP.VP.2012.PAUL(RON),Ron Paul to be Republican VP nominee in 2012,1,1.0,May/11/2012 03:20:39
754311,REP.VP.2012.PAUL(RON),Ron Paul to be Republican VP nominee in 2012,1,1.2,May/11/2012 15:57:23
754311,REP.VP.2012.PAUL(RON),Ron Paul to be Republican VP nominee in 2012,7,1.2,May/11/2012 17:10:33
754311,REP.VP.2012.PAUL(RON),Ron Paul to be Republican VP nominee in 2012,8,1.2,May/11/2012 20:23:16
754311,REP.VP.2012.PAUL(RON),Ron Paul to be Republican VP nominee in 2012,50,1.1,May/11/2012 22:05:07
754311,REP.VP.2012.PAUL(RON),Ron Paul to be Republican VP nominee in 2012,1,1.0,May/12/2012 22:01:00
754311,REP.VP.2012.PAUL(RON),Ron Paul to be Republican VP nominee in 2012,84,1.2,May/13/2012 15:35:24
754311,REP.VP.2012.PAUL(RON),Ron Paul to be Republican VP nominee in 2012,1,1.2,May/13/2012 15:35:24
754311,REP.VP.2012.PAUL(RON),Ron Paul to be Republican VP nominee in 2012,50,1.2,May/13/2012 15:35:24
754311,REP.VP.2012.PAUL(RON),Ron Paul to be Republican VP nominee in 2012,1,1.0,May/13/2012 15:35:45
754311,REP.VP.2012.PAUL(RON),Ron Paul to be Republican VP nominee in 2012,100,1.1,May/14/2012 14:57:34
754311,REP.VP.2012.PAUL(RON),Ron Paul to be Republican VP nominee in 2012,50,1.1,May/14/2012 16:43:58
754311,REP.VP.2012.PAUL(RON),Ron Paul to be Republican VP nominee in 2012,100,1.2,May/14/2012 18:43:33
754311,REP.VP.2012.PAUL(RON),Ron Paul to be Republican VP nominee in 2012,1,1.2,May/14/2012 18:43:33
754311,REP.VP.2012.PAUL(RON),Ron Paul to be Republican VP nominee in 2012,1,1.0,May/14/2012 18:43:52
754311,REP.VP.2012.PAUL(RON),Ron Paul to be Republican VP nominee in 2012,95,1.0,May/14/2012 20:10:21
754311,REP.VP.2012.PAUL(RON),Ron Paul to be Republican VP nominee in 2012,5,1.0,May/14/2012 22:51:21
754311,REP.VP.2012.PAUL(RON),Ron Paul to be Republican VP nominee in 2012,1,1.0,May/14/2012 22:51:21
754311,REP.VP.2012.PAUL(RON),Ron Paul to be Republican VP nominee in 2012,100,1.0,May/14/2012 22:51:21
754311,REP.VP.2012.PAUL(RON),Ron Paul to be Republican VP nominee in 2012,1,0.9,May/14/2012 22:51:36
754311,REP.VP.2012.PAUL(RON),Ron Paul to be Republican VP nominee in 2012,1,1.4,May/15/2012 16:09:25
754311,REP.VP.2012.PAUL(RON),Ron Paul to be Republican VP nominee in 2012,499,0.9,May/15/2012 16:09:42
754311,REP.VP.2012.PAUL(RON),Ron Paul to be Republican VP nominee in 2012,1,0.5,May/15/2012 16:15:53
754311,REP.VP.2012.PAUL(RON),Ron Paul to be Republican VP nominee in 2012,1,1.0,May/15/2012 19:26:36
754311,REP.VP.2012.PAUL(RON),Ron Paul to be Republican VP nominee in 2012,25,1.0,May/15/2012 20:02:20
754311,REP.VP.2012.PAUL(RON),Ron Paul to be Republican VP nominee in 2012,2,0.7,May/17/2012 00:25:22
754311,REP.VP.2012.PAUL(RON),Ron Paul to be Republican VP nominee in 2012,50,0.6,May/17/2012 11:26:57
754311,REP.VP.2012.PAUL(RON),Ron Paul to be Republican VP nominee in 2012,1,0.6,May/17/2012 11:26:57
754311,REP.VP.2012.PAUL(RON),Ron Paul to be Republican VP nominee in 2012,48,0.7,May/17/2012 11:38:00
754311,REP.VP.2012.PAUL(RON),Ron Paul to be Republican VP nominee in 2012,1,0.7,May/17/2012 11:38:00
754311,REP.VP.2012.PAUL(RON),Ron Paul to be Republican VP nominee in 2012,8,0.5,May/18/2012 04:45:25
754311,REP.VP.2012.PAUL(RON),Ron Paul to be Republican VP nominee in 2012,1,0.5,May/18/2012 04:45:25
754311,REP.VP.2012.PAUL(RON),Ron Paul to be Republican VP nominee in 2012,4,0.5,May/18/2012 05:00:02
754311,REP.VP.2012.PAUL(RON),Ron Paul to be Republican VP nominee in 2012,4,0.5,May/18/2012 16:54:25
754311,REP.VP.2012.PAUL(RON),Ron Paul to be Republican VP nominee in 2012,14,0.4,May/18/2012 17:07:52
754311,REP.VP.2012.PAUL(RON),Ron Paul to be Republican VP nominee in 2012,63,0.4,May/18/2012 17:07:52
754311,REP.VP.2012.PAUL(RON),Ron Paul to be Republican VP nominee in 2012,1,0.5,May/18/2012 21:36:56
754311,REP.VP.2012.PAUL(RON),Ron Paul to be Republican VP nominee in 2012,100,0.5,May/18/2012 21:36:56
754311,REP.VP.2012.PAUL(RON),Ron Paul to be Republican VP nominee in 2012,69,1.0,May/20/2012 03:47:55
754311,REP.VP.2012.PAUL(RON),Ron Paul to be Republican VP nominee in 2012,1,0.9,May/20/2012 03:47:55
754311,REP.VP.2012.PAUL(RON),Ron Paul to be Republican VP nominee in 2012,50,0.9,May/20/2012 03:47:55
754311,REP.VP.2012.PAUL(RON),Ron Paul to be Republican VP nominee in 2012,20,0.8,May/20/2012 03:47:55
754311,REP.VP.2012.PAUL(RON),Ron Paul to be Republican VP nominee in 2012,1,0.8,May/20/2012 03:47:55
754311,REP.VP.2012.PAUL(RON),Ron Paul to be Republican VP nominee in 2012,50,0.8,May/20/2012 03:47:55
754311,REP.VP.2012.PAUL(RON),Ron Paul to be Republican VP nominee in 2012,50,0.7,May/20/2012 03:47:55
754311,REP.VP.2012.PAUL(RON),Ron Paul to be Republican VP nominee in 2012,1,0.7,May/20/2012 03:47:55
754311,REP.VP.2012.PAUL(RON),Ron Paul to be Republican VP nominee in 2012,12,0.6,May/20/2012 03:47:55
754311,REP.VP.2012.PAUL(RON),Ron Paul to be Republican VP nominee in 2012,1,0.6,May/20/2012 03:47:55
754311,REP.VP.2012.PAUL(RON),Ron Paul to be Republican VP nominee in 2012,14,0.9,May/20/2012 03:47:55
754311,REP.VP.2012.PAUL(RON),Ron Paul to be Republican VP nominee in 2012,14,0.7,May/20/2012 03:47:55
754311,REP.VP.2012.PAUL(RON),Ron Paul to be Republican VP nominee in 2012,4,0.9,May/20/2012 03:47:55
754311,REP.VP.2012.PAUL(RON),Ron Paul to be Republican VP nominee in 2012,63,0.6,May/20/2012 03:47:55
754311,REP.VP.2012.PAUL(RON),Ron Paul to be Republican VP nominee in 2012,1,0.5,May/20/2012 18:02:41
754311,REP.VP.2012.PAUL(RON),Ron Paul to be Republican VP nominee in 2012,1,1.0,May/21/2012 06:50:34
754311,REP.VP.2012.PAUL(RON),Ron Paul to be Republican VP nominee in 2012,12,0.6,May/21/2012 17:19:19
754311,REP.VP.2012.PAUL(RON),Ron Paul to be Republican VP nominee in 2012,50,0.8,May/22/2012 20:46:13
754311,REP.VP.2012.PAUL(RON),Ron Paul to be Republican VP nominee in 2012,1,0.8,May/22/2012 20:53:52
754311,REP.VP.2012.PAUL(RON),Ron Paul to be Republican VP nominee in 2012,14,0.9,May/22/2012 20:54:09
754311,REP.VP.2012.PAUL(RON),Ron Paul to be Republican VP nominee in 2012,1,0.9,May/22/2012 20:54:09
754311,REP.VP.2012.PAUL(RON),Ron Paul to be Republican VP nominee in 2012,50,0.9,May/22/2012 20:54:09
754311,REP.VP.2012.PAUL(RON),Ron Paul to be Republican VP nominee in 2012,2,0.7,May/23/2012 16:01:32
754311,REP.VP.2012.PAUL(RON),Ron Paul to be Republican VP nominee in 2012,4,0.7,May/23/2012 16:02:29
754311,REP.VP.2012.PAUL(RON),Ron Paul to be Republican VP nominee in 2012,1,0.7,May/23/2012 16:03:14
754311,REP.VP.2012.PAUL(RON),Ron Paul to be Republican VP nominee in 2012,7,0.7,May/23/2012 16:03:14
754311,REP.VP.2012.PAUL(RON),Ron Paul to be Republican VP nominee in 2012,2,0.7,May/23/2012 16:03:31
754311,REP.VP.2012.PAUL(RON),Ron Paul to be Republican VP nominee in 2012,5,0.7,May/23/2012 16:23:51
754311,REP.VP.2012.PAUL(RON),Ron Paul to be Republican VP nominee in 2012,41,0.7,May/23/2012 16:23:51
754311,REP.VP.2012.PAUL(RON),Ron Paul to be Republican VP nominee in 2012,54,0.7,May/23/2012 19:19:46
754311,REP.VP.2012.PAUL(RON),Ron Paul to be Republican VP nominee in 2012,1,0.7,May/23/2012 19:19:46
754311,REP.VP.2012.PAUL(RON),Ron Paul to be Republican VP nominee in 2012,14,0.7,May/25/2012 09:24:31
754311,REP.VP.2012.PAUL(RON),Ron Paul to be Republican VP nominee in 2012,7,0.7,May/27/2012 11:59:56
754311,REP.VP.2012.PAUL(RON),Ron Paul to be Republican VP nominee in 2012,1,0.7,May/27/2012 11:59:56
754311,REP.VP.2012.PAUL(RON),Ron Paul to be Republican VP nominee in 2012,50,0.7,May/27/2012 11:59:56
754311,REP.VP.2012.PAUL(RON),Ron Paul to be Republican VP nominee in 2012,58,0.6,May/27/2012 13:18:27
754311,REP.VP.2012.PAUL(RON),Ron Paul to be Republican VP nominee in 2012,65,0.6,May/28/2012 02:47:58
754311,REP.VP.2012.PAUL(RON),Ron Paul to be Republican VP nominee in 2012,3,0.6,May/29/2012 07:37:44
754311,REP.VP.2012.PAUL(RON),Ron Paul to be Republican VP nominee in 2012,50,0.6,May/29/2012 21:21:33
754311,REP.VP.2012.PAUL(RON),Ron Paul to be Republican VP nominee in 2012,34,0.6,May/29/2012 21:29:50
754311,REP.VP.2012.PAUL(RON),Ron Paul to be Republican VP nominee in 2012,20,0.6,May/30/2012 06:47:25
754311,REP.VP.2012.PAUL(RON),Ron Paul to be Republican VP nominee in 2012,1,0.6,May/30/2012 12:12:49
754311,REP.VP.2012.PAUL(RON),Ron Paul to be Republican VP nominee in 2012,45,0.6,May/30/2012 12:58:30
754311,REP.VP.2012.PAUL(RON),Ron Paul to be Republican VP nominee in 2012,1,0.6,May/30/2012 12:58:30
754311,REP.VP.2012.PAUL(RON),Ron Paul to be Republican VP nominee in 2012,1,0.7,May/30/2012 12:58:38
754311,REP.VP.2012.PAUL(RON),Ron Paul to be Republican VP nominee in 2012,1,0.5,May/30/2012 12:59:02
754311,REP.VP.2012.PAUL(RON),Ron Paul to be Republican VP nominee in 2012,13,0.5,May/31/2012 05:08:34
754311,REP.VP.2012.PAUL(RON),Ron Paul to be Republican VP nominee in 2012,5,0.4,May/31/2012 05:11:58
754311,REP.VP.2012.PAUL(RON),Ron Paul to be Republican VP nominee in 2012,50,0.6,May/31/2012 10:07:52
754311,REP.VP.2012.PAUL(RON),Ron Paul to be Republican VP nominee in 2012,1,0.6,May/31/2012 10:07:52
754311,REP.VP.2012.PAUL(RON),Ron Paul to be Republican VP nominee in 2012,13,0.6,May/31/2012 10:07:52
754311,REP.VP.2012.PAUL(RON),Ron Paul to be Republican VP nominee in 2012,50,0.9,May/31/2012 10:16:01
754311,REP.VP.2012.PAUL(RON),Ron Paul to be Republican VP nominee in 2012,50,0.8,May/31/2012 10:16:01
754311,REP.VP.2012.PAUL(RON),Ron Paul to be Republican VP nominee in 2012,9,0.8,May/31/2012 10:16:01
754311,REP.VP.2012.PAUL(RON),Ron Paul to be Republican VP nominee in 2012,1,0.8,May/31/2012 10:16:01
754311,REP.VP.2012.PAUL(RON),Ron Paul to be Republican VP nominee in 2012,1,0.9,May/31/2012 10:16:01
754311,REP.VP.2012.PAUL(RON),Ron Paul to be Republican VP nominee in 2012,49,0.7,May/31/2012 10:16:01
754311,REP.VP.2012.PAUL(RON),Ron Paul to be Republican VP nominee in 2012,1,0.7,May/31/2012 10:16:01
754311,REP.VP.2012.PAUL(RON),Ron Paul to be Republican VP nominee in 2012,144,1.0,May/31/2012 10:23:49
754311,REP.VP.2012.PAUL(RON),Ron Paul to be Republican VP nominee in 2012,5,0.9,May/31/2012 10:23:49
754311,REP.VP.2012.PAUL(RON),Ron Paul to be Republican VP nominee in 2012,50,0.9,May/31/2012 10:23:49
754311,REP.VP.2012.PAUL(RON),Ron Paul to be Republican VP nominee in 2012,1,0.9,May/31/2012 10:23:49
754311,REP.VP.2012.PAUL(RON),Ron Paul to be Republican VP nominee in 2012,1,0.6,May/31/2012 13:08:06
754311,REP.VP.2012.PAUL(RON),Ron Paul to be Republican VP nominee in 2012,100,0.9,May/31/2012 13:13:29
754311,REP.VP.2012.PAUL(RON),Ron Paul to be Republican VP nominee in 2012,60,1.0,May/31/2012 13:13:42
754311,REP.VP.2012.PAUL(RON),Ron Paul to be Republican VP nominee in 2012,1,1.0,May/31/2012 13:13:42
754311,REP.VP.2012.PAUL(RON),Ron Paul to be Republican VP nominee in 2012,50,1.0,May/31/2012 13:13:42
754311,REP.VP.2012.PAUL(RON),Ron Paul to be Republican VP nominee in 2012,50,1.0,May/31/2012 13:13:42
754311,REP.VP.2012.PAUL(RON),Ron Paul to be Republican VP nominee in 2012,50,1.0,May/31/2012 13:13:42
754311,REP.VP.2012.PAUL(RON),Ron Paul to be Republican VP nominee in 2012,100,1.0,May/31/2012 13:13:42
754311,REP.VP.2012.PAUL(RON),Ron Paul to be Republican VP nominee in 2012,50,1.0,May/31/2012 13:13:42
754311,REP.VP.2012.PAUL(RON),Ron Paul to be Republican VP nominee in 2012,100,1.0,May/31/2012 13:13:42
754311,REP.VP.2012.PAUL(RON),Ron Paul to be Republican VP nominee in 2012,50,1.0,May/31/2012 13:13:42
754311,REP.VP.2012.PAUL(RON),Ron Paul to be Republican VP nominee in 2012,100,1.0,May/31/2012 13:13:42
754311,REP.VP.2012.PAUL(RON),Ron Paul to be Republican VP nominee in 2012,100,1.0,May/31/2012 13:13:42
754311,REP.VP.2012.PAUL(RON),Ron Paul to be Republican VP nominee in 2012,1,0.6,May/31/2012 13:13:49
754311,REP.VP.2012.PAUL(RON),Ron Paul to be Republican VP nominee in 2012,100,0.7,May/31/2012 14:09:11
754311,REP.VP.2012.PAUL(RON),Ron Paul to be Republican VP nominee in 2012,1,0.6,May/31/2012 14:09:18
754311,REP.VP.2012.PAUL(RON),Ron Paul to be Republican VP nominee in 2012,23,0.7,Jun/01/2012 14:28:38
754311,REP.VP.2012.PAUL(RON),Ron Paul to be Republican VP nominee in 2012,1,0.8,Jun/01/2012 20:02:26
754311,REP.VP.2012.PAUL(RON),Ron Paul to be Republican VP nominee in 2012,50,0.8,Jun/01/2012 20:02:26
754311,REP.VP.2012.PAUL(RON),Ron Paul to be Republican VP nominee in 2012,1,0.6,Jun/01/2012 20:02:30
754311,REP.VP.2012.PAUL(RON),Ron Paul to be Republican VP nominee in 2012,1,0.9,Jun/01/2012 20:02:49
754311,REP.VP.2012.PAUL(RON),Ron Paul to be Republican VP nominee in 2012,50,0.9,Jun/01/2012 20:02:49
754311,REP.VP.2012.PAUL(RON),Ron Paul to be Republican VP nominee in 2012,1,1.0,Jun/01/2012 20:03:01
754311,REP.VP.2012.PAUL(RON),Ron Paul to be Republican VP nominee in 2012,100,1.0,Jun/01/2012 20:03:01
754311,REP.VP.2012.PAUL(RON),Ron Paul to be Republican VP nominee in 2012,5,1.0,Jun/01/2012 20:03:01
754311,REP.VP.2012.PAUL(RON),Ron Paul to be Republican VP nominee in 2012,50,1.0,Jun/01/2012 20:03:01
754311,REP.VP.2012.PAUL(RON),Ron Paul to be Republican VP nominee in 2012,100,1.0,Jun/01/2012 20:03:01
754311,REP.VP.2012.PAUL(RON),Ron Paul to be Republican VP nominee in 2012,50,1.0,Jun/01/2012 20:03:01
754311,REP.VP.2012.PAUL(RON),Ron Paul to be Republican VP nominee in 2012,1,0.6,Jun/01/2012 20:03:06
754311,REP.VP.2012.PAUL(RON),Ron Paul to be Republican VP nominee in 2012,11,0.8,Jun/01/2012 21:35:50
754311,REP.VP.2012.PAUL(RON),Ron Paul to be Republican VP nominee in 2012,22,0.9,Jun/01/2012 21:35:50
754311,REP.VP.2012.PAUL(RON),Ron Paul to be Republican VP nominee in 2012,1,0.8,Jun/01/2012 21:35:50
754311,REP.VP.2012.PAUL(RON),Ron Paul to be Republican VP nominee in 2012,1,0.9,Jun/01/2012 21:35:50
754311,REP.VP.2012.PAUL(RON),Ron Paul to be Republican VP nominee in 2012,1,1.0,Jun/02/2012 16:11:08
754311,REP.VP.2012.PAUL(RON),Ron Paul to be Republican VP nominee in 2012,5,0.9,Jun/03/2012 11:46:35
754311,REP.VP.2012.PAUL(RON),Ron Paul to be Republican VP nominee in 2012,134,1.0,Jun/04/2012 02:07:03
754311,REP.VP.2012.PAUL(RON),Ron Paul to be Republican VP nominee in 2012,1,1.0,Jun/04/2012 02:07:03
754311,REP.VP.2012.PAUL(RON),Ron Paul to be Republican VP nominee in 2012,100,1.0,Jun/04/2012 02:07:03
754311,REP.VP.2012.PAUL(RON),Ron Paul to be Republican VP nominee in 2012,10,0.9,Jun/05/2012 20:02:19
754311,REP.VP.2012.PAUL(RON),Ron Paul to be Republican VP nominee in 2012,9,0.6,Jun/06/2012 19:47:15
754311,REP.VP.2012.PAUL(RON),Ron Paul to be Republican VP nominee in 2012,5,0.6,Jun/06/2012 19:47:15
754311,REP.VP.2012.PAUL(RON),Ron Paul to be Republican VP nominee in 2012,4,0.6,Jun/06/2012 19:47:15
754311,REP.VP.2012.PAUL(RON),Ron Paul to be Republican VP nominee in 2012,30,0.7,Jun/07/2012 20:08:12
754311,REP.VP.2012.PAUL(RON),Ron Paul to be Republican VP nominee in 2012,3,0.8,Jun/08/2012 10:30:54
754311,REP.VP.2012.PAUL(RON),Ron Paul to be Republican VP nominee in 2012,70,0.7,Jun/08/2012 14:36:05
754311,REP.VP.2012.PAUL(RON),Ron Paul to be Republican VP nominee in 2012,36,0.6,Jun/08/2012 19:30:49
754311,REP.VP.2012.PAUL(RON),Ron Paul to be Republican VP nominee in 2012,16,0.6,Jun/08/2012 19:30:49
754311,REP.VP.2012.PAUL(RON),Ron Paul to be Republican VP nominee in 2012,10,0.6,Jun/08/2012 19:30:49
754311,REP.VP.2012.PAUL(RON),Ron Paul to be Republican VP nominee in 2012,4,0.6,Jun/08/2012 19:30:49
754311,REP.VP.2012.PAUL(RON),Ron Paul to be Republican VP nominee in 2012,14,0.5,Jun/08/2012 23:35:16
754311,REP.VP.2012.PAUL(RON),Ron Paul to be Republican VP nominee in 2012,80,0.5,Jun/09/2012 01:11:34
754311,REP.VP.2012.PAUL(RON),Ron Paul to be Republican VP nominee in 2012,6,0.5,Jun/09/2012 15:04:57
754311,REP.VP.2012.PAUL(RON),Ron Paul to be Republican VP nominee in 2012,1,0.5,Jun/09/2012 20:05:51
754311,REP.VP.2012.PAUL(RON),Ron Paul to be Republican VP nominee in 2012,1,0.5,Jun/09/2012 20:05:51
754311,REP.VP.2012.PAUL(RON),Ron Paul to be Republican VP nominee in 2012,6,0.4,Jun/10/2012 16:01:35
754311,REP.VP.2012.PAUL(RON),Ron Paul to be Republican VP nominee in 2012,99,0.5,Jun/11/2012 13:25:31
754311,REP.VP.2012.PAUL(RON),Ron Paul to be Republican VP nominee in 2012,1,0.5,Jun/11/2012 13:25:31
754311,REP.VP.2012.PAUL(RON),Ron Paul to be Republican VP nominee in 2012,100,0.5,Jun/11/2012 13:25:31
754311,REP.VP.2012.PAUL(RON),Ron Paul to be Republican VP nominee in 2012,1,0.4,Jun/11/2012 13:25:40
754311,REP.VP.2012.PAUL(RON),Ron Paul to be Republican VP nominee in 2012,100,0.5,Jun/11/2012 23:24:34
754311,REP.VP.2012.PAUL(RON),Ron Paul to be Republican VP nominee in 2012,1,0.5,Jun/11/2012 23:24:34
754311,REP.VP.2012.PAUL(RON),Ron Paul to be Republican VP nominee in 2012,100,0.5,Jun/11/2012 23:24:34
754311,REP.VP.2012.PAUL(RON),Ron Paul to be Republican VP nominee in 2012,1,0.4,Jun/11/2012 23:24:56
754311,REP.VP.2012.PAUL(RON),Ron Paul to be Republican VP nominee in 2012,14,0.4,Jun/12/2012 17:17:45
754311,REP.VP.2012.PAUL(RON),Ron Paul to be Republican VP nominee in 2012,100,0.5,Jun/13/2012 01:30:23
754311,REP.VP.2012.PAUL(RON),Ron Paul to be Republican VP nominee in 2012,1,0.5,Jun/13/2012 01:30:23
754311,REP.VP.2012.PAUL(RON),Ron Paul to be Republican VP nominee in 2012,1,0.4,Jun/13/2012 01:30:27
754311,REP.VP.2012.PAUL(RON),Ron Paul to be Republican VP nominee in 2012,60,0.5,Jun/14/2012 12:34:06
754311,REP.VP.2012.PAUL(RON),Ron Paul to be Republican VP nominee in 2012,20,0.5,Jun/14/2012 12:34:12
754311,REP.VP.2012.PAUL(RON),Ron Paul to be Republican VP nominee in 2012,18,0.5,Jun/14/2012 12:34:31
754311,REP.VP.2012.PAUL(RON),Ron Paul to be Republican VP nominee in 2012,1,0.5,Jun/14/2012 12:34:38
754311,REP.VP.2012.PAUL(RON),Ron Paul to be Republican VP nominee in 2012,1,0.5,Jun/16/2012 00:47:44
754311,REP.VP.2012.PAUL(RON),Ron Paul to be Republican VP nominee in 2012,1,0.5,Jun/16/2012 00:47:44
754311,REP.VP.2012.PAUL(RON),Ron Paul to be Republican VP nominee in 2012,37,0.6,Jun/16/2012 00:47:52
754311,REP.VP.2012.PAUL(RON),Ron Paul to be Republican VP nominee in 2012,1,0.6,Jun/16/2012 00:47:52
754311,REP.VP.2012.PAUL(RON),Ron Paul to be Republican VP nominee in 2012,14,0.6,Jun/16/2012 00:47:52
754311,REP.VP.2012.PAUL(RON),Ron Paul to be Republican VP nominee in 2012,7,0.6,Jun/16/2012 00:47:52
754311,REP.VP.2012.PAUL(RON),Ron Paul to be Republican VP nominee in 2012,30,0.7,Jun/16/2012 00:48:07
754311,REP.VP.2012.PAUL(RON),Ron Paul to be Republican VP nominee in 2012,1,0.7,Jun/16/2012 00:48:07
754311,REP.VP.2012.PAUL(RON),Ron Paul to be Republican VP nominee in 2012,40,0.7,Jun/16/2012 00:48:07
754311,REP.VP.2012.PAUL(RON),Ron Paul to be Republican VP nominee in 2012,47,0.8,Jun/16/2012 00:48:24
754311,REP.VP.2012.PAUL(RON),Ron Paul to be Republican VP nominee in 2012,1,0.8,Jun/16/2012 00:48:24
754311,REP.VP.2012.PAUL(RON),Ron Paul to be Republican VP nominee in 2012,2,0.8,Jun/16/2012 00:48:24
754311,REP.VP.2012.PAUL(RON),Ron Paul to be Republican VP nominee in 2012,10,0.8,Jun/16/2012 00:48:33
754311,REP.VP.2012.PAUL(RON),Ron Paul to be Republican VP nominee in 2012,5,0.8,Jun/16/2012 00:48:45
754311,REP.VP.2012.PAUL(RON),Ron Paul to be Republican VP nominee in 2012,8,0.8,Jun/16/2012 00:48:58
754311,REP.VP.2012.PAUL(RON),Ron Paul to be Republican VP nominee in 2012,50,0.6,Jun/16/2012 15:21:40
754311,REP.VP.2012.PAUL(RON),Ron Paul to be Republican VP nominee in 2012,1,0.6,Jun/16/2012 15:21:40
754311,REP.VP.2012.PAUL(RON),Ron Paul to be Republican VP nominee in 2012,1,0.5,Jun/16/2012 15:22:01
754311,REP.VP.2012.PAUL(RON),Ron Paul to be Republican VP nominee in 2012,5,0.7,Jun/17/2012 17:25:44
754311,REP.VP.2012.PAUL(RON),Ron Paul to be Republican VP nominee in 2012,16,0.5,Jun/18/2012 14:22:10
754311,REP.VP.2012.PAUL(RON),Ron Paul to be Republican VP nominee in 2012,34,0.5,Jun/18/2012 14:25:23
754311,REP.VP.2012.PAUL(RON),Ron Paul to be Republican VP nominee in 2012,1,0.4,Jun/18/2012 14:25:29
754311,REP.VP.2012.PAUL(RON),Ron Paul to be Republican VP nominee in 2012,5,0.5,Jun/19/2012 02:31:23
754311,REP.VP.2012.PAUL(RON),Ron Paul to be Republican VP nominee in 2012,65,0.5,Jun/19/2012 02:31:23
754311,REP.VP.2012.PAUL(RON),Ron Paul to be Republican VP nominee in 2012,20,0.3,Jun/20/2012 03:13:50
754311,REP.VP.2012.PAUL(RON),Ron Paul to be Republican VP nominee in 2012,6,0.3,Jun/20/2012 03:13:50
754311,REP.VP.2012.PAUL(RON),Ron Paul to be Republican VP nominee in 2012,50,0.3,Jun/20/2012 03:28:44
754311,REP.VP.2012.PAUL(RON),Ron Paul to be Republican VP nominee in 2012,1,0.3,Jun/20/2012 03:28:44
754311,REP.VP.2012.PAUL(RON),Ron Paul to be Republican VP nominee in 2012,49,0.3,Jun/20/2012 15:01:36
754311,REP.VP.2012.PAUL(RON),Ron Paul to be Republican VP nominee in 2012,1,0.2,Jun/20/2012 16:48:14
754311,REP.VP.2012.PAUL(RON),Ron Paul to be Republican VP nominee in 2012,190,0.2,Jun/20/2012 19:07:53
754311,REP.VP.2012.PAUL(RON),Ron Paul to be Republican VP nominee in 2012,51,0.3,Jun/21/2012 00:51:35
754311,REP.VP.2012.PAUL(RON),Ron Paul to be Republican VP nominee in 2012,1,0.3,Jun/21/2012 00:51:35
754311,REP.VP.2012.PAUL(RON),Ron Paul to be Republican VP nominee in 2012,50,0.4,Jun/21/2012 00:51:58
754311,REP.VP.2012.PAUL(RON),Ron Paul to be Republican VP nominee in 2012,1,0.4,Jun/21/2012 00:51:58
754311,REP.VP.2012.PAUL(RON),Ron Paul to be Republican VP nominee in 2012,40,0.4,Jun/21/2012 00:51:58
754311,REP.VP.2012.PAUL(RON),Ron Paul to be Republican VP nominee in 2012,40,0.4,Jun/21/2012 00:51:58
754311,REP.VP.2012.PAUL(RON),Ron Paul to be Republican VP nominee in 2012,40,0.4,Jun/21/2012 02:18:04
754311,REP.VP.2012.PAUL(RON),Ron Paul to be Republican VP nominee in 2012,1,0.4,Jun/21/2012 02:18:04
754311,REP.VP.2012.PAUL(RON),Ron Paul to be Republican VP nominee in 2012,1,0.5,Jun/21/2012 02:21:55
754311,REP.VP.2012.PAUL(RON),Ron Paul to be Republican VP nominee in 2012,99,0.5,Jun/21/2012 02:21:55
754311,REP.VP.2012.PAUL(RON),Ron Paul to be Republican VP nominee in 2012,100,0.5,Jun/21/2012 02:22:10
754311,REP.VP.2012.PAUL(RON),Ron Paul to be Republican VP nominee in 2012,100,0.5,Jun/21/2012 02:22:17
754311,REP.VP.2012.PAUL(RON),Ron Paul to be Republican VP nominee in 2012,201,0.5,Jun/21/2012 07:57:04
754311,REP.VP.2012.PAUL(RON),Ron Paul to be Republican VP nominee in 2012,100,0.5,Jun/21/2012 07:57:04
754311,REP.VP.2012.PAUL(RON),Ron Paul to be Republican VP nominee in 2012,100,0.5,Jun/21/2012 07:57:04
754311,REP.VP.2012.PAUL(RON),Ron Paul to be Republican VP nominee in 2012,99,0.5,Jun/21/2012 07:57:04
754311,REP.VP.2012.PAUL(RON),Ron Paul to be Republican VP nominee in 2012,1,0.5,Jun/22/2012 02:12:25
754311,REP.VP.2012.PAUL(RON),Ron Paul to be Republican VP nominee in 2012,1,0.5,Jun/22/2012 02:12:25
754311,REP.VP.2012.PAUL(RON),Ron Paul to be Republican VP nominee in 2012,15,0.5,Jun/22/2012 02:12:25
754311,REP.VP.2012.PAUL(RON),Ron Paul to be Republican VP nominee in 2012,16,0.4,Jun/22/2012 07:38:30
754311,REP.VP.2012.PAUL(RON),Ron Paul to be Republican VP nominee in 2012,100,0.4,Jun/22/2012 14:39:47
754311,REP.VP.2012.PAUL(RON),Ron Paul to be Republican VP nominee in 2012,100,0.4,Jun/22/2012 14:42:10
754311,REP.VP.2012.PAUL(RON),Ron Paul to be Republican VP nominee in 2012,1,0.5,Jun/22/2012 21:54:23
754311,REP.VP.2012.PAUL(RON),Ron Paul to be Republican VP nominee in 2012,64,0.5,Jun/23/2012 06:48:40
754311,REP.VP.2012.PAUL(RON),Ron Paul to be Republican VP nominee in 2012,100,0.5,Jun/23/2012 06:48:40
754311,REP.VP.2012.PAUL(RON),Ron Paul to be Republican VP nominee in 2012,1,0.5,Jun/23/2012 06:48:40
754311,REP.VP.2012.PAUL(RON),Ron Paul to be Republican VP nominee in 2012,100,0.5,Jun/23/2012 06:48:40
754311,REP.VP.2012.PAUL(RON),Ron Paul to be Republican VP nominee in 2012,100,0.5,Jun/23/2012 06:48:40
754311,REP.VP.2012.PAUL(RON),Ron Paul to be Republican VP nominee in 2012,1,0.6,Jun/23/2012 23:46:35
754311,REP.VP.2012.PAUL(RON),Ron Paul to be Republican VP nominee in 2012,232,0.5,Jun/24/2012 22:49:32
754311,REP.VP.2012.PAUL(RON),Ron Paul to be Republican VP nominee in 2012,218,0.5,Jun/25/2012 01:31:53
754311,REP.VP.2012.PAUL(RON),Ron Paul to be Republican VP nominee in 2012,1,0.5,Jun/25/2012 01:31:53
754311,REP.VP.2012.PAUL(RON),Ron Paul to be Republican VP nominee in 2012,130,0.5,Jun/25/2012 13:07:03
754311,REP.VP.2012.PAUL(RON),Ron Paul to be Republican VP nominee in 2012,70,0.5,Jun/25/2012 13:14:44
754311,REP.VP.2012.PAUL(RON),Ron Paul to be Republican VP nominee in 2012,1,0.5,Jun/25/2012 13:16:45
754311,REP.VP.2012.PAUL(RON),Ron Paul to be Republican VP nominee in 2012,1,0.4,Jun/25/2012 18:01:23
754311,REP.VP.2012.PAUL(RON),Ron Paul to be Republican VP nominee in 2012,200,0.5,Jun/26/2012 09:28:20
754311,REP.VP.2012.PAUL(RON),Ron Paul to be Republican VP nominee in 2012,6,0.5,Jun/26/2012 09:32:55
754311,REP.VP.2012.PAUL(RON),Ron Paul to be Republican VP nominee in 2012,42,0.6,Jun/28/2012 01:48:12
754311,REP.VP.2012.PAUL(RON),Ron Paul to be Republican VP nominee in 2012,1,0.6,Jun/28/2012 17:28:31
754311,REP.VP.2012.PAUL(RON),Ron Paul to be Republican VP nominee in 2012,100,0.5,Jun/29/2012 02:03:57
754311,REP.VP.2012.PAUL(RON),Ron Paul to be Republican VP nominee in 2012,7,0.6,Jun/29/2012 02:29:21
