market id,market symbol,market name,trade quantity,trade price,date/time [utc]
749688,REP.VP.2012.SANTORUM,Rick Santorum to be Republican VP nominee in 2012,5,0.2,Jun/03/2011 19:54:45
749688,REP.VP.2012.SANTORUM,Rick Santorum to be Republican VP nominee in 2012,5,0.5,Jun/06/2011 19:43:43
749688,REP.VP.2012.SANTORUM,Rick Santorum to be Republican VP nominee in 2012,5,0.7,Jun/06/2011 19:56:31
749688,REP.VP.2012.SANTORUM,Rick Santorum to be Republican VP nominee in 2012,5,0.9,Jun/06/2011 20:17:22
749688,REP.VP.2012.SANTORUM,Rick Santorum to be Republican VP nominee in 2012,5,0.9,Jun/07/2011 02:21:22
749688,REP.VP.2012.SANTORUM,Rick Santorum to be Republican VP nominee in 2012,5,0.6,Jul/01/2011 17:23:09
749688,REP.VP.2012.SANTORUM,Rick Santorum to be Republican VP nominee in 2012,7,0.3,Jul/01/2011 19:36:51
749688,REP.VP.2012.SANTORUM,Rick Santorum to be Republican VP nominee in 2012,3,0.3,Jul/01/2011 20:04:36
749688,REP.VP.2012.SANTORUM,Rick Santorum to be Republican VP nominee in 2012,1,0.9,Jul/08/2011 17:30:20
749688,REP.VP.2012.SANTORUM,Rick Santorum to be Republican VP nominee in 2012,10,0.5,Aug/14/2011 16:05:09
749688,REP.VP.2012.SANTORUM,Rick Santorum to be Republican VP nominee in 2012,9,0.5,Aug/14/2011 16:17:09
749688,REP.VP.2012.SANTORUM,Rick Santorum to be Republican VP nominee in 2012,10,0.5,Aug/14/2011 16:17:09
749688,REP.VP.2012.SANTORUM,Rick Santorum to be Republican VP nominee in 2012,10,0.7,Aug/14/2011 19:38:59
749688,REP.VP.2012.SANTORUM,Rick Santorum to be Republican VP nominee in 2012,1,0.9,Aug/24/2011 15:40:03
749688,REP.VP.2012.SANTORUM,Rick Santorum to be Republican VP nominee in 2012,1,0.4,Sep/09/2011 07:44:39
749688,REP.VP.2012.SANTORUM,Rick Santorum to be Republican VP nominee in 2012,9,0.4,Sep/09/2011 23:25:55
749688,REP.VP.2012.SANTORUM,Rick Santorum to be Republican VP nominee in 2012,10,0.5,Sep/13/2011 01:31:50
749688,REP.VP.2012.SANTORUM,Rick Santorum to be Republican VP nominee in 2012,10,0.5,Sep/13/2011 01:43:01
749688,REP.VP.2012.SANTORUM,Rick Santorum to be Republican VP nominee in 2012,10,0.5,Sep/17/2011 08:31:32
749688,REP.VP.2012.SANTORUM,Rick Santorum to be Republican VP nominee in 2012,2,0.5,Sep/23/2011 02:30:54
749688,REP.VP.2012.SANTORUM,Rick Santorum to be Republican VP nominee in 2012,62,0.5,Sep/23/2011 16:46:00
749688,REP.VP.2012.SANTORUM,Rick Santorum to be Republican VP nominee in 2012,9,0.5,Sep/23/2011 16:46:00
749688,REP.VP.2012.SANTORUM,Rick Santorum to be Republican VP nominee in 2012,20,0.5,Sep/23/2011 16:46:00
749688,REP.VP.2012.SANTORUM,Rick Santorum to be Republican VP nominee in 2012,20,0.5,Sep/23/2011 16:46:00
749688,REP.VP.2012.SANTORUM,Rick Santorum to be Republican VP nominee in 2012,100,1.0,Sep/23/2011 16:46:20
749688,REP.VP.2012.SANTORUM,Rick Santorum to be Republican VP nominee in 2012,1,0.9,Sep/23/2011 16:46:20
749688,REP.VP.2012.SANTORUM,Rick Santorum to be Republican VP nominee in 2012,20,1.0,Sep/23/2011 16:46:20
749688,REP.VP.2012.SANTORUM,Rick Santorum to be Republican VP nominee in 2012,20,1.0,Sep/23/2011 16:46:20
749688,REP.VP.2012.SANTORUM,Rick Santorum to be Republican VP nominee in 2012,19,1.0,Sep/23/2011 16:46:20
749688,REP.VP.2012.SANTORUM,Rick Santorum to be Republican VP nominee in 2012,1,1.0,Sep/23/2011 16:46:31
749688,REP.VP.2012.SANTORUM,Rick Santorum to be Republican VP nominee in 2012,1,0.4,Sep/30/2011 09:08:07
749688,REP.VP.2012.SANTORUM,Rick Santorum to be Republican VP nominee in 2012,1,0.4,Sep/30/2011 09:09:22
749688,REP.VP.2012.SANTORUM,Rick Santorum to be Republican VP nominee in 2012,2,0.5,Oct/05/2011 00:33:02
749688,REP.VP.2012.SANTORUM,Rick Santorum to be Republican VP nominee in 2012,10,0.8,Oct/10/2011 18:28:52
749688,REP.VP.2012.SANTORUM,Rick Santorum to be Republican VP nominee in 2012,1,0.8,Oct/10/2011 18:28:52
749688,REP.VP.2012.SANTORUM,Rick Santorum to be Republican VP nominee in 2012,1,0.8,Oct/10/2011 18:28:52
749688,REP.VP.2012.SANTORUM,Rick Santorum to be Republican VP nominee in 2012,2,0.9,Oct/12/2011 00:20:00
749688,REP.VP.2012.SANTORUM,Rick Santorum to be Republican VP nominee in 2012,1,0.9,Oct/12/2011 00:20:00
749688,REP.VP.2012.SANTORUM,Rick Santorum to be Republican VP nominee in 2012,1,0.9,Oct/12/2011 00:20:00
749688,REP.VP.2012.SANTORUM,Rick Santorum to be Republican VP nominee in 2012,1,0.8,Oct/12/2011 07:05:57
749688,REP.VP.2012.SANTORUM,Rick Santorum to be Republican VP nominee in 2012,1,0.8,Oct/12/2011 11:22:37
749688,REP.VP.2012.SANTORUM,Rick Santorum to be Republican VP nominee in 2012,10,0.4,Oct/12/2011 11:22:48
749688,REP.VP.2012.SANTORUM,Rick Santorum to be Republican VP nominee in 2012,1,0.5,Oct/12/2011 11:22:48
749688,REP.VP.2012.SANTORUM,Rick Santorum to be Republican VP nominee in 2012,1,0.7,Oct/12/2011 11:22:48
749688,REP.VP.2012.SANTORUM,Rick Santorum to be Republican VP nominee in 2012,1,0.6,Oct/12/2011 11:22:48
749688,REP.VP.2012.SANTORUM,Rick Santorum to be Republican VP nominee in 2012,2,0.4,Oct/12/2011 11:24:26
749688,REP.VP.2012.SANTORUM,Rick Santorum to be Republican VP nominee in 2012,4,0.4,Oct/12/2011 11:24:31
749688,REP.VP.2012.SANTORUM,Rick Santorum to be Republican VP nominee in 2012,6,0.4,Oct/12/2011 11:25:38
749688,REP.VP.2012.SANTORUM,Rick Santorum to be Republican VP nominee in 2012,10,0.3,Oct/12/2011 11:27:30
749688,REP.VP.2012.SANTORUM,Rick Santorum to be Republican VP nominee in 2012,20,1.0,Oct/16/2011 16:03:59
749688,REP.VP.2012.SANTORUM,Rick Santorum to be Republican VP nominee in 2012,1,1.0,Oct/16/2011 16:03:59
749688,REP.VP.2012.SANTORUM,Rick Santorum to be Republican VP nominee in 2012,3,0.9,Oct/16/2011 16:03:59
749688,REP.VP.2012.SANTORUM,Rick Santorum to be Republican VP nominee in 2012,1,0.9,Oct/16/2011 16:03:59
749688,REP.VP.2012.SANTORUM,Rick Santorum to be Republican VP nominee in 2012,19,1.0,Oct/18/2011 21:33:17
749688,REP.VP.2012.SANTORUM,Rick Santorum to be Republican VP nominee in 2012,20,1.0,Oct/18/2011 21:33:17
749688,REP.VP.2012.SANTORUM,Rick Santorum to be Republican VP nominee in 2012,20,1.0,Oct/18/2011 21:33:17
749688,REP.VP.2012.SANTORUM,Rick Santorum to be Republican VP nominee in 2012,20,1.0,Oct/18/2011 21:33:17
749688,REP.VP.2012.SANTORUM,Rick Santorum to be Republican VP nominee in 2012,50,1.0,Oct/18/2011 21:33:17
749688,REP.VP.2012.SANTORUM,Rick Santorum to be Republican VP nominee in 2012,1,1.0,Oct/18/2011 21:33:17
749688,REP.VP.2012.SANTORUM,Rick Santorum to be Republican VP nominee in 2012,23,1.4,Oct/19/2011 08:33:01
749688,REP.VP.2012.SANTORUM,Rick Santorum to be Republican VP nominee in 2012,2,1.3,Oct/19/2011 08:33:01
749688,REP.VP.2012.SANTORUM,Rick Santorum to be Republican VP nominee in 2012,4,1.2,Oct/19/2011 08:33:01
749688,REP.VP.2012.SANTORUM,Rick Santorum to be Republican VP nominee in 2012,1,1.2,Oct/19/2011 08:33:01
749688,REP.VP.2012.SANTORUM,Rick Santorum to be Republican VP nominee in 2012,3,1.1,Oct/20/2011 17:03:23
749688,REP.VP.2012.SANTORUM,Rick Santorum to be Republican VP nominee in 2012,1,1.0,Oct/22/2011 22:02:21
749688,REP.VP.2012.SANTORUM,Rick Santorum to be Republican VP nominee in 2012,1,1.0,Oct/23/2011 10:44:09
749688,REP.VP.2012.SANTORUM,Rick Santorum to be Republican VP nominee in 2012,1,1.0,Oct/23/2011 10:50:40
749688,REP.VP.2012.SANTORUM,Rick Santorum to be Republican VP nominee in 2012,2,1.0,Oct/23/2011 11:47:14
749688,REP.VP.2012.SANTORUM,Rick Santorum to be Republican VP nominee in 2012,7,1.0,Oct/23/2011 14:07:30
749688,REP.VP.2012.SANTORUM,Rick Santorum to be Republican VP nominee in 2012,1,1.0,Oct/23/2011 14:10:43
749688,REP.VP.2012.SANTORUM,Rick Santorum to be Republican VP nominee in 2012,1,1.0,Oct/23/2011 14:17:41
749688,REP.VP.2012.SANTORUM,Rick Santorum to be Republican VP nominee in 2012,1,1.0,Oct/23/2011 14:18:34
749688,REP.VP.2012.SANTORUM,Rick Santorum to be Republican VP nominee in 2012,2,1.0,Oct/23/2011 14:19:18
749688,REP.VP.2012.SANTORUM,Rick Santorum to be Republican VP nominee in 2012,10,1.0,Oct/23/2011 15:15:03
749688,REP.VP.2012.SANTORUM,Rick Santorum to be Republican VP nominee in 2012,10,1.0,Oct/23/2011 15:16:15
749688,REP.VP.2012.SANTORUM,Rick Santorum to be Republican VP nominee in 2012,10,1.0,Oct/23/2011 15:31:46
749688,REP.VP.2012.SANTORUM,Rick Santorum to be Republican VP nominee in 2012,23,1.0,Oct/23/2011 15:39:27
749688,REP.VP.2012.SANTORUM,Rick Santorum to be Republican VP nominee in 2012,20,1.0,Oct/26/2011 16:14:17
749688,REP.VP.2012.SANTORUM,Rick Santorum to be Republican VP nominee in 2012,84,1.0,Oct/26/2011 19:27:52
749688,REP.VP.2012.SANTORUM,Rick Santorum to be Republican VP nominee in 2012,1,1.0,Oct/26/2011 19:27:52
749688,REP.VP.2012.SANTORUM,Rick Santorum to be Republican VP nominee in 2012,40,1.0,Oct/26/2011 19:27:52
749688,REP.VP.2012.SANTORUM,Rick Santorum to be Republican VP nominee in 2012,3,0.9,Oct/27/2011 18:13:31
749688,REP.VP.2012.SANTORUM,Rick Santorum to be Republican VP nominee in 2012,5,0.9,Oct/28/2011 01:57:57
749688,REP.VP.2012.SANTORUM,Rick Santorum to be Republican VP nominee in 2012,10,1.0,Oct/28/2011 19:20:43
749688,REP.VP.2012.SANTORUM,Rick Santorum to be Republican VP nominee in 2012,1,1.0,Oct/28/2011 19:20:43
749688,REP.VP.2012.SANTORUM,Rick Santorum to be Republican VP nominee in 2012,3,1.0,Oct/28/2011 19:20:43
749688,REP.VP.2012.SANTORUM,Rick Santorum to be Republican VP nominee in 2012,5,1.0,Oct/28/2011 19:20:43
749688,REP.VP.2012.SANTORUM,Rick Santorum to be Republican VP nominee in 2012,3,1.3,Oct/29/2011 19:19:46
749688,REP.VP.2012.SANTORUM,Rick Santorum to be Republican VP nominee in 2012,96,1.3,Oct/29/2011 19:19:46
749688,REP.VP.2012.SANTORUM,Rick Santorum to be Republican VP nominee in 2012,100,1.2,Oct/29/2011 19:19:46
749688,REP.VP.2012.SANTORUM,Rick Santorum to be Republican VP nominee in 2012,100,1.1,Oct/29/2011 19:19:46
749688,REP.VP.2012.SANTORUM,Rick Santorum to be Republican VP nominee in 2012,1,1.1,Oct/29/2011 19:19:46
749688,REP.VP.2012.SANTORUM,Rick Santorum to be Republican VP nominee in 2012,4,1.0,Nov/11/2011 14:30:31
749688,REP.VP.2012.SANTORUM,Rick Santorum to be Republican VP nominee in 2012,26,0.9,Nov/11/2011 14:31:38
749688,REP.VP.2012.SANTORUM,Rick Santorum to be Republican VP nominee in 2012,26,1.0,Nov/17/2011 06:03:24
749688,REP.VP.2012.SANTORUM,Rick Santorum to be Republican VP nominee in 2012,1,1.0,Nov/17/2011 06:03:24
749688,REP.VP.2012.SANTORUM,Rick Santorum to be Republican VP nominee in 2012,2,1.2,Nov/17/2011 06:03:55
749688,REP.VP.2012.SANTORUM,Rick Santorum to be Republican VP nominee in 2012,4,1.3,Nov/17/2011 06:04:21
749688,REP.VP.2012.SANTORUM,Rick Santorum to be Republican VP nominee in 2012,3,1.5,Nov/17/2011 22:20:14
749688,REP.VP.2012.SANTORUM,Rick Santorum to be Republican VP nominee in 2012,3,1.0,Nov/18/2011 15:27:59
749688,REP.VP.2012.SANTORUM,Rick Santorum to be Republican VP nominee in 2012,47,1.0,Nov/18/2011 20:00:56
749688,REP.VP.2012.SANTORUM,Rick Santorum to be Republican VP nominee in 2012,1,1.0,Nov/18/2011 20:00:56
749688,REP.VP.2012.SANTORUM,Rick Santorum to be Republican VP nominee in 2012,2,1.4,Nov/18/2011 20:01:22
749688,REP.VP.2012.SANTORUM,Rick Santorum to be Republican VP nominee in 2012,1,1.4,Nov/19/2011 02:36:15
749688,REP.VP.2012.SANTORUM,Rick Santorum to be Republican VP nominee in 2012,1,1.4,Nov/19/2011 02:36:15
749688,REP.VP.2012.SANTORUM,Rick Santorum to be Republican VP nominee in 2012,3,1.0,Nov/21/2011 16:31:29
749688,REP.VP.2012.SANTORUM,Rick Santorum to be Republican VP nominee in 2012,2,1.1,Nov/21/2011 16:31:29
749688,REP.VP.2012.SANTORUM,Rick Santorum to be Republican VP nominee in 2012,15,1.0,Nov/21/2011 20:10:47
749688,REP.VP.2012.SANTORUM,Rick Santorum to be Republican VP nominee in 2012,30,1.0,Nov/24/2011 14:59:27
749688,REP.VP.2012.SANTORUM,Rick Santorum to be Republican VP nominee in 2012,1,1.0,Nov/24/2011 14:59:27
749688,REP.VP.2012.SANTORUM,Rick Santorum to be Republican VP nominee in 2012,50,1.0,Nov/24/2011 14:59:27
749688,REP.VP.2012.SANTORUM,Rick Santorum to be Republican VP nominee in 2012,50,1.0,Nov/30/2011 20:46:27
749688,REP.VP.2012.SANTORUM,Rick Santorum to be Republican VP nominee in 2012,50,1.9,Dec/01/2011 17:21:25
749688,REP.VP.2012.SANTORUM,Rick Santorum to be Republican VP nominee in 2012,47,1.5,Dec/01/2011 17:21:25
749688,REP.VP.2012.SANTORUM,Rick Santorum to be Republican VP nominee in 2012,50,2.0,Dec/01/2011 17:21:25
749688,REP.VP.2012.SANTORUM,Rick Santorum to be Republican VP nominee in 2012,1,1.8,Dec/01/2011 17:21:25
749688,REP.VP.2012.SANTORUM,Rick Santorum to be Republican VP nominee in 2012,5,1.3,Dec/01/2011 17:21:25
749688,REP.VP.2012.SANTORUM,Rick Santorum to be Republican VP nominee in 2012,1,1.3,Dec/01/2011 17:21:25
749688,REP.VP.2012.SANTORUM,Rick Santorum to be Republican VP nominee in 2012,1,1.8,Dec/01/2011 17:21:25
749688,REP.VP.2012.SANTORUM,Rick Santorum to be Republican VP nominee in 2012,1,1.5,Dec/01/2011 17:21:25
749688,REP.VP.2012.SANTORUM,Rick Santorum to be Republican VP nominee in 2012,1,1.9,Dec/01/2011 17:21:25
749688,REP.VP.2012.SANTORUM,Rick Santorum to be Republican VP nominee in 2012,50,1.0,Dec/01/2011 17:21:25
749688,REP.VP.2012.SANTORUM,Rick Santorum to be Republican VP nominee in 2012,1,1.0,Dec/01/2011 17:21:25
749688,REP.VP.2012.SANTORUM,Rick Santorum to be Republican VP nominee in 2012,1,2.0,Dec/01/2011 17:21:25
749688,REP.VP.2012.SANTORUM,Rick Santorum to be Republican VP nominee in 2012,8,1.0,Dec/08/2011 04:13:40
749688,REP.VP.2012.SANTORUM,Rick Santorum to be Republican VP nominee in 2012,10,1.1,Dec/08/2011 04:13:40
749688,REP.VP.2012.SANTORUM,Rick Santorum to be Republican VP nominee in 2012,32,1.0,Dec/08/2011 14:56:16
749688,REP.VP.2012.SANTORUM,Rick Santorum to be Republican VP nominee in 2012,1,1.0,Dec/08/2011 14:56:16
749688,REP.VP.2012.SANTORUM,Rick Santorum to be Republican VP nominee in 2012,8,1.3,Dec/11/2011 03:17:51
749688,REP.VP.2012.SANTORUM,Rick Santorum to be Republican VP nominee in 2012,1,1.3,Dec/11/2011 03:17:51
749688,REP.VP.2012.SANTORUM,Rick Santorum to be Republican VP nominee in 2012,1,1.4,Dec/11/2011 03:18:08
749688,REP.VP.2012.SANTORUM,Rick Santorum to be Republican VP nominee in 2012,50,1.5,Dec/11/2011 03:18:26
749688,REP.VP.2012.SANTORUM,Rick Santorum to be Republican VP nominee in 2012,1,1.5,Dec/11/2011 03:18:26
749688,REP.VP.2012.SANTORUM,Rick Santorum to be Republican VP nominee in 2012,25,2.0,Dec/11/2011 03:19:54
749688,REP.VP.2012.SANTORUM,Rick Santorum to be Republican VP nominee in 2012,2,1.9,Dec/11/2011 15:54:13
749688,REP.VP.2012.SANTORUM,Rick Santorum to be Republican VP nominee in 2012,1,1.9,Dec/11/2011 15:54:13
749688,REP.VP.2012.SANTORUM,Rick Santorum to be Republican VP nominee in 2012,25,2.0,Dec/11/2011 15:54:33
749688,REP.VP.2012.SANTORUM,Rick Santorum to be Republican VP nominee in 2012,50,2.0,Dec/11/2011 15:54:33
749688,REP.VP.2012.SANTORUM,Rick Santorum to be Republican VP nominee in 2012,50,2.5,Dec/11/2011 15:55:12
749688,REP.VP.2012.SANTORUM,Rick Santorum to be Republican VP nominee in 2012,3,2.5,Dec/11/2011 15:55:12
749688,REP.VP.2012.SANTORUM,Rick Santorum to be Republican VP nominee in 2012,50,2.9,Dec/11/2011 15:55:34
749688,REP.VP.2012.SANTORUM,Rick Santorum to be Republican VP nominee in 2012,2,2.9,Dec/11/2011 15:55:34
749688,REP.VP.2012.SANTORUM,Rick Santorum to be Republican VP nominee in 2012,50,3.0,Dec/11/2011 15:55:52
749688,REP.VP.2012.SANTORUM,Rick Santorum to be Republican VP nominee in 2012,20,3.0,Dec/11/2011 15:55:52
749688,REP.VP.2012.SANTORUM,Rick Santorum to be Republican VP nominee in 2012,2,2.9,Dec/12/2011 03:06:12
749688,REP.VP.2012.SANTORUM,Rick Santorum to be Republican VP nominee in 2012,1,2.9,Dec/12/2011 03:06:12
749688,REP.VP.2012.SANTORUM,Rick Santorum to be Republican VP nominee in 2012,2,3.0,Dec/12/2011 03:07:20
749688,REP.VP.2012.SANTORUM,Rick Santorum to be Republican VP nominee in 2012,1,1.6,Dec/13/2011 00:36:51
749688,REP.VP.2012.SANTORUM,Rick Santorum to be Republican VP nominee in 2012,14,1.6,Dec/13/2011 00:37:03
749688,REP.VP.2012.SANTORUM,Rick Santorum to be Republican VP nominee in 2012,40,1.6,Dec/13/2011 00:37:03
749688,REP.VP.2012.SANTORUM,Rick Santorum to be Republican VP nominee in 2012,2,1.5,Dec/13/2011 00:37:16
749688,REP.VP.2012.SANTORUM,Rick Santorum to be Republican VP nominee in 2012,2,1.5,Dec/13/2011 00:37:16
749688,REP.VP.2012.SANTORUM,Rick Santorum to be Republican VP nominee in 2012,9,1.1,Dec/13/2011 00:37:48
749688,REP.VP.2012.SANTORUM,Rick Santorum to be Republican VP nominee in 2012,66,0.9,Dec/13/2011 00:38:13
749688,REP.VP.2012.SANTORUM,Rick Santorum to be Republican VP nominee in 2012,1,0.9,Dec/13/2011 00:38:13
749688,REP.VP.2012.SANTORUM,Rick Santorum to be Republican VP nominee in 2012,33,0.9,Dec/13/2011 00:38:13
749688,REP.VP.2012.SANTORUM,Rick Santorum to be Republican VP nominee in 2012,1,1.0,Dec/13/2011 00:38:13
749688,REP.VP.2012.SANTORUM,Rick Santorum to be Republican VP nominee in 2012,1,0.9,Dec/13/2011 05:40:11
749688,REP.VP.2012.SANTORUM,Rick Santorum to be Republican VP nominee in 2012,88,0.9,Dec/13/2011 05:40:27
749688,REP.VP.2012.SANTORUM,Rick Santorum to be Republican VP nominee in 2012,31,1.0,Dec/13/2011 17:43:11
749688,REP.VP.2012.SANTORUM,Rick Santorum to be Republican VP nominee in 2012,19,1.0,Dec/14/2011 22:23:43
749688,REP.VP.2012.SANTORUM,Rick Santorum to be Republican VP nominee in 2012,11,1.1,Dec/14/2011 22:23:43
749688,REP.VP.2012.SANTORUM,Rick Santorum to be Republican VP nominee in 2012,11,1.2,Dec/14/2011 22:23:43
749688,REP.VP.2012.SANTORUM,Rick Santorum to be Republican VP nominee in 2012,1,1.0,Dec/14/2011 22:23:43
749688,REP.VP.2012.SANTORUM,Rick Santorum to be Republican VP nominee in 2012,1,1.2,Dec/14/2011 22:23:43
749688,REP.VP.2012.SANTORUM,Rick Santorum to be Republican VP nominee in 2012,27,1.2,Dec/15/2011 20:53:25
749688,REP.VP.2012.SANTORUM,Rick Santorum to be Republican VP nominee in 2012,10,1.3,Dec/19/2011 18:35:44
749688,REP.VP.2012.SANTORUM,Rick Santorum to be Republican VP nominee in 2012,1,1.3,Dec/19/2011 18:35:44
749688,REP.VP.2012.SANTORUM,Rick Santorum to be Republican VP nominee in 2012,30,1.5,Dec/19/2011 18:36:04
749688,REP.VP.2012.SANTORUM,Rick Santorum to be Republican VP nominee in 2012,1,1.5,Dec/19/2011 18:36:04
749688,REP.VP.2012.SANTORUM,Rick Santorum to be Republican VP nominee in 2012,50,1.5,Dec/19/2011 18:36:04
749688,REP.VP.2012.SANTORUM,Rick Santorum to be Republican VP nominee in 2012,4,1.8,Dec/20/2011 16:59:09
749688,REP.VP.2012.SANTORUM,Rick Santorum to be Republican VP nominee in 2012,1,1.8,Dec/20/2011 16:59:09
749688,REP.VP.2012.SANTORUM,Rick Santorum to be Republican VP nominee in 2012,7,1.9,Dec/20/2011 16:59:27
749688,REP.VP.2012.SANTORUM,Rick Santorum to be Republican VP nominee in 2012,30,2.0,Dec/20/2011 17:03:43
749688,REP.VP.2012.SANTORUM,Rick Santorum to be Republican VP nominee in 2012,17,2.0,Dec/20/2011 17:03:43
749688,REP.VP.2012.SANTORUM,Rick Santorum to be Republican VP nominee in 2012,1,2.0,Dec/20/2011 17:03:43
749688,REP.VP.2012.SANTORUM,Rick Santorum to be Republican VP nominee in 2012,39,2.5,Dec/20/2011 19:27:27
749688,REP.VP.2012.SANTORUM,Rick Santorum to be Republican VP nominee in 2012,1,2.5,Dec/20/2011 19:27:27
749688,REP.VP.2012.SANTORUM,Rick Santorum to be Republican VP nominee in 2012,1,3.0,Dec/20/2011 20:06:57
749688,REP.VP.2012.SANTORUM,Rick Santorum to be Republican VP nominee in 2012,20,2.6,Dec/21/2011 18:29:34
749688,REP.VP.2012.SANTORUM,Rick Santorum to be Republican VP nominee in 2012,17,3.0,Dec/22/2011 04:54:25
749688,REP.VP.2012.SANTORUM,Rick Santorum to be Republican VP nominee in 2012,1,3.0,Dec/22/2011 04:54:25
749688,REP.VP.2012.SANTORUM,Rick Santorum to be Republican VP nominee in 2012,20,3.0,Dec/23/2011 17:43:06
749688,REP.VP.2012.SANTORUM,Rick Santorum to be Republican VP nominee in 2012,5,2.8,Dec/25/2011 18:30:51
749688,REP.VP.2012.SANTORUM,Rick Santorum to be Republican VP nominee in 2012,33,2.6,Dec/25/2011 21:05:23
749688,REP.VP.2012.SANTORUM,Rick Santorum to be Republican VP nominee in 2012,10,2.7,Dec/28/2011 01:56:55
749688,REP.VP.2012.SANTORUM,Rick Santorum to be Republican VP nominee in 2012,2,2.6,Dec/28/2011 01:57:29
749688,REP.VP.2012.SANTORUM,Rick Santorum to be Republican VP nominee in 2012,23,2.5,Dec/28/2011 01:57:49
749688,REP.VP.2012.SANTORUM,Rick Santorum to be Republican VP nominee in 2012,1,1.2,Dec/28/2011 19:00:14
749688,REP.VP.2012.SANTORUM,Rick Santorum to be Republican VP nominee in 2012,1,3.3,Dec/29/2011 13:43:54
749688,REP.VP.2012.SANTORUM,Rick Santorum to be Republican VP nominee in 2012,1,3.3,Dec/29/2011 13:43:54
749688,REP.VP.2012.SANTORUM,Rick Santorum to be Republican VP nominee in 2012,2,3.4,Dec/30/2011 22:26:16
749688,REP.VP.2012.SANTORUM,Rick Santorum to be Republican VP nominee in 2012,1,3.4,Dec/30/2011 22:26:16
749688,REP.VP.2012.SANTORUM,Rick Santorum to be Republican VP nominee in 2012,10,3.5,Dec/30/2011 22:26:52
749688,REP.VP.2012.SANTORUM,Rick Santorum to be Republican VP nominee in 2012,10,3.5,Dec/31/2011 06:09:23
749688,REP.VP.2012.SANTORUM,Rick Santorum to be Republican VP nominee in 2012,25,3.5,Dec/31/2011 06:09:23
749688,REP.VP.2012.SANTORUM,Rick Santorum to be Republican VP nominee in 2012,1,3.5,Dec/31/2011 06:09:23
749688,REP.VP.2012.SANTORUM,Rick Santorum to be Republican VP nominee in 2012,3,2.7,Jan/02/2012 23:56:11
749688,REP.VP.2012.SANTORUM,Rick Santorum to be Republican VP nominee in 2012,1,2.6,Jan/02/2012 23:56:25
749688,REP.VP.2012.SANTORUM,Rick Santorum to be Republican VP nominee in 2012,10,2.5,Jan/02/2012 23:56:43
749688,REP.VP.2012.SANTORUM,Rick Santorum to be Republican VP nominee in 2012,1,2.3,Jan/02/2012 23:56:57
749688,REP.VP.2012.SANTORUM,Rick Santorum to be Republican VP nominee in 2012,3,3.2,Jan/03/2012 02:36:06
749688,REP.VP.2012.SANTORUM,Rick Santorum to be Republican VP nominee in 2012,1,3.2,Jan/03/2012 02:36:06
749688,REP.VP.2012.SANTORUM,Rick Santorum to be Republican VP nominee in 2012,1,3.3,Jan/03/2012 02:36:14
749688,REP.VP.2012.SANTORUM,Rick Santorum to be Republican VP nominee in 2012,10,3.4,Jan/03/2012 02:36:27
749688,REP.VP.2012.SANTORUM,Rick Santorum to be Republican VP nominee in 2012,17,3.5,Jan/03/2012 20:03:38
749688,REP.VP.2012.SANTORUM,Rick Santorum to be Republican VP nominee in 2012,50,4.0,Jan/04/2012 14:05:01
749688,REP.VP.2012.SANTORUM,Rick Santorum to be Republican VP nominee in 2012,3,3.5,Jan/04/2012 14:05:01
749688,REP.VP.2012.SANTORUM,Rick Santorum to be Republican VP nominee in 2012,20,4.0,Jan/04/2012 14:05:01
749688,REP.VP.2012.SANTORUM,Rick Santorum to be Republican VP nominee in 2012,1,3.5,Jan/04/2012 14:05:01
749688,REP.VP.2012.SANTORUM,Rick Santorum to be Republican VP nominee in 2012,10,3.9,Jan/04/2012 14:05:01
749688,REP.VP.2012.SANTORUM,Rick Santorum to be Republican VP nominee in 2012,1,4.0,Jan/04/2012 14:05:01
749688,REP.VP.2012.SANTORUM,Rick Santorum to be Republican VP nominee in 2012,10,4.5,Jan/04/2012 16:17:36
749688,REP.VP.2012.SANTORUM,Rick Santorum to be Republican VP nominee in 2012,20,4.5,Jan/04/2012 16:17:36
749688,REP.VP.2012.SANTORUM,Rick Santorum to be Republican VP nominee in 2012,9,4.5,Jan/04/2012 16:17:36
749688,REP.VP.2012.SANTORUM,Rick Santorum to be Republican VP nominee in 2012,10,4.4,Jan/04/2012 16:17:36
749688,REP.VP.2012.SANTORUM,Rick Santorum to be Republican VP nominee in 2012,1,4.0,Jan/04/2012 16:17:36
749688,REP.VP.2012.SANTORUM,Rick Santorum to be Republican VP nominee in 2012,16,4.5,Jan/04/2012 17:43:10
749688,REP.VP.2012.SANTORUM,Rick Santorum to be Republican VP nominee in 2012,1,4.5,Jan/04/2012 17:43:10
749688,REP.VP.2012.SANTORUM,Rick Santorum to be Republican VP nominee in 2012,20,4.5,Jan/04/2012 17:43:10
749688,REP.VP.2012.SANTORUM,Rick Santorum to be Republican VP nominee in 2012,10,4.9,Jan/04/2012 17:43:40
749688,REP.VP.2012.SANTORUM,Rick Santorum to be Republican VP nominee in 2012,1,5.0,Jan/04/2012 17:53:30
749688,REP.VP.2012.SANTORUM,Rick Santorum to be Republican VP nominee in 2012,20,5.0,Jan/04/2012 17:53:30
749688,REP.VP.2012.SANTORUM,Rick Santorum to be Republican VP nominee in 2012,50,5.0,Jan/04/2012 17:53:30
749688,REP.VP.2012.SANTORUM,Rick Santorum to be Republican VP nominee in 2012,2,5.0,Jan/04/2012 17:53:30
749688,REP.VP.2012.SANTORUM,Rick Santorum to be Republican VP nominee in 2012,50,4.9,Jan/04/2012 17:53:30
749688,REP.VP.2012.SANTORUM,Rick Santorum to be Republican VP nominee in 2012,20,4.8,Jan/04/2012 17:53:30
749688,REP.VP.2012.SANTORUM,Rick Santorum to be Republican VP nominee in 2012,10,5.0,Jan/04/2012 18:19:45
749688,REP.VP.2012.SANTORUM,Rick Santorum to be Republican VP nominee in 2012,47,5.0,Jan/04/2012 18:22:49
749688,REP.VP.2012.SANTORUM,Rick Santorum to be Republican VP nominee in 2012,10,2.9,Jan/04/2012 19:18:23
749688,REP.VP.2012.SANTORUM,Rick Santorum to be Republican VP nominee in 2012,1,2.4,Jan/04/2012 19:29:41
749688,REP.VP.2012.SANTORUM,Rick Santorum to be Republican VP nominee in 2012,4,2.5,Jan/04/2012 19:29:41
749688,REP.VP.2012.SANTORUM,Rick Santorum to be Republican VP nominee in 2012,4,2.6,Jan/04/2012 19:29:41
749688,REP.VP.2012.SANTORUM,Rick Santorum to be Republican VP nominee in 2012,1,4.6,Jan/05/2012 15:18:13
749688,REP.VP.2012.SANTORUM,Rick Santorum to be Republican VP nominee in 2012,1,4.6,Jan/05/2012 15:18:28
749688,REP.VP.2012.SANTORUM,Rick Santorum to be Republican VP nominee in 2012,10,4.7,Jan/05/2012 15:18:36
749688,REP.VP.2012.SANTORUM,Rick Santorum to be Republican VP nominee in 2012,70,4.0,Jan/06/2012 09:07:14
749688,REP.VP.2012.SANTORUM,Rick Santorum to be Republican VP nominee in 2012,1,4.0,Jan/06/2012 09:07:14
749688,REP.VP.2012.SANTORUM,Rick Santorum to be Republican VP nominee in 2012,5,4.4,Jan/06/2012 13:53:53
749688,REP.VP.2012.SANTORUM,Rick Santorum to be Republican VP nominee in 2012,25,4.0,Jan/06/2012 14:16:43
749688,REP.VP.2012.SANTORUM,Rick Santorum to be Republican VP nominee in 2012,4,4.0,Jan/07/2012 04:55:21
749688,REP.VP.2012.SANTORUM,Rick Santorum to be Republican VP nominee in 2012,1,4.1,Jan/07/2012 04:55:21
749688,REP.VP.2012.SANTORUM,Rick Santorum to be Republican VP nominee in 2012,10,3.8,Jan/09/2012 05:36:01
749688,REP.VP.2012.SANTORUM,Rick Santorum to be Republican VP nominee in 2012,1,3.0,Jan/09/2012 16:02:10
749688,REP.VP.2012.SANTORUM,Rick Santorum to be Republican VP nominee in 2012,10,3.0,Jan/11/2012 15:00:55
749688,REP.VP.2012.SANTORUM,Rick Santorum to be Republican VP nominee in 2012,5,3.0,Jan/12/2012 00:27:10
749688,REP.VP.2012.SANTORUM,Rick Santorum to be Republican VP nominee in 2012,15,3.0,Jan/13/2012 12:43:37
749688,REP.VP.2012.SANTORUM,Rick Santorum to be Republican VP nominee in 2012,10,3.0,Jan/13/2012 12:43:37
749688,REP.VP.2012.SANTORUM,Rick Santorum to be Republican VP nominee in 2012,30,3.5,Jan/13/2012 12:43:53
749688,REP.VP.2012.SANTORUM,Rick Santorum to be Republican VP nominee in 2012,20,3.7,Jan/13/2012 12:44:03
749688,REP.VP.2012.SANTORUM,Rick Santorum to be Republican VP nominee in 2012,3,3.8,Jan/14/2012 17:00:50
749688,REP.VP.2012.SANTORUM,Rick Santorum to be Republican VP nominee in 2012,6,3.9,Jan/14/2012 17:01:13
749688,REP.VP.2012.SANTORUM,Rick Santorum to be Republican VP nominee in 2012,20,3.9,Jan/14/2012 17:01:13
749688,REP.VP.2012.SANTORUM,Rick Santorum to be Republican VP nominee in 2012,15,4.0,Jan/14/2012 17:02:15
749688,REP.VP.2012.SANTORUM,Rick Santorum to be Republican VP nominee in 2012,50,4.0,Jan/14/2012 17:02:15
749688,REP.VP.2012.SANTORUM,Rick Santorum to be Republican VP nominee in 2012,4,3.0,Jan/17/2012 03:58:19
749688,REP.VP.2012.SANTORUM,Rick Santorum to be Republican VP nominee in 2012,5,3.0,Jan/18/2012 01:26:26
749688,REP.VP.2012.SANTORUM,Rick Santorum to be Republican VP nominee in 2012,10,3.0,Jan/18/2012 01:53:04
749688,REP.VP.2012.SANTORUM,Rick Santorum to be Republican VP nominee in 2012,1,2.8,Jan/18/2012 03:42:12
749688,REP.VP.2012.SANTORUM,Rick Santorum to be Republican VP nominee in 2012,10,3.0,Jan/18/2012 17:32:12
749688,REP.VP.2012.SANTORUM,Rick Santorum to be Republican VP nominee in 2012,1,3.0,Jan/18/2012 17:32:12
749688,REP.VP.2012.SANTORUM,Rick Santorum to be Republican VP nominee in 2012,30,3.0,Jan/18/2012 17:32:12
749688,REP.VP.2012.SANTORUM,Rick Santorum to be Republican VP nominee in 2012,29,2.8,Jan/18/2012 23:03:33
749688,REP.VP.2012.SANTORUM,Rick Santorum to be Republican VP nominee in 2012,19,3.0,Jan/18/2012 23:03:33
749688,REP.VP.2012.SANTORUM,Rick Santorum to be Republican VP nominee in 2012,1,2.7,Jan/19/2012 03:47:08
749688,REP.VP.2012.SANTORUM,Rick Santorum to be Republican VP nominee in 2012,20,2.7,Jan/19/2012 03:47:08
749688,REP.VP.2012.SANTORUM,Rick Santorum to be Republican VP nominee in 2012,6,2.6,Jan/20/2012 01:56:11
749688,REP.VP.2012.SANTORUM,Rick Santorum to be Republican VP nominee in 2012,20,2.5,Jan/20/2012 01:56:11
749688,REP.VP.2012.SANTORUM,Rick Santorum to be Republican VP nominee in 2012,10,2.7,Jan/20/2012 01:56:11
749688,REP.VP.2012.SANTORUM,Rick Santorum to be Republican VP nominee in 2012,2,3.1,Jan/20/2012 02:59:02
749688,REP.VP.2012.SANTORUM,Rick Santorum to be Republican VP nominee in 2012,4,3.1,Jan/21/2012 17:08:45
749688,REP.VP.2012.SANTORUM,Rick Santorum to be Republican VP nominee in 2012,10,3.2,Jan/21/2012 17:09:00
749688,REP.VP.2012.SANTORUM,Rick Santorum to be Republican VP nominee in 2012,10,3.3,Jan/21/2012 17:09:21
749688,REP.VP.2012.SANTORUM,Rick Santorum to be Republican VP nominee in 2012,25,3.5,Jan/21/2012 18:52:11
749688,REP.VP.2012.SANTORUM,Rick Santorum to be Republican VP nominee in 2012,1,3.8,Jan/21/2012 23:33:10
749688,REP.VP.2012.SANTORUM,Rick Santorum to be Republican VP nominee in 2012,1,4.0,Jan/22/2012 02:00:23
749688,REP.VP.2012.SANTORUM,Rick Santorum to be Republican VP nominee in 2012,19,4.0,Jan/22/2012 02:35:52
749688,REP.VP.2012.SANTORUM,Rick Santorum to be Republican VP nominee in 2012,6,4.0,Jan/22/2012 02:35:52
749688,REP.VP.2012.SANTORUM,Rick Santorum to be Republican VP nominee in 2012,10,4.0,Jan/22/2012 02:37:22
749688,REP.VP.2012.SANTORUM,Rick Santorum to be Republican VP nominee in 2012,2,4.0,Jan/22/2012 03:03:44
749688,REP.VP.2012.SANTORUM,Rick Santorum to be Republican VP nominee in 2012,7,4.0,Jan/22/2012 03:16:06
749688,REP.VP.2012.SANTORUM,Rick Santorum to be Republican VP nominee in 2012,5,3.3,Jan/22/2012 16:52:30
749688,REP.VP.2012.SANTORUM,Rick Santorum to be Republican VP nominee in 2012,5,3.9,Jan/23/2012 03:55:47
749688,REP.VP.2012.SANTORUM,Rick Santorum to be Republican VP nominee in 2012,14,4.0,Jan/23/2012 05:07:33
749688,REP.VP.2012.SANTORUM,Rick Santorum to be Republican VP nominee in 2012,10,4.0,Jan/23/2012 07:07:17
749688,REP.VP.2012.SANTORUM,Rick Santorum to be Republican VP nominee in 2012,6,4.0,Jan/23/2012 15:42:13
749688,REP.VP.2012.SANTORUM,Rick Santorum to be Republican VP nominee in 2012,1,4.3,Jan/24/2012 02:18:01
749688,REP.VP.2012.SANTORUM,Rick Santorum to be Republican VP nominee in 2012,55,4.3,Jan/24/2012 02:18:01
749688,REP.VP.2012.SANTORUM,Rick Santorum to be Republican VP nominee in 2012,25,4.4,Jan/24/2012 02:40:24
749688,REP.VP.2012.SANTORUM,Rick Santorum to be Republican VP nominee in 2012,15,4.3,Jan/24/2012 22:25:28
749688,REP.VP.2012.SANTORUM,Rick Santorum to be Republican VP nominee in 2012,20,3.9,Jan/24/2012 23:04:50
749688,REP.VP.2012.SANTORUM,Rick Santorum to be Republican VP nominee in 2012,3,3.9,Jan/25/2012 04:25:56
749688,REP.VP.2012.SANTORUM,Rick Santorum to be Republican VP nominee in 2012,2,3.7,Jan/25/2012 04:26:04
749688,REP.VP.2012.SANTORUM,Rick Santorum to be Republican VP nominee in 2012,10,3.5,Jan/25/2012 17:52:03
749688,REP.VP.2012.SANTORUM,Rick Santorum to be Republican VP nominee in 2012,1,3.3,Jan/25/2012 21:18:48
749688,REP.VP.2012.SANTORUM,Rick Santorum to be Republican VP nominee in 2012,3,3.3,Jan/25/2012 21:18:48
749688,REP.VP.2012.SANTORUM,Rick Santorum to be Republican VP nominee in 2012,1,3.4,Jan/25/2012 21:18:48
749688,REP.VP.2012.SANTORUM,Rick Santorum to be Republican VP nominee in 2012,3,3.3,Jan/26/2012 00:47:17
749688,REP.VP.2012.SANTORUM,Rick Santorum to be Republican VP nominee in 2012,3,3.7,Jan/26/2012 05:31:41
749688,REP.VP.2012.SANTORUM,Rick Santorum to be Republican VP nominee in 2012,10,3.8,Jan/26/2012 05:32:07
749688,REP.VP.2012.SANTORUM,Rick Santorum to be Republican VP nominee in 2012,10,3.9,Jan/26/2012 05:33:25
749688,REP.VP.2012.SANTORUM,Rick Santorum to be Republican VP nominee in 2012,1,3.8,Jan/26/2012 09:20:25
749688,REP.VP.2012.SANTORUM,Rick Santorum to be Republican VP nominee in 2012,10,3.5,Jan/26/2012 16:47:11
749688,REP.VP.2012.SANTORUM,Rick Santorum to be Republican VP nominee in 2012,10,3.5,Jan/26/2012 19:43:46
749688,REP.VP.2012.SANTORUM,Rick Santorum to be Republican VP nominee in 2012,1,3.4,Jan/26/2012 20:17:13
749688,REP.VP.2012.SANTORUM,Rick Santorum to be Republican VP nominee in 2012,1,3.4,Jan/26/2012 20:33:05
749688,REP.VP.2012.SANTORUM,Rick Santorum to be Republican VP nominee in 2012,185,4.0,Jan/27/2012 01:17:32
749688,REP.VP.2012.SANTORUM,Rick Santorum to be Republican VP nominee in 2012,10,3.9,Jan/27/2012 01:17:32
749688,REP.VP.2012.SANTORUM,Rick Santorum to be Republican VP nominee in 2012,7,3.9,Jan/27/2012 01:17:32
749688,REP.VP.2012.SANTORUM,Rick Santorum to be Republican VP nominee in 2012,50,3.5,Jan/27/2012 01:17:32
749688,REP.VP.2012.SANTORUM,Rick Santorum to be Republican VP nominee in 2012,75,4.0,Jan/27/2012 01:28:26
749688,REP.VP.2012.SANTORUM,Rick Santorum to be Republican VP nominee in 2012,10,4.1,Jan/27/2012 01:28:26
749688,REP.VP.2012.SANTORUM,Rick Santorum to be Republican VP nominee in 2012,1,4.2,Jan/27/2012 01:39:07
749688,REP.VP.2012.SANTORUM,Rick Santorum to be Republican VP nominee in 2012,50,4.0,Jan/27/2012 01:48:36
749688,REP.VP.2012.SANTORUM,Rick Santorum to be Republican VP nominee in 2012,10,4.0,Jan/27/2012 01:49:24
749688,REP.VP.2012.SANTORUM,Rick Santorum to be Republican VP nominee in 2012,20,4.5,Jan/27/2012 01:50:58
749688,REP.VP.2012.SANTORUM,Rick Santorum to be Republican VP nominee in 2012,25,4.4,Jan/27/2012 01:50:58
749688,REP.VP.2012.SANTORUM,Rick Santorum to be Republican VP nominee in 2012,1,4.3,Jan/27/2012 01:50:58
749688,REP.VP.2012.SANTORUM,Rick Santorum to be Republican VP nominee in 2012,25,4.3,Jan/27/2012 01:50:58
749688,REP.VP.2012.SANTORUM,Rick Santorum to be Republican VP nominee in 2012,10,4.1,Jan/27/2012 01:50:58
749688,REP.VP.2012.SANTORUM,Rick Santorum to be Republican VP nominee in 2012,10,4.6,Jan/27/2012 01:55:24
749688,REP.VP.2012.SANTORUM,Rick Santorum to be Republican VP nominee in 2012,20,5.0,Jan/27/2012 01:55:52
749688,REP.VP.2012.SANTORUM,Rick Santorum to be Republican VP nominee in 2012,50,5.0,Jan/27/2012 01:55:52
749688,REP.VP.2012.SANTORUM,Rick Santorum to be Republican VP nominee in 2012,5,5.0,Jan/27/2012 01:55:52
749688,REP.VP.2012.SANTORUM,Rick Santorum to be Republican VP nominee in 2012,5,4.9,Jan/27/2012 01:55:52
749688,REP.VP.2012.SANTORUM,Rick Santorum to be Republican VP nominee in 2012,15,5.0,Jan/27/2012 02:05:40
749688,REP.VP.2012.SANTORUM,Rick Santorum to be Republican VP nominee in 2012,19,5.5,Jan/27/2012 02:05:58
749688,REP.VP.2012.SANTORUM,Rick Santorum to be Republican VP nominee in 2012,1,5.4,Jan/27/2012 02:05:58
749688,REP.VP.2012.SANTORUM,Rick Santorum to be Republican VP nominee in 2012,5,4.3,Jan/27/2012 02:33:12
749688,REP.VP.2012.SANTORUM,Rick Santorum to be Republican VP nominee in 2012,13,4.0,Jan/27/2012 02:33:12
749688,REP.VP.2012.SANTORUM,Rick Santorum to be Republican VP nominee in 2012,7,4.0,Jan/27/2012 02:33:12
749688,REP.VP.2012.SANTORUM,Rick Santorum to be Republican VP nominee in 2012,50,4.0,Jan/27/2012 02:38:25
749688,REP.VP.2012.SANTORUM,Rick Santorum to be Republican VP nominee in 2012,2,4.9,Jan/27/2012 03:45:55
749688,REP.VP.2012.SANTORUM,Rick Santorum to be Republican VP nominee in 2012,25,5.0,Jan/27/2012 04:12:37
749688,REP.VP.2012.SANTORUM,Rick Santorum to be Republican VP nominee in 2012,13,4.9,Jan/27/2012 04:12:37
749688,REP.VP.2012.SANTORUM,Rick Santorum to be Republican VP nominee in 2012,4,4.9,Jan/27/2012 04:12:37
749688,REP.VP.2012.SANTORUM,Rick Santorum to be Republican VP nominee in 2012,5,5.0,Jan/27/2012 04:13:56
749688,REP.VP.2012.SANTORUM,Rick Santorum to be Republican VP nominee in 2012,1,5.3,Jan/27/2012 04:16:23
749688,REP.VP.2012.SANTORUM,Rick Santorum to be Republican VP nominee in 2012,25,5.0,Jan/27/2012 04:58:22
749688,REP.VP.2012.SANTORUM,Rick Santorum to be Republican VP nominee in 2012,5,5.0,Jan/27/2012 08:33:00
749688,REP.VP.2012.SANTORUM,Rick Santorum to be Republican VP nominee in 2012,1,5.1,Jan/27/2012 19:48:23
749688,REP.VP.2012.SANTORUM,Rick Santorum to be Republican VP nominee in 2012,1,5.1,Jan/27/2012 19:48:23
749688,REP.VP.2012.SANTORUM,Rick Santorum to be Republican VP nominee in 2012,1,5.2,Jan/27/2012 19:48:32
749688,REP.VP.2012.SANTORUM,Rick Santorum to be Republican VP nominee in 2012,10,6.0,Jan/28/2012 08:45:53
749688,REP.VP.2012.SANTORUM,Rick Santorum to be Republican VP nominee in 2012,1,5.5,Jan/28/2012 08:45:53
749688,REP.VP.2012.SANTORUM,Rick Santorum to be Republican VP nominee in 2012,50,5.9,Jan/28/2012 08:45:53
749688,REP.VP.2012.SANTORUM,Rick Santorum to be Republican VP nominee in 2012,5,5.5,Jan/28/2012 08:45:53
749688,REP.VP.2012.SANTORUM,Rick Santorum to be Republican VP nominee in 2012,5,5.8,Jan/28/2012 08:45:53
749688,REP.VP.2012.SANTORUM,Rick Santorum to be Republican VP nominee in 2012,1,5.4,Jan/28/2012 08:45:53
749688,REP.VP.2012.SANTORUM,Rick Santorum to be Republican VP nominee in 2012,1,5.3,Jan/28/2012 08:45:53
749688,REP.VP.2012.SANTORUM,Rick Santorum to be Republican VP nominee in 2012,1,6.0,Jan/28/2012 08:45:53
749688,REP.VP.2012.SANTORUM,Rick Santorum to be Republican VP nominee in 2012,1,4.9,Jan/28/2012 08:45:53
749688,REP.VP.2012.SANTORUM,Rick Santorum to be Republican VP nominee in 2012,15,5.0,Jan/28/2012 08:45:53
749688,REP.VP.2012.SANTORUM,Rick Santorum to be Republican VP nominee in 2012,4,6.0,Jan/28/2012 13:25:16
749688,REP.VP.2012.SANTORUM,Rick Santorum to be Republican VP nominee in 2012,3,6.0,Jan/28/2012 13:25:41
749688,REP.VP.2012.SANTORUM,Rick Santorum to be Republican VP nominee in 2012,1,4.3,Jan/28/2012 18:25:16
749688,REP.VP.2012.SANTORUM,Rick Santorum to be Republican VP nominee in 2012,3,6.0,Jan/29/2012 14:43:07
749688,REP.VP.2012.SANTORUM,Rick Santorum to be Republican VP nominee in 2012,1,5.0,Jan/29/2012 14:43:07
749688,REP.VP.2012.SANTORUM,Rick Santorum to be Republican VP nominee in 2012,1,5.5,Jan/29/2012 14:43:07
749688,REP.VP.2012.SANTORUM,Rick Santorum to be Republican VP nominee in 2012,6,4.1,Jan/30/2012 03:47:26
749688,REP.VP.2012.SANTORUM,Rick Santorum to be Republican VP nominee in 2012,1,4.2,Jan/30/2012 03:47:26
749688,REP.VP.2012.SANTORUM,Rick Santorum to be Republican VP nominee in 2012,1,4.3,Jan/30/2012 03:47:26
749688,REP.VP.2012.SANTORUM,Rick Santorum to be Republican VP nominee in 2012,2,4.4,Jan/30/2012 03:47:26
749688,REP.VP.2012.SANTORUM,Rick Santorum to be Republican VP nominee in 2012,1,4.3,Jan/30/2012 03:47:26
749688,REP.VP.2012.SANTORUM,Rick Santorum to be Republican VP nominee in 2012,2,4.2,Jan/30/2012 03:47:26
749688,REP.VP.2012.SANTORUM,Rick Santorum to be Republican VP nominee in 2012,10,4.0,Jan/30/2012 04:19:09
749688,REP.VP.2012.SANTORUM,Rick Santorum to be Republican VP nominee in 2012,1,4.1,Jan/30/2012 05:36:44
749688,REP.VP.2012.SANTORUM,Rick Santorum to be Republican VP nominee in 2012,1,4.1,Jan/30/2012 05:49:43
749688,REP.VP.2012.SANTORUM,Rick Santorum to be Republican VP nominee in 2012,3,4.1,Jan/30/2012 07:22:27
749688,REP.VP.2012.SANTORUM,Rick Santorum to be Republican VP nominee in 2012,1,4.1,Jan/30/2012 23:07:32
749688,REP.VP.2012.SANTORUM,Rick Santorum to be Republican VP nominee in 2012,33,4.0,Jan/31/2012 03:17:24
749688,REP.VP.2012.SANTORUM,Rick Santorum to be Republican VP nominee in 2012,16,4.0,Jan/31/2012 03:17:24
749688,REP.VP.2012.SANTORUM,Rick Santorum to be Republican VP nominee in 2012,1,4.1,Feb/01/2012 00:29:30
749688,REP.VP.2012.SANTORUM,Rick Santorum to be Republican VP nominee in 2012,7,4.4,Feb/01/2012 00:29:30
749688,REP.VP.2012.SANTORUM,Rick Santorum to be Republican VP nominee in 2012,6,4.3,Feb/01/2012 00:29:30
749688,REP.VP.2012.SANTORUM,Rick Santorum to be Republican VP nominee in 2012,1,4.0,Feb/01/2012 00:29:30
749688,REP.VP.2012.SANTORUM,Rick Santorum to be Republican VP nominee in 2012,5,4.1,Feb/01/2012 00:29:30
749688,REP.VP.2012.SANTORUM,Rick Santorum to be Republican VP nominee in 2012,3,4.4,Feb/01/2012 02:08:15
749688,REP.VP.2012.SANTORUM,Rick Santorum to be Republican VP nominee in 2012,5,4.4,Feb/01/2012 02:08:15
749688,REP.VP.2012.SANTORUM,Rick Santorum to be Republican VP nominee in 2012,20,4.5,Feb/01/2012 02:08:37
749688,REP.VP.2012.SANTORUM,Rick Santorum to be Republican VP nominee in 2012,5,4.5,Feb/01/2012 02:09:54
749688,REP.VP.2012.SANTORUM,Rick Santorum to be Republican VP nominee in 2012,7,4.1,Feb/01/2012 21:15:00
749688,REP.VP.2012.SANTORUM,Rick Santorum to be Republican VP nominee in 2012,1,4.2,Feb/01/2012 21:15:00
749688,REP.VP.2012.SANTORUM,Rick Santorum to be Republican VP nominee in 2012,20,4.0,Feb/01/2012 22:13:17
749688,REP.VP.2012.SANTORUM,Rick Santorum to be Republican VP nominee in 2012,1,3.8,Feb/02/2012 04:07:57
749688,REP.VP.2012.SANTORUM,Rick Santorum to be Republican VP nominee in 2012,9,3.5,Feb/02/2012 04:08:21
749688,REP.VP.2012.SANTORUM,Rick Santorum to be Republican VP nominee in 2012,2,3.6,Feb/02/2012 21:19:03
749688,REP.VP.2012.SANTORUM,Rick Santorum to be Republican VP nominee in 2012,3,3.6,Feb/02/2012 23:59:17
749688,REP.VP.2012.SANTORUM,Rick Santorum to be Republican VP nominee in 2012,25,3.6,Feb/02/2012 23:59:17
749688,REP.VP.2012.SANTORUM,Rick Santorum to be Republican VP nominee in 2012,5,3.6,Feb/03/2012 01:55:05
749688,REP.VP.2012.SANTORUM,Rick Santorum to be Republican VP nominee in 2012,6,3.6,Feb/03/2012 03:35:25
749688,REP.VP.2012.SANTORUM,Rick Santorum to be Republican VP nominee in 2012,11,3.6,Feb/03/2012 15:46:28
749688,REP.VP.2012.SANTORUM,Rick Santorum to be Republican VP nominee in 2012,10,3.6,Feb/03/2012 19:01:53
749688,REP.VP.2012.SANTORUM,Rick Santorum to be Republican VP nominee in 2012,5,3.7,Feb/03/2012 21:47:55
749688,REP.VP.2012.SANTORUM,Rick Santorum to be Republican VP nominee in 2012,1,3.6,Feb/04/2012 13:28:27
749688,REP.VP.2012.SANTORUM,Rick Santorum to be Republican VP nominee in 2012,30,4.0,Feb/04/2012 14:58:36
749688,REP.VP.2012.SANTORUM,Rick Santorum to be Republican VP nominee in 2012,15,4.0,Feb/04/2012 14:58:36
749688,REP.VP.2012.SANTORUM,Rick Santorum to be Republican VP nominee in 2012,9,3.9,Feb/04/2012 14:58:36
749688,REP.VP.2012.SANTORUM,Rick Santorum to be Republican VP nominee in 2012,1,3.7,Feb/04/2012 14:58:36
749688,REP.VP.2012.SANTORUM,Rick Santorum to be Republican VP nominee in 2012,1,3.8,Feb/04/2012 14:58:36
749688,REP.VP.2012.SANTORUM,Rick Santorum to be Republican VP nominee in 2012,15,4.0,Feb/04/2012 14:58:50
749688,REP.VP.2012.SANTORUM,Rick Santorum to be Republican VP nominee in 2012,1,4.1,Feb/04/2012 15:55:55
749688,REP.VP.2012.SANTORUM,Rick Santorum to be Republican VP nominee in 2012,10,4.0,Feb/04/2012 17:10:50
749688,REP.VP.2012.SANTORUM,Rick Santorum to be Republican VP nominee in 2012,10,4.1,Feb/04/2012 17:20:47
749688,REP.VP.2012.SANTORUM,Rick Santorum to be Republican VP nominee in 2012,1,4.1,Feb/04/2012 19:02:34
749688,REP.VP.2012.SANTORUM,Rick Santorum to be Republican VP nominee in 2012,5,4.0,Feb/05/2012 01:25:36
749688,REP.VP.2012.SANTORUM,Rick Santorum to be Republican VP nominee in 2012,8,4.3,Feb/05/2012 15:27:03
749688,REP.VP.2012.SANTORUM,Rick Santorum to be Republican VP nominee in 2012,4,4.2,Feb/05/2012 15:27:03
749688,REP.VP.2012.SANTORUM,Rick Santorum to be Republican VP nominee in 2012,68,4.0,Feb/05/2012 19:47:09
749688,REP.VP.2012.SANTORUM,Rick Santorum to be Republican VP nominee in 2012,9,4.1,Feb/05/2012 19:47:09
749688,REP.VP.2012.SANTORUM,Rick Santorum to be Republican VP nominee in 2012,1,4.4,Feb/06/2012 00:37:33
749688,REP.VP.2012.SANTORUM,Rick Santorum to be Republican VP nominee in 2012,9,4.3,Feb/06/2012 00:37:33
749688,REP.VP.2012.SANTORUM,Rick Santorum to be Republican VP nominee in 2012,1,4.4,Feb/06/2012 16:27:09
749688,REP.VP.2012.SANTORUM,Rick Santorum to be Republican VP nominee in 2012,30,4.5,Feb/06/2012 19:23:12
749688,REP.VP.2012.SANTORUM,Rick Santorum to be Republican VP nominee in 2012,2,4.6,Feb/06/2012 20:14:46
749688,REP.VP.2012.SANTORUM,Rick Santorum to be Republican VP nominee in 2012,1,4.6,Feb/06/2012 21:15:29
749688,REP.VP.2012.SANTORUM,Rick Santorum to be Republican VP nominee in 2012,10,4.6,Feb/06/2012 21:59:30
749688,REP.VP.2012.SANTORUM,Rick Santorum to be Republican VP nominee in 2012,2,4.7,Feb/07/2012 02:22:51
749688,REP.VP.2012.SANTORUM,Rick Santorum to be Republican VP nominee in 2012,5,4.7,Feb/07/2012 02:22:51
749688,REP.VP.2012.SANTORUM,Rick Santorum to be Republican VP nominee in 2012,1,4.8,Feb/07/2012 03:41:48
749688,REP.VP.2012.SANTORUM,Rick Santorum to be Republican VP nominee in 2012,25,5.0,Feb/07/2012 04:23:09
749688,REP.VP.2012.SANTORUM,Rick Santorum to be Republican VP nominee in 2012,20,4.9,Feb/07/2012 04:23:09
749688,REP.VP.2012.SANTORUM,Rick Santorum to be Republican VP nominee in 2012,10,5.0,Feb/07/2012 04:23:09
749688,REP.VP.2012.SANTORUM,Rick Santorum to be Republican VP nominee in 2012,20,5.0,Feb/07/2012 04:23:09
749688,REP.VP.2012.SANTORUM,Rick Santorum to be Republican VP nominee in 2012,10,5.5,Feb/07/2012 05:36:33
749688,REP.VP.2012.SANTORUM,Rick Santorum to be Republican VP nominee in 2012,1,5.5,Feb/07/2012 06:32:01
749688,REP.VP.2012.SANTORUM,Rick Santorum to be Republican VP nominee in 2012,17,7.0,Feb/07/2012 14:34:26
749688,REP.VP.2012.SANTORUM,Rick Santorum to be Republican VP nominee in 2012,20,6.5,Feb/07/2012 14:34:26
749688,REP.VP.2012.SANTORUM,Rick Santorum to be Republican VP nominee in 2012,10,6.9,Feb/07/2012 14:34:26
749688,REP.VP.2012.SANTORUM,Rick Santorum to be Republican VP nominee in 2012,50,6.9,Feb/07/2012 14:34:26
749688,REP.VP.2012.SANTORUM,Rick Santorum to be Republican VP nominee in 2012,4,6.4,Feb/07/2012 14:34:26
749688,REP.VP.2012.SANTORUM,Rick Santorum to be Republican VP nominee in 2012,17,6.0,Feb/07/2012 14:34:26
749688,REP.VP.2012.SANTORUM,Rick Santorum to be Republican VP nominee in 2012,1,6.0,Feb/07/2012 14:34:26
749688,REP.VP.2012.SANTORUM,Rick Santorum to be Republican VP nominee in 2012,1,6.6,Feb/07/2012 14:34:26
749688,REP.VP.2012.SANTORUM,Rick Santorum to be Republican VP nominee in 2012,10,6.0,Feb/07/2012 14:34:26
749688,REP.VP.2012.SANTORUM,Rick Santorum to be Republican VP nominee in 2012,10,6.0,Feb/07/2012 14:34:26
749688,REP.VP.2012.SANTORUM,Rick Santorum to be Republican VP nominee in 2012,33,7.0,Feb/07/2012 14:34:32
749688,REP.VP.2012.SANTORUM,Rick Santorum to be Republican VP nominee in 2012,19,5.0,Feb/07/2012 15:45:44
749688,REP.VP.2012.SANTORUM,Rick Santorum to be Republican VP nominee in 2012,10,5.5,Feb/07/2012 19:21:37
749688,REP.VP.2012.SANTORUM,Rick Santorum to be Republican VP nominee in 2012,10,6.0,Feb/08/2012 02:06:40
749688,REP.VP.2012.SANTORUM,Rick Santorum to be Republican VP nominee in 2012,10,6.5,Feb/08/2012 02:06:40
749688,REP.VP.2012.SANTORUM,Rick Santorum to be Republican VP nominee in 2012,10,7.0,Feb/08/2012 02:06:40
749688,REP.VP.2012.SANTORUM,Rick Santorum to be Republican VP nominee in 2012,12,7.4,Feb/08/2012 02:10:21
749688,REP.VP.2012.SANTORUM,Rick Santorum to be Republican VP nominee in 2012,3,7.3,Feb/08/2012 02:10:21
749688,REP.VP.2012.SANTORUM,Rick Santorum to be Republican VP nominee in 2012,10,5.6,Feb/08/2012 04:41:11
749688,REP.VP.2012.SANTORUM,Rick Santorum to be Republican VP nominee in 2012,20,5.5,Feb/08/2012 04:41:21
749688,REP.VP.2012.SANTORUM,Rick Santorum to be Republican VP nominee in 2012,1,6.5,Feb/08/2012 04:45:18
749688,REP.VP.2012.SANTORUM,Rick Santorum to be Republican VP nominee in 2012,1,6.3,Feb/08/2012 05:12:22
749688,REP.VP.2012.SANTORUM,Rick Santorum to be Republican VP nominee in 2012,94,6.5,Feb/08/2012 06:10:11
749688,REP.VP.2012.SANTORUM,Rick Santorum to be Republican VP nominee in 2012,6,6.4,Feb/08/2012 06:10:11
749688,REP.VP.2012.SANTORUM,Rick Santorum to be Republican VP nominee in 2012,95,6.5,Feb/08/2012 06:25:12
749688,REP.VP.2012.SANTORUM,Rick Santorum to be Republican VP nominee in 2012,5,6.9,Feb/08/2012 08:37:20
749688,REP.VP.2012.SANTORUM,Rick Santorum to be Republican VP nominee in 2012,10,7.0,Feb/08/2012 08:37:43
749688,REP.VP.2012.SANTORUM,Rick Santorum to be Republican VP nominee in 2012,1,6.1,Feb/08/2012 19:47:40
749688,REP.VP.2012.SANTORUM,Rick Santorum to be Republican VP nominee in 2012,2,5.8,Feb/08/2012 19:48:05
749688,REP.VP.2012.SANTORUM,Rick Santorum to be Republican VP nominee in 2012,2,5.8,Feb/08/2012 19:48:05
749688,REP.VP.2012.SANTORUM,Rick Santorum to be Republican VP nominee in 2012,4,7.4,Feb/08/2012 20:24:29
749688,REP.VP.2012.SANTORUM,Rick Santorum to be Republican VP nominee in 2012,3,7.4,Feb/08/2012 20:24:29
749688,REP.VP.2012.SANTORUM,Rick Santorum to be Republican VP nominee in 2012,3,7.3,Feb/08/2012 20:24:29
749688,REP.VP.2012.SANTORUM,Rick Santorum to be Republican VP nominee in 2012,5,7.4,Feb/08/2012 20:26:26
749688,REP.VP.2012.SANTORUM,Rick Santorum to be Republican VP nominee in 2012,3,5.5,Feb/08/2012 21:42:52
749688,REP.VP.2012.SANTORUM,Rick Santorum to be Republican VP nominee in 2012,22,5.5,Feb/08/2012 21:42:52
749688,REP.VP.2012.SANTORUM,Rick Santorum to be Republican VP nominee in 2012,2,7.4,Feb/08/2012 22:36:48
749688,REP.VP.2012.SANTORUM,Rick Santorum to be Republican VP nominee in 2012,8,7.4,Feb/08/2012 22:36:48
749688,REP.VP.2012.SANTORUM,Rick Santorum to be Republican VP nominee in 2012,1,6.0,Feb/09/2012 06:02:40
749688,REP.VP.2012.SANTORUM,Rick Santorum to be Republican VP nominee in 2012,1,6.0,Feb/09/2012 06:02:40
749688,REP.VP.2012.SANTORUM,Rick Santorum to be Republican VP nominee in 2012,1,6.5,Feb/09/2012 15:04:08
749688,REP.VP.2012.SANTORUM,Rick Santorum to be Republican VP nominee in 2012,2,6.6,Feb/09/2012 15:04:35
749688,REP.VP.2012.SANTORUM,Rick Santorum to be Republican VP nominee in 2012,1,6.7,Feb/09/2012 18:10:46
749688,REP.VP.2012.SANTORUM,Rick Santorum to be Republican VP nominee in 2012,12,6.2,Feb/09/2012 23:43:02
749688,REP.VP.2012.SANTORUM,Rick Santorum to be Republican VP nominee in 2012,1,6.7,Feb/10/2012 02:07:09
749688,REP.VP.2012.SANTORUM,Rick Santorum to be Republican VP nominee in 2012,2,6.9,Feb/10/2012 02:08:01
749688,REP.VP.2012.SANTORUM,Rick Santorum to be Republican VP nominee in 2012,1,6.8,Feb/10/2012 02:08:01
749688,REP.VP.2012.SANTORUM,Rick Santorum to be Republican VP nominee in 2012,61,7.3,Feb/10/2012 02:08:53
749688,REP.VP.2012.SANTORUM,Rick Santorum to be Republican VP nominee in 2012,6,7.5,Feb/10/2012 21:19:23
749688,REP.VP.2012.SANTORUM,Rick Santorum to be Republican VP nominee in 2012,4,7.5,Feb/10/2012 23:42:03
749688,REP.VP.2012.SANTORUM,Rick Santorum to be Republican VP nominee in 2012,6,7.5,Feb/10/2012 23:42:03
749688,REP.VP.2012.SANTORUM,Rick Santorum to be Republican VP nominee in 2012,4,7.5,Feb/10/2012 23:42:25
749688,REP.VP.2012.SANTORUM,Rick Santorum to be Republican VP nominee in 2012,10,7.5,Feb/10/2012 23:42:25
749688,REP.VP.2012.SANTORUM,Rick Santorum to be Republican VP nominee in 2012,5,7.5,Feb/10/2012 23:42:25
749688,REP.VP.2012.SANTORUM,Rick Santorum to be Republican VP nominee in 2012,81,7.5,Feb/11/2012 00:58:05
749688,REP.VP.2012.SANTORUM,Rick Santorum to be Republican VP nominee in 2012,1,6.3,Feb/11/2012 02:40:23
749688,REP.VP.2012.SANTORUM,Rick Santorum to be Republican VP nominee in 2012,1,6.2,Feb/11/2012 02:41:06
749688,REP.VP.2012.SANTORUM,Rick Santorum to be Republican VP nominee in 2012,59,6.2,Feb/11/2012 02:41:06
749688,REP.VP.2012.SANTORUM,Rick Santorum to be Republican VP nominee in 2012,1,7.2,Feb/11/2012 15:44:58
749688,REP.VP.2012.SANTORUM,Rick Santorum to be Republican VP nominee in 2012,9,7.4,Feb/11/2012 15:44:58
749688,REP.VP.2012.SANTORUM,Rick Santorum to be Republican VP nominee in 2012,2,6.3,Feb/11/2012 19:54:15
749688,REP.VP.2012.SANTORUM,Rick Santorum to be Republican VP nominee in 2012,100,6.3,Feb/11/2012 19:54:15
749688,REP.VP.2012.SANTORUM,Rick Santorum to be Republican VP nominee in 2012,15,6.2,Feb/11/2012 23:34:02
749688,REP.VP.2012.SANTORUM,Rick Santorum to be Republican VP nominee in 2012,100,7.2,Feb/11/2012 23:35:37
749688,REP.VP.2012.SANTORUM,Rick Santorum to be Republican VP nominee in 2012,45,6.8,Feb/13/2012 00:22:10
749688,REP.VP.2012.SANTORUM,Rick Santorum to be Republican VP nominee in 2012,3,6.1,Feb/13/2012 05:49:24
749688,REP.VP.2012.SANTORUM,Rick Santorum to be Republican VP nominee in 2012,3,6.1,Feb/13/2012 16:02:59
749688,REP.VP.2012.SANTORUM,Rick Santorum to be Republican VP nominee in 2012,7,6.1,Feb/13/2012 16:56:51
749688,REP.VP.2012.SANTORUM,Rick Santorum to be Republican VP nominee in 2012,20,6.0,Feb/13/2012 16:57:25
749688,REP.VP.2012.SANTORUM,Rick Santorum to be Republican VP nominee in 2012,18,5.5,Feb/13/2012 16:58:32
749688,REP.VP.2012.SANTORUM,Rick Santorum to be Republican VP nominee in 2012,4,6.4,Feb/14/2012 07:03:47
749688,REP.VP.2012.SANTORUM,Rick Santorum to be Republican VP nominee in 2012,10,6.0,Feb/14/2012 17:51:56
749688,REP.VP.2012.SANTORUM,Rick Santorum to be Republican VP nominee in 2012,5,6.4,Feb/14/2012 17:52:10
749688,REP.VP.2012.SANTORUM,Rick Santorum to be Republican VP nominee in 2012,5,6.8,Feb/14/2012 17:52:31
749688,REP.VP.2012.SANTORUM,Rick Santorum to be Republican VP nominee in 2012,10,7.0,Feb/14/2012 19:18:51
749688,REP.VP.2012.SANTORUM,Rick Santorum to be Republican VP nominee in 2012,18,7.4,Feb/14/2012 20:07:40
749688,REP.VP.2012.SANTORUM,Rick Santorum to be Republican VP nominee in 2012,1,5.9,Feb/15/2012 02:02:28
749688,REP.VP.2012.SANTORUM,Rick Santorum to be Republican VP nominee in 2012,10,7.0,Feb/15/2012 15:37:11
749688,REP.VP.2012.SANTORUM,Rick Santorum to be Republican VP nominee in 2012,2,6.0,Feb/15/2012 19:06:21
749688,REP.VP.2012.SANTORUM,Rick Santorum to be Republican VP nominee in 2012,12,7.2,Feb/16/2012 01:20:04
749688,REP.VP.2012.SANTORUM,Rick Santorum to be Republican VP nominee in 2012,3,6.1,Feb/16/2012 05:03:54
749688,REP.VP.2012.SANTORUM,Rick Santorum to be Republican VP nominee in 2012,3,7.6,Feb/16/2012 05:08:29
749688,REP.VP.2012.SANTORUM,Rick Santorum to be Republican VP nominee in 2012,2,7.5,Feb/16/2012 05:08:29
749688,REP.VP.2012.SANTORUM,Rick Santorum to be Republican VP nominee in 2012,8,7.5,Feb/16/2012 05:08:29
749688,REP.VP.2012.SANTORUM,Rick Santorum to be Republican VP nominee in 2012,6,7.3,Feb/16/2012 05:08:29
749688,REP.VP.2012.SANTORUM,Rick Santorum to be Republican VP nominee in 2012,11,7.3,Feb/16/2012 05:08:29
749688,REP.VP.2012.SANTORUM,Rick Santorum to be Republican VP nominee in 2012,20,7.0,Feb/17/2012 15:44:10
749688,REP.VP.2012.SANTORUM,Rick Santorum to be Republican VP nominee in 2012,20,7.5,Feb/17/2012 15:44:10
749688,REP.VP.2012.SANTORUM,Rick Santorum to be Republican VP nominee in 2012,100,7.4,Feb/17/2012 15:44:10
749688,REP.VP.2012.SANTORUM,Rick Santorum to be Republican VP nominee in 2012,95,7.5,Feb/17/2012 15:44:10
749688,REP.VP.2012.SANTORUM,Rick Santorum to be Republican VP nominee in 2012,25,7.3,Feb/17/2012 15:44:10
749688,REP.VP.2012.SANTORUM,Rick Santorum to be Republican VP nominee in 2012,5,7.5,Feb/19/2012 01:56:27
749688,REP.VP.2012.SANTORUM,Rick Santorum to be Republican VP nominee in 2012,10,6.4,Feb/19/2012 08:45:13
749688,REP.VP.2012.SANTORUM,Rick Santorum to be Republican VP nominee in 2012,4,7.3,Feb/19/2012 16:15:18
749688,REP.VP.2012.SANTORUM,Rick Santorum to be Republican VP nominee in 2012,15,6.7,Feb/20/2012 04:23:10
749688,REP.VP.2012.SANTORUM,Rick Santorum to be Republican VP nominee in 2012,5,7.3,Feb/21/2012 03:45:38
749688,REP.VP.2012.SANTORUM,Rick Santorum to be Republican VP nominee in 2012,21,7.3,Feb/22/2012 02:42:21
749688,REP.VP.2012.SANTORUM,Rick Santorum to be Republican VP nominee in 2012,50,7.0,Feb/22/2012 04:03:54
749688,REP.VP.2012.SANTORUM,Rick Santorum to be Republican VP nominee in 2012,5,6.7,Feb/23/2012 02:02:19
749688,REP.VP.2012.SANTORUM,Rick Santorum to be Republican VP nominee in 2012,30,6.7,Feb/23/2012 03:05:43
749688,REP.VP.2012.SANTORUM,Rick Santorum to be Republican VP nominee in 2012,100,7.0,Feb/23/2012 03:05:52
749688,REP.VP.2012.SANTORUM,Rick Santorum to be Republican VP nominee in 2012,55,6.5,Feb/23/2012 08:43:29
749688,REP.VP.2012.SANTORUM,Rick Santorum to be Republican VP nominee in 2012,4,7.4,Feb/23/2012 10:02:58
749688,REP.VP.2012.SANTORUM,Rick Santorum to be Republican VP nominee in 2012,3,6.5,Feb/23/2012 16:55:49
749688,REP.VP.2012.SANTORUM,Rick Santorum to be Republican VP nominee in 2012,3,6.3,Feb/23/2012 16:56:12
749688,REP.VP.2012.SANTORUM,Rick Santorum to be Republican VP nominee in 2012,30,6.1,Feb/23/2012 16:56:31
749688,REP.VP.2012.SANTORUM,Rick Santorum to be Republican VP nominee in 2012,100,6.1,Feb/23/2012 17:11:46
749688,REP.VP.2012.SANTORUM,Rick Santorum to be Republican VP nominee in 2012,8,6.0,Feb/23/2012 18:59:57
749688,REP.VP.2012.SANTORUM,Rick Santorum to be Republican VP nominee in 2012,17,6.1,Feb/23/2012 18:59:57
749688,REP.VP.2012.SANTORUM,Rick Santorum to be Republican VP nominee in 2012,100,5.0,Feb/25/2012 05:18:30
749688,REP.VP.2012.SANTORUM,Rick Santorum to be Republican VP nominee in 2012,1,5.1,Feb/25/2012 05:18:30
749688,REP.VP.2012.SANTORUM,Rick Santorum to be Republican VP nominee in 2012,1,5.2,Feb/25/2012 05:18:30
749688,REP.VP.2012.SANTORUM,Rick Santorum to be Republican VP nominee in 2012,1,5.3,Feb/25/2012 05:18:30
749688,REP.VP.2012.SANTORUM,Rick Santorum to be Republican VP nominee in 2012,22,5.5,Feb/25/2012 05:18:30
749688,REP.VP.2012.SANTORUM,Rick Santorum to be Republican VP nominee in 2012,5,5.5,Feb/25/2012 21:51:19
749688,REP.VP.2012.SANTORUM,Rick Santorum to be Republican VP nominee in 2012,9,5.0,Feb/26/2012 02:53:27
749688,REP.VP.2012.SANTORUM,Rick Santorum to be Republican VP nominee in 2012,1,5.0,Feb/26/2012 20:45:18
749688,REP.VP.2012.SANTORUM,Rick Santorum to be Republican VP nominee in 2012,2,5.5,Feb/27/2012 11:08:47
749688,REP.VP.2012.SANTORUM,Rick Santorum to be Republican VP nominee in 2012,13,5.5,Feb/28/2012 05:37:48
749688,REP.VP.2012.SANTORUM,Rick Santorum to be Republican VP nominee in 2012,15,5.5,Feb/28/2012 05:37:48
749688,REP.VP.2012.SANTORUM,Rick Santorum to be Republican VP nominee in 2012,3,6.0,Feb/28/2012 08:00:13
749688,REP.VP.2012.SANTORUM,Rick Santorum to be Republican VP nominee in 2012,30,6.0,Feb/28/2012 08:00:13
749688,REP.VP.2012.SANTORUM,Rick Santorum to be Republican VP nominee in 2012,5,6.2,Feb/28/2012 08:24:59
749688,REP.VP.2012.SANTORUM,Rick Santorum to be Republican VP nominee in 2012,3,6.2,Feb/28/2012 08:24:59
749688,REP.VP.2012.SANTORUM,Rick Santorum to be Republican VP nominee in 2012,1,6.2,Feb/28/2012 19:00:37
749688,REP.VP.2012.SANTORUM,Rick Santorum to be Republican VP nominee in 2012,8,6.2,Feb/28/2012 20:00:05
749688,REP.VP.2012.SANTORUM,Rick Santorum to be Republican VP nominee in 2012,10,5.6,Feb/29/2012 00:40:19
749688,REP.VP.2012.SANTORUM,Rick Santorum to be Republican VP nominee in 2012,10,5.7,Feb/29/2012 00:40:19
749688,REP.VP.2012.SANTORUM,Rick Santorum to be Republican VP nominee in 2012,5,5.5,Feb/29/2012 00:40:19
749688,REP.VP.2012.SANTORUM,Rick Santorum to be Republican VP nominee in 2012,5,5.5,Feb/29/2012 00:45:44
749688,REP.VP.2012.SANTORUM,Rick Santorum to be Republican VP nominee in 2012,1,5.5,Feb/29/2012 00:45:46
749688,REP.VP.2012.SANTORUM,Rick Santorum to be Republican VP nominee in 2012,1,5.5,Feb/29/2012 00:46:47
749688,REP.VP.2012.SANTORUM,Rick Santorum to be Republican VP nominee in 2012,11,5.5,Feb/29/2012 00:46:48
749688,REP.VP.2012.SANTORUM,Rick Santorum to be Republican VP nominee in 2012,5,5.5,Feb/29/2012 00:47:48
749688,REP.VP.2012.SANTORUM,Rick Santorum to be Republican VP nominee in 2012,2,5.5,Feb/29/2012 00:48:49
749688,REP.VP.2012.SANTORUM,Rick Santorum to be Republican VP nominee in 2012,9,5.3,Feb/29/2012 02:40:14
749688,REP.VP.2012.SANTORUM,Rick Santorum to be Republican VP nominee in 2012,1,5.4,Feb/29/2012 02:40:14
749688,REP.VP.2012.SANTORUM,Rick Santorum to be Republican VP nominee in 2012,4,5.2,Feb/29/2012 02:48:30
749688,REP.VP.2012.SANTORUM,Rick Santorum to be Republican VP nominee in 2012,5,5.2,Feb/29/2012 02:48:30
749688,REP.VP.2012.SANTORUM,Rick Santorum to be Republican VP nominee in 2012,1,5.3,Feb/29/2012 02:48:30
749688,REP.VP.2012.SANTORUM,Rick Santorum to be Republican VP nominee in 2012,5,5.9,Feb/29/2012 03:14:49
749688,REP.VP.2012.SANTORUM,Rick Santorum to be Republican VP nominee in 2012,14,6.0,Feb/29/2012 03:15:18
749688,REP.VP.2012.SANTORUM,Rick Santorum to be Republican VP nominee in 2012,10,6.0,Feb/29/2012 03:19:03
749688,REP.VP.2012.SANTORUM,Rick Santorum to be Republican VP nominee in 2012,1,6.0,Feb/29/2012 03:44:45
749688,REP.VP.2012.SANTORUM,Rick Santorum to be Republican VP nominee in 2012,22,6.0,Feb/29/2012 03:44:45
749688,REP.VP.2012.SANTORUM,Rick Santorum to be Republican VP nominee in 2012,3,6.0,Feb/29/2012 09:42:04
749688,REP.VP.2012.SANTORUM,Rick Santorum to be Republican VP nominee in 2012,15,6.2,Feb/29/2012 15:22:28
749688,REP.VP.2012.SANTORUM,Rick Santorum to be Republican VP nominee in 2012,1,6.0,Mar/01/2012 00:46:09
749688,REP.VP.2012.SANTORUM,Rick Santorum to be Republican VP nominee in 2012,4,6.0,Mar/01/2012 00:47:59
749688,REP.VP.2012.SANTORUM,Rick Santorum to be Republican VP nominee in 2012,35,5.0,Mar/01/2012 16:08:07
749688,REP.VP.2012.SANTORUM,Rick Santorum to be Republican VP nominee in 2012,12,5.1,Mar/01/2012 16:08:07
749688,REP.VP.2012.SANTORUM,Rick Santorum to be Republican VP nominee in 2012,7,5.1,Mar/01/2012 16:08:07
749688,REP.VP.2012.SANTORUM,Rick Santorum to be Republican VP nominee in 2012,4,5.2,Mar/01/2012 16:08:07
749688,REP.VP.2012.SANTORUM,Rick Santorum to be Republican VP nominee in 2012,4,5.2,Mar/01/2012 16:08:07
749688,REP.VP.2012.SANTORUM,Rick Santorum to be Republican VP nominee in 2012,1,5.3,Mar/02/2012 04:06:05
749688,REP.VP.2012.SANTORUM,Rick Santorum to be Republican VP nominee in 2012,9,5.1,Mar/02/2012 04:18:08
749688,REP.VP.2012.SANTORUM,Rick Santorum to be Republican VP nominee in 2012,10,5.3,Mar/02/2012 04:18:18
749688,REP.VP.2012.SANTORUM,Rick Santorum to be Republican VP nominee in 2012,5,5.0,Mar/02/2012 05:45:08
749688,REP.VP.2012.SANTORUM,Rick Santorum to be Republican VP nominee in 2012,50,5.0,Mar/02/2012 09:13:07
749688,REP.VP.2012.SANTORUM,Rick Santorum to be Republican VP nominee in 2012,10,5.5,Mar/02/2012 15:02:00
749688,REP.VP.2012.SANTORUM,Rick Santorum to be Republican VP nominee in 2012,2,5.5,Mar/02/2012 21:26:43
749688,REP.VP.2012.SANTORUM,Rick Santorum to be Republican VP nominee in 2012,18,5.5,Mar/03/2012 00:01:29
749688,REP.VP.2012.SANTORUM,Rick Santorum to be Republican VP nominee in 2012,5,5.0,Mar/03/2012 23:57:26
749688,REP.VP.2012.SANTORUM,Rick Santorum to be Republican VP nominee in 2012,15,5.0,Mar/03/2012 23:57:26
749688,REP.VP.2012.SANTORUM,Rick Santorum to be Republican VP nominee in 2012,1,5.2,Mar/03/2012 23:57:26
749688,REP.VP.2012.SANTORUM,Rick Santorum to be Republican VP nominee in 2012,6,5.0,Mar/04/2012 05:44:47
749688,REP.VP.2012.SANTORUM,Rick Santorum to be Republican VP nominee in 2012,5,5.4,Mar/05/2012 00:28:03
749688,REP.VP.2012.SANTORUM,Rick Santorum to be Republican VP nominee in 2012,44,5.9,Mar/05/2012 00:28:19
749688,REP.VP.2012.SANTORUM,Rick Santorum to be Republican VP nominee in 2012,1,5.8,Mar/05/2012 00:28:19
749688,REP.VP.2012.SANTORUM,Rick Santorum to be Republican VP nominee in 2012,13,5.7,Mar/05/2012 00:28:19
749688,REP.VP.2012.SANTORUM,Rick Santorum to be Republican VP nominee in 2012,2,5.5,Mar/05/2012 00:28:19
749688,REP.VP.2012.SANTORUM,Rick Santorum to be Republican VP nominee in 2012,5,5.5,Mar/05/2012 00:28:19
749688,REP.VP.2012.SANTORUM,Rick Santorum to be Republican VP nominee in 2012,5,5.5,Mar/05/2012 00:28:19
749688,REP.VP.2012.SANTORUM,Rick Santorum to be Republican VP nominee in 2012,20,5.8,Mar/05/2012 00:28:19
749688,REP.VP.2012.SANTORUM,Rick Santorum to be Republican VP nominee in 2012,6,5.9,Mar/05/2012 20:37:47
749688,REP.VP.2012.SANTORUM,Rick Santorum to be Republican VP nominee in 2012,1,5.9,Mar/05/2012 20:37:47
749688,REP.VP.2012.SANTORUM,Rick Santorum to be Republican VP nominee in 2012,1,6.0,Mar/05/2012 20:46:28
749688,REP.VP.2012.SANTORUM,Rick Santorum to be Republican VP nominee in 2012,51,5.0,Mar/06/2012 21:16:22
749688,REP.VP.2012.SANTORUM,Rick Santorum to be Republican VP nominee in 2012,20,5.5,Mar/06/2012 21:16:22
749688,REP.VP.2012.SANTORUM,Rick Santorum to be Republican VP nominee in 2012,1,5.6,Mar/06/2012 21:16:22
749688,REP.VP.2012.SANTORUM,Rick Santorum to be Republican VP nominee in 2012,33,4.5,Mar/06/2012 21:18:40
749688,REP.VP.2012.SANTORUM,Rick Santorum to be Republican VP nominee in 2012,5,5.8,Mar/06/2012 21:51:53
749688,REP.VP.2012.SANTORUM,Rick Santorum to be Republican VP nominee in 2012,5,6.0,Mar/06/2012 21:52:42
749688,REP.VP.2012.SANTORUM,Rick Santorum to be Republican VP nominee in 2012,1,5.9,Mar/07/2012 03:17:31
749688,REP.VP.2012.SANTORUM,Rick Santorum to be Republican VP nominee in 2012,9,5.1,Mar/07/2012 03:51:03
749688,REP.VP.2012.SANTORUM,Rick Santorum to be Republican VP nominee in 2012,50,5.0,Mar/07/2012 03:51:38
749688,REP.VP.2012.SANTORUM,Rick Santorum to be Republican VP nominee in 2012,27,4.5,Mar/07/2012 03:51:56
749688,REP.VP.2012.SANTORUM,Rick Santorum to be Republican VP nominee in 2012,6,5.9,Mar/07/2012 04:03:45
749688,REP.VP.2012.SANTORUM,Rick Santorum to be Republican VP nominee in 2012,1,5.5,Mar/07/2012 08:59:16
749688,REP.VP.2012.SANTORUM,Rick Santorum to be Republican VP nominee in 2012,30,6.0,Mar/07/2012 15:56:13
749688,REP.VP.2012.SANTORUM,Rick Santorum to be Republican VP nominee in 2012,5,6.4,Mar/07/2012 15:56:41
749688,REP.VP.2012.SANTORUM,Rick Santorum to be Republican VP nominee in 2012,7,6.4,Mar/07/2012 15:56:41
749688,REP.VP.2012.SANTORUM,Rick Santorum to be Republican VP nominee in 2012,5,6.5,Mar/07/2012 15:57:06
749688,REP.VP.2012.SANTORUM,Rick Santorum to be Republican VP nominee in 2012,25,6.5,Mar/07/2012 15:57:06
749688,REP.VP.2012.SANTORUM,Rick Santorum to be Republican VP nominee in 2012,11,6.6,Mar/07/2012 15:57:34
749688,REP.VP.2012.SANTORUM,Rick Santorum to be Republican VP nominee in 2012,3,6.7,Mar/07/2012 15:58:01
749688,REP.VP.2012.SANTORUM,Rick Santorum to be Republican VP nominee in 2012,20,6.5,Mar/07/2012 16:15:19
749688,REP.VP.2012.SANTORUM,Rick Santorum to be Republican VP nominee in 2012,1,6.0,Mar/07/2012 22:26:08
749688,REP.VP.2012.SANTORUM,Rick Santorum to be Republican VP nominee in 2012,1,6.1,Mar/07/2012 22:26:08
749688,REP.VP.2012.SANTORUM,Rick Santorum to be Republican VP nominee in 2012,1,6.2,Mar/07/2012 22:26:08
749688,REP.VP.2012.SANTORUM,Rick Santorum to be Republican VP nominee in 2012,1,6.3,Mar/07/2012 22:26:08
749688,REP.VP.2012.SANTORUM,Rick Santorum to be Republican VP nominee in 2012,1,6.4,Mar/07/2012 22:26:08
749688,REP.VP.2012.SANTORUM,Rick Santorum to be Republican VP nominee in 2012,18,5.5,Mar/07/2012 22:27:42
749688,REP.VP.2012.SANTORUM,Rick Santorum to be Republican VP nominee in 2012,24,5.6,Mar/07/2012 22:27:42
749688,REP.VP.2012.SANTORUM,Rick Santorum to be Republican VP nominee in 2012,1,5.7,Mar/07/2012 22:27:42
749688,REP.VP.2012.SANTORUM,Rick Santorum to be Republican VP nominee in 2012,1,5.8,Mar/07/2012 22:27:42
749688,REP.VP.2012.SANTORUM,Rick Santorum to be Republican VP nominee in 2012,1,5.9,Mar/07/2012 22:27:42
749688,REP.VP.2012.SANTORUM,Rick Santorum to be Republican VP nominee in 2012,31,5.5,Mar/07/2012 23:30:43
749688,REP.VP.2012.SANTORUM,Rick Santorum to be Republican VP nominee in 2012,11,5.5,Mar/07/2012 23:30:43
749688,REP.VP.2012.SANTORUM,Rick Santorum to be Republican VP nominee in 2012,25,5.5,Mar/07/2012 23:45:14
749688,REP.VP.2012.SANTORUM,Rick Santorum to be Republican VP nominee in 2012,10,6.0,Mar/07/2012 23:47:13
749688,REP.VP.2012.SANTORUM,Rick Santorum to be Republican VP nominee in 2012,15,6.0,Mar/08/2012 01:05:23
749688,REP.VP.2012.SANTORUM,Rick Santorum to be Republican VP nominee in 2012,8,6.0,Mar/08/2012 01:05:23
749688,REP.VP.2012.SANTORUM,Rick Santorum to be Republican VP nominee in 2012,22,6.0,Mar/08/2012 01:05:23
749688,REP.VP.2012.SANTORUM,Rick Santorum to be Republican VP nominee in 2012,6,5.5,Mar/08/2012 02:33:27
749688,REP.VP.2012.SANTORUM,Rick Santorum to be Republican VP nominee in 2012,4,5.5,Mar/08/2012 02:33:49
749688,REP.VP.2012.SANTORUM,Rick Santorum to be Republican VP nominee in 2012,3,6.0,Mar/08/2012 03:25:10
749688,REP.VP.2012.SANTORUM,Rick Santorum to be Republican VP nominee in 2012,17,6.0,Mar/08/2012 03:25:10
749688,REP.VP.2012.SANTORUM,Rick Santorum to be Republican VP nominee in 2012,25,5.5,Mar/08/2012 03:28:59
749688,REP.VP.2012.SANTORUM,Rick Santorum to be Republican VP nominee in 2012,10,5.6,Mar/08/2012 03:28:59
749688,REP.VP.2012.SANTORUM,Rick Santorum to be Republican VP nominee in 2012,10,5.6,Mar/08/2012 03:28:59
749688,REP.VP.2012.SANTORUM,Rick Santorum to be Republican VP nominee in 2012,8,6.0,Mar/08/2012 03:52:53
749688,REP.VP.2012.SANTORUM,Rick Santorum to be Republican VP nominee in 2012,52,6.0,Mar/08/2012 03:52:53
749688,REP.VP.2012.SANTORUM,Rick Santorum to be Republican VP nominee in 2012,3,6.0,Mar/08/2012 18:00:33
749688,REP.VP.2012.SANTORUM,Rick Santorum to be Republican VP nominee in 2012,1,6.2,Mar/08/2012 18:03:50
749688,REP.VP.2012.SANTORUM,Rick Santorum to be Republican VP nominee in 2012,2,6.3,Mar/08/2012 21:47:48
749688,REP.VP.2012.SANTORUM,Rick Santorum to be Republican VP nominee in 2012,20,6.0,Mar/09/2012 22:27:39
749688,REP.VP.2012.SANTORUM,Rick Santorum to be Republican VP nominee in 2012,5,6.0,Mar/10/2012 13:12:07
749688,REP.VP.2012.SANTORUM,Rick Santorum to be Republican VP nominee in 2012,1,6.3,Mar/12/2012 00:06:25
749688,REP.VP.2012.SANTORUM,Rick Santorum to be Republican VP nominee in 2012,1,6.4,Mar/12/2012 00:06:45
749688,REP.VP.2012.SANTORUM,Rick Santorum to be Republican VP nominee in 2012,1,6.5,Mar/12/2012 00:07:54
749688,REP.VP.2012.SANTORUM,Rick Santorum to be Republican VP nominee in 2012,9,6.5,Mar/12/2012 00:07:54
749688,REP.VP.2012.SANTORUM,Rick Santorum to be Republican VP nominee in 2012,1,6.3,Mar/12/2012 00:11:23
749688,REP.VP.2012.SANTORUM,Rick Santorum to be Republican VP nominee in 2012,1,6.4,Mar/12/2012 00:11:23
749688,REP.VP.2012.SANTORUM,Rick Santorum to be Republican VP nominee in 2012,3,6.0,Mar/12/2012 18:28:40
749688,REP.VP.2012.SANTORUM,Rick Santorum to be Republican VP nominee in 2012,1,5.7,Mar/13/2012 03:26:49
749688,REP.VP.2012.SANTORUM,Rick Santorum to be Republican VP nominee in 2012,25,5.5,Mar/13/2012 19:30:05
749688,REP.VP.2012.SANTORUM,Rick Santorum to be Republican VP nominee in 2012,25,5.5,Mar/13/2012 23:14:28
749688,REP.VP.2012.SANTORUM,Rick Santorum to be Republican VP nominee in 2012,10,5.5,Mar/13/2012 23:14:41
749688,REP.VP.2012.SANTORUM,Rick Santorum to be Republican VP nominee in 2012,10,5.5,Mar/13/2012 23:15:55
749688,REP.VP.2012.SANTORUM,Rick Santorum to be Republican VP nominee in 2012,10,6.0,Mar/14/2012 00:51:40
749688,REP.VP.2012.SANTORUM,Rick Santorum to be Republican VP nominee in 2012,2,6.0,Mar/14/2012 00:51:40
749688,REP.VP.2012.SANTORUM,Rick Santorum to be Republican VP nominee in 2012,2,5.9,Mar/14/2012 00:51:40
749688,REP.VP.2012.SANTORUM,Rick Santorum to be Republican VP nominee in 2012,5,5.5,Mar/14/2012 00:51:40
749688,REP.VP.2012.SANTORUM,Rick Santorum to be Republican VP nominee in 2012,10,6.0,Mar/14/2012 00:51:40
749688,REP.VP.2012.SANTORUM,Rick Santorum to be Republican VP nominee in 2012,1,6.1,Mar/14/2012 01:48:17
749688,REP.VP.2012.SANTORUM,Rick Santorum to be Republican VP nominee in 2012,1,6.1,Mar/14/2012 02:23:51
749688,REP.VP.2012.SANTORUM,Rick Santorum to be Republican VP nominee in 2012,2,6.2,Mar/14/2012 02:24:41
749688,REP.VP.2012.SANTORUM,Rick Santorum to be Republican VP nominee in 2012,1,6.1,Mar/14/2012 15:19:31
749688,REP.VP.2012.SANTORUM,Rick Santorum to be Republican VP nominee in 2012,9,6.1,Mar/14/2012 17:12:43
749688,REP.VP.2012.SANTORUM,Rick Santorum to be Republican VP nominee in 2012,1,6.9,Mar/14/2012 19:18:33
749688,REP.VP.2012.SANTORUM,Rick Santorum to be Republican VP nominee in 2012,16,6.5,Mar/14/2012 19:18:33
749688,REP.VP.2012.SANTORUM,Rick Santorum to be Republican VP nominee in 2012,2,6.4,Mar/14/2012 19:18:33
749688,REP.VP.2012.SANTORUM,Rick Santorum to be Republican VP nominee in 2012,5,6.3,Mar/14/2012 19:18:33
749688,REP.VP.2012.SANTORUM,Rick Santorum to be Republican VP nominee in 2012,50,6.9,Mar/14/2012 19:18:33
749688,REP.VP.2012.SANTORUM,Rick Santorum to be Republican VP nominee in 2012,1,6.2,Mar/14/2012 19:18:33
749688,REP.VP.2012.SANTORUM,Rick Santorum to be Republican VP nominee in 2012,25,6.8,Mar/14/2012 19:18:33
749688,REP.VP.2012.SANTORUM,Rick Santorum to be Republican VP nominee in 2012,5,6.9,Mar/14/2012 19:18:40
749688,REP.VP.2012.SANTORUM,Rick Santorum to be Republican VP nominee in 2012,20,6.5,Mar/14/2012 21:52:13
749688,REP.VP.2012.SANTORUM,Rick Santorum to be Republican VP nominee in 2012,1,6.7,Mar/14/2012 22:13:13
749688,REP.VP.2012.SANTORUM,Rick Santorum to be Republican VP nominee in 2012,2,6.9,Mar/14/2012 22:13:16
749688,REP.VP.2012.SANTORUM,Rick Santorum to be Republican VP nominee in 2012,10,7.0,Mar/14/2012 22:13:21
749688,REP.VP.2012.SANTORUM,Rick Santorum to be Republican VP nominee in 2012,20,7.0,Mar/14/2012 22:13:21
749688,REP.VP.2012.SANTORUM,Rick Santorum to be Republican VP nominee in 2012,20,7.1,Mar/15/2012 04:36:02
749688,REP.VP.2012.SANTORUM,Rick Santorum to be Republican VP nominee in 2012,20,8.0,Mar/15/2012 04:40:41
749688,REP.VP.2012.SANTORUM,Rick Santorum to be Republican VP nominee in 2012,50,9.0,Mar/15/2012 04:40:41
749688,REP.VP.2012.SANTORUM,Rick Santorum to be Republican VP nominee in 2012,10,8.0,Mar/15/2012 04:40:41
749688,REP.VP.2012.SANTORUM,Rick Santorum to be Republican VP nominee in 2012,50,7.9,Mar/15/2012 04:40:41
749688,REP.VP.2012.SANTORUM,Rick Santorum to be Republican VP nominee in 2012,50,8.9,Mar/15/2012 04:40:41
749688,REP.VP.2012.SANTORUM,Rick Santorum to be Republican VP nominee in 2012,10,9.5,Mar/15/2012 04:40:41
749688,REP.VP.2012.SANTORUM,Rick Santorum to be Republican VP nominee in 2012,2,8.4,Mar/15/2012 04:40:41
749688,REP.VP.2012.SANTORUM,Rick Santorum to be Republican VP nominee in 2012,5,7.8,Mar/15/2012 04:40:41
749688,REP.VP.2012.SANTORUM,Rick Santorum to be Republican VP nominee in 2012,10,10.0,Mar/15/2012 04:40:41
749688,REP.VP.2012.SANTORUM,Rick Santorum to be Republican VP nominee in 2012,10,8.5,Mar/15/2012 04:40:41
749688,REP.VP.2012.SANTORUM,Rick Santorum to be Republican VP nominee in 2012,20,8.0,Mar/15/2012 04:40:41
749688,REP.VP.2012.SANTORUM,Rick Santorum to be Republican VP nominee in 2012,10,10.0,Mar/15/2012 04:40:41
749688,REP.VP.2012.SANTORUM,Rick Santorum to be Republican VP nominee in 2012,15,7.3,Mar/15/2012 04:40:41
749688,REP.VP.2012.SANTORUM,Rick Santorum to be Republican VP nominee in 2012,4,7.2,Mar/15/2012 04:40:41
749688,REP.VP.2012.SANTORUM,Rick Santorum to be Republican VP nominee in 2012,1,7.7,Mar/15/2012 04:40:41
749688,REP.VP.2012.SANTORUM,Rick Santorum to be Republican VP nominee in 2012,10,7.5,Mar/15/2012 04:40:41
749688,REP.VP.2012.SANTORUM,Rick Santorum to be Republican VP nominee in 2012,10,8.0,Mar/15/2012 04:40:41
749688,REP.VP.2012.SANTORUM,Rick Santorum to be Republican VP nominee in 2012,50,9.9,Mar/15/2012 04:40:41
749688,REP.VP.2012.SANTORUM,Rick Santorum to be Republican VP nominee in 2012,1,6.3,Mar/15/2012 04:41:07
749688,REP.VP.2012.SANTORUM,Rick Santorum to be Republican VP nominee in 2012,15,8.6,Mar/15/2012 04:50:43
749688,REP.VP.2012.SANTORUM,Rick Santorum to be Republican VP nominee in 2012,1,7.0,Mar/15/2012 04:53:15
749688,REP.VP.2012.SANTORUM,Rick Santorum to be Republican VP nominee in 2012,5,9.5,Mar/15/2012 05:11:49
749688,REP.VP.2012.SANTORUM,Rick Santorum to be Republican VP nominee in 2012,1,7.0,Mar/15/2012 05:17:02
749688,REP.VP.2012.SANTORUM,Rick Santorum to be Republican VP nominee in 2012,5,8.8,Mar/15/2012 05:17:02
749688,REP.VP.2012.SANTORUM,Rick Santorum to be Republican VP nominee in 2012,3,7.0,Mar/15/2012 05:19:03
749688,REP.VP.2012.SANTORUM,Rick Santorum to be Republican VP nominee in 2012,5,7.0,Mar/15/2012 05:19:57
749688,REP.VP.2012.SANTORUM,Rick Santorum to be Republican VP nominee in 2012,1,7.2,Mar/15/2012 14:42:35
749688,REP.VP.2012.SANTORUM,Rick Santorum to be Republican VP nominee in 2012,10,8.0,Mar/15/2012 15:32:33
749688,REP.VP.2012.SANTORUM,Rick Santorum to be Republican VP nominee in 2012,10,8.5,Mar/15/2012 18:33:16
749688,REP.VP.2012.SANTORUM,Rick Santorum to be Republican VP nominee in 2012,3,8.4,Mar/15/2012 18:33:16
749688,REP.VP.2012.SANTORUM,Rick Santorum to be Republican VP nominee in 2012,306,8.9,Mar/15/2012 18:33:16
749688,REP.VP.2012.SANTORUM,Rick Santorum to be Republican VP nominee in 2012,10,8.0,Mar/15/2012 18:33:16
749688,REP.VP.2012.SANTORUM,Rick Santorum to be Republican VP nominee in 2012,10,8.5,Mar/15/2012 18:33:16
749688,REP.VP.2012.SANTORUM,Rick Santorum to be Republican VP nominee in 2012,20,7.0,Mar/15/2012 19:28:23
749688,REP.VP.2012.SANTORUM,Rick Santorum to be Republican VP nominee in 2012,19,7.2,Mar/15/2012 19:28:23
749688,REP.VP.2012.SANTORUM,Rick Santorum to be Republican VP nominee in 2012,15,7.3,Mar/15/2012 19:28:23
749688,REP.VP.2012.SANTORUM,Rick Santorum to be Republican VP nominee in 2012,25,7.2,Mar/15/2012 19:28:23
749688,REP.VP.2012.SANTORUM,Rick Santorum to be Republican VP nominee in 2012,71,7.6,Mar/15/2012 19:28:23
749688,REP.VP.2012.SANTORUM,Rick Santorum to be Republican VP nominee in 2012,50,7.4,Mar/15/2012 19:28:23
749688,REP.VP.2012.SANTORUM,Rick Santorum to be Republican VP nominee in 2012,40,7.5,Mar/15/2012 19:28:23
749688,REP.VP.2012.SANTORUM,Rick Santorum to be Republican VP nominee in 2012,300,7.9,Mar/15/2012 19:57:17
749688,REP.VP.2012.SANTORUM,Rick Santorum to be Republican VP nominee in 2012,33,8.7,Mar/16/2012 01:42:23
749688,REP.VP.2012.SANTORUM,Rick Santorum to be Republican VP nominee in 2012,4,8.8,Mar/16/2012 13:30:27
749688,REP.VP.2012.SANTORUM,Rick Santorum to be Republican VP nominee in 2012,1,8.5,Mar/16/2012 13:30:27
749688,REP.VP.2012.SANTORUM,Rick Santorum to be Republican VP nominee in 2012,2,8.5,Mar/16/2012 19:02:49
749688,REP.VP.2012.SANTORUM,Rick Santorum to be Republican VP nominee in 2012,33,8.6,Mar/16/2012 19:03:14
749688,REP.VP.2012.SANTORUM,Rick Santorum to be Republican VP nominee in 2012,90,8.7,Mar/16/2012 19:03:42
749688,REP.VP.2012.SANTORUM,Rick Santorum to be Republican VP nominee in 2012,1,8.8,Mar/16/2012 21:27:20
749688,REP.VP.2012.SANTORUM,Rick Santorum to be Republican VP nominee in 2012,33,8.8,Mar/16/2012 21:27:20
749688,REP.VP.2012.SANTORUM,Rick Santorum to be Republican VP nominee in 2012,10,7.5,Mar/16/2012 23:24:49
749688,REP.VP.2012.SANTORUM,Rick Santorum to be Republican VP nominee in 2012,1,8.0,Mar/17/2012 23:13:25
749688,REP.VP.2012.SANTORUM,Rick Santorum to be Republican VP nominee in 2012,6,8.0,Mar/17/2012 23:15:03
749688,REP.VP.2012.SANTORUM,Rick Santorum to be Republican VP nominee in 2012,4,7.3,Mar/18/2012 15:42:46
749688,REP.VP.2012.SANTORUM,Rick Santorum to be Republican VP nominee in 2012,50,7.0,Mar/18/2012 21:47:01
749688,REP.VP.2012.SANTORUM,Rick Santorum to be Republican VP nominee in 2012,50,6.7,Mar/18/2012 22:22:48
749688,REP.VP.2012.SANTORUM,Rick Santorum to be Republican VP nominee in 2012,1,6.5,Mar/19/2012 03:44:03
749688,REP.VP.2012.SANTORUM,Rick Santorum to be Republican VP nominee in 2012,23,6.5,Mar/19/2012 03:44:03
749688,REP.VP.2012.SANTORUM,Rick Santorum to be Republican VP nominee in 2012,4,6.5,Mar/19/2012 14:46:49
749688,REP.VP.2012.SANTORUM,Rick Santorum to be Republican VP nominee in 2012,20,6.5,Mar/19/2012 14:46:49
749688,REP.VP.2012.SANTORUM,Rick Santorum to be Republican VP nominee in 2012,42,6.4,Mar/19/2012 14:47:46
749688,REP.VP.2012.SANTORUM,Rick Santorum to be Republican VP nominee in 2012,2,6.1,Mar/19/2012 14:48:19
749688,REP.VP.2012.SANTORUM,Rick Santorum to be Republican VP nominee in 2012,18,6.0,Mar/19/2012 14:48:34
749688,REP.VP.2012.SANTORUM,Rick Santorum to be Republican VP nominee in 2012,12,6.0,Mar/20/2012 09:56:08
749688,REP.VP.2012.SANTORUM,Rick Santorum to be Republican VP nominee in 2012,3,7.0,Mar/20/2012 17:06:09
749688,REP.VP.2012.SANTORUM,Rick Santorum to be Republican VP nominee in 2012,17,7.0,Mar/21/2012 01:00:36
749688,REP.VP.2012.SANTORUM,Rick Santorum to be Republican VP nominee in 2012,18,7.0,Mar/21/2012 01:00:36
749688,REP.VP.2012.SANTORUM,Rick Santorum to be Republican VP nominee in 2012,10,7.3,Mar/21/2012 01:01:35
749688,REP.VP.2012.SANTORUM,Rick Santorum to be Republican VP nominee in 2012,4,7.4,Mar/21/2012 01:02:01
749688,REP.VP.2012.SANTORUM,Rick Santorum to be Republican VP nominee in 2012,49,7.5,Mar/21/2012 01:03:19
749688,REP.VP.2012.SANTORUM,Rick Santorum to be Republican VP nominee in 2012,20,6.5,Mar/21/2012 14:10:31
749688,REP.VP.2012.SANTORUM,Rick Santorum to be Republican VP nominee in 2012,10,6.5,Mar/21/2012 14:44:35
749688,REP.VP.2012.SANTORUM,Rick Santorum to be Republican VP nominee in 2012,25,6.5,Mar/21/2012 14:44:35
749688,REP.VP.2012.SANTORUM,Rick Santorum to be Republican VP nominee in 2012,20,6.3,Mar/21/2012 20:08:01
749688,REP.VP.2012.SANTORUM,Rick Santorum to be Republican VP nominee in 2012,10,6.5,Mar/21/2012 20:08:01
749688,REP.VP.2012.SANTORUM,Rick Santorum to be Republican VP nominee in 2012,30,7.0,Mar/22/2012 02:58:46
749688,REP.VP.2012.SANTORUM,Rick Santorum to be Republican VP nominee in 2012,20,7.0,Mar/22/2012 02:59:23
749688,REP.VP.2012.SANTORUM,Rick Santorum to be Republican VP nominee in 2012,54,6.2,Mar/22/2012 22:50:51
749688,REP.VP.2012.SANTORUM,Rick Santorum to be Republican VP nominee in 2012,10,6.3,Mar/22/2012 22:50:51
749688,REP.VP.2012.SANTORUM,Rick Santorum to be Republican VP nominee in 2012,25,6.3,Mar/22/2012 22:50:51
749688,REP.VP.2012.SANTORUM,Rick Santorum to be Republican VP nominee in 2012,10,6.5,Mar/23/2012 01:47:31
749688,REP.VP.2012.SANTORUM,Rick Santorum to be Republican VP nominee in 2012,30,5.5,Mar/23/2012 02:38:41
749688,REP.VP.2012.SANTORUM,Rick Santorum to be Republican VP nominee in 2012,20,5.5,Mar/23/2012 02:39:22
749688,REP.VP.2012.SANTORUM,Rick Santorum to be Republican VP nominee in 2012,50,5.0,Mar/23/2012 02:40:51
749688,REP.VP.2012.SANTORUM,Rick Santorum to be Republican VP nominee in 2012,1,5.0,Mar/23/2012 02:43:45
749688,REP.VP.2012.SANTORUM,Rick Santorum to be Republican VP nominee in 2012,2,5.5,Mar/23/2012 13:41:52
749688,REP.VP.2012.SANTORUM,Rick Santorum to be Republican VP nominee in 2012,8,5.6,Mar/23/2012 13:59:23
749688,REP.VP.2012.SANTORUM,Rick Santorum to be Republican VP nominee in 2012,3,5.7,Mar/23/2012 14:00:25
749688,REP.VP.2012.SANTORUM,Rick Santorum to be Republican VP nominee in 2012,1,5.5,Mar/23/2012 14:06:16
749688,REP.VP.2012.SANTORUM,Rick Santorum to be Republican VP nominee in 2012,49,5.0,Mar/23/2012 14:31:32
749688,REP.VP.2012.SANTORUM,Rick Santorum to be Republican VP nominee in 2012,1,5.5,Mar/23/2012 14:31:32
749688,REP.VP.2012.SANTORUM,Rick Santorum to be Republican VP nominee in 2012,20,4.6,Mar/24/2012 03:34:44
749688,REP.VP.2012.SANTORUM,Rick Santorum to be Republican VP nominee in 2012,5,4.3,Mar/24/2012 05:59:38
749688,REP.VP.2012.SANTORUM,Rick Santorum to be Republican VP nominee in 2012,50,4.5,Mar/24/2012 05:59:38
749688,REP.VP.2012.SANTORUM,Rick Santorum to be Republican VP nominee in 2012,24,4.0,Mar/24/2012 16:54:57
749688,REP.VP.2012.SANTORUM,Rick Santorum to be Republican VP nominee in 2012,12,4.0,Mar/25/2012 15:11:17
749688,REP.VP.2012.SANTORUM,Rick Santorum to be Republican VP nominee in 2012,64,4.0,Mar/25/2012 15:25:30
749688,REP.VP.2012.SANTORUM,Rick Santorum to be Republican VP nominee in 2012,50,4.0,Mar/25/2012 21:37:12
749688,REP.VP.2012.SANTORUM,Rick Santorum to be Republican VP nominee in 2012,25,3.6,Mar/25/2012 22:36:18
749688,REP.VP.2012.SANTORUM,Rick Santorum to be Republican VP nominee in 2012,15,3.6,Mar/25/2012 23:17:26
749688,REP.VP.2012.SANTORUM,Rick Santorum to be Republican VP nominee in 2012,1,3.5,Mar/26/2012 00:23:26
749688,REP.VP.2012.SANTORUM,Rick Santorum to be Republican VP nominee in 2012,19,3.5,Mar/26/2012 00:23:26
749688,REP.VP.2012.SANTORUM,Rick Santorum to be Republican VP nominee in 2012,15,4.0,Mar/26/2012 00:36:43
749688,REP.VP.2012.SANTORUM,Rick Santorum to be Republican VP nominee in 2012,50,3.5,Mar/26/2012 15:09:40
749688,REP.VP.2012.SANTORUM,Rick Santorum to be Republican VP nominee in 2012,1,3.9,Mar/26/2012 17:49:39
749688,REP.VP.2012.SANTORUM,Rick Santorum to be Republican VP nominee in 2012,10,4.0,Mar/26/2012 17:56:58
749688,REP.VP.2012.SANTORUM,Rick Santorum to be Republican VP nominee in 2012,50,4.0,Mar/26/2012 17:56:58
749688,REP.VP.2012.SANTORUM,Rick Santorum to be Republican VP nominee in 2012,1,4.2,Mar/26/2012 18:15:07
749688,REP.VP.2012.SANTORUM,Rick Santorum to be Republican VP nominee in 2012,3,4.1,Mar/26/2012 18:15:07
749688,REP.VP.2012.SANTORUM,Rick Santorum to be Republican VP nominee in 2012,2,4.2,Mar/26/2012 18:18:29
749688,REP.VP.2012.SANTORUM,Rick Santorum to be Republican VP nominee in 2012,2,3.9,Mar/26/2012 19:29:06
749688,REP.VP.2012.SANTORUM,Rick Santorum to be Republican VP nominee in 2012,5,3.9,Mar/26/2012 20:12:58
749688,REP.VP.2012.SANTORUM,Rick Santorum to be Republican VP nominee in 2012,93,3.9,Mar/26/2012 20:56:49
749688,REP.VP.2012.SANTORUM,Rick Santorum to be Republican VP nominee in 2012,5,4.1,Mar/26/2012 21:05:28
749688,REP.VP.2012.SANTORUM,Rick Santorum to be Republican VP nominee in 2012,5,4.1,Mar/26/2012 21:05:28
749688,REP.VP.2012.SANTORUM,Rick Santorum to be Republican VP nominee in 2012,1,3.5,Mar/26/2012 22:42:11
749688,REP.VP.2012.SANTORUM,Rick Santorum to be Republican VP nominee in 2012,24,3.5,Mar/26/2012 23:22:50
749688,REP.VP.2012.SANTORUM,Rick Santorum to be Republican VP nominee in 2012,1,3.3,Mar/27/2012 02:30:21
749688,REP.VP.2012.SANTORUM,Rick Santorum to be Republican VP nominee in 2012,3,3.7,Mar/27/2012 05:00:59
749688,REP.VP.2012.SANTORUM,Rick Santorum to be Republican VP nominee in 2012,10,3.8,Mar/27/2012 05:01:11
749688,REP.VP.2012.SANTORUM,Rick Santorum to be Republican VP nominee in 2012,19,4.0,Mar/27/2012 05:01:29
749688,REP.VP.2012.SANTORUM,Rick Santorum to be Republican VP nominee in 2012,1,3.9,Mar/27/2012 05:01:29
749688,REP.VP.2012.SANTORUM,Rick Santorum to be Republican VP nominee in 2012,6,4.0,Mar/27/2012 05:30:37
749688,REP.VP.2012.SANTORUM,Rick Santorum to be Republican VP nominee in 2012,14,4.2,Mar/27/2012 11:33:33
749688,REP.VP.2012.SANTORUM,Rick Santorum to be Republican VP nominee in 2012,1,3.4,Mar/27/2012 14:09:32
749688,REP.VP.2012.SANTORUM,Rick Santorum to be Republican VP nominee in 2012,2,3.3,Mar/27/2012 14:09:54
749688,REP.VP.2012.SANTORUM,Rick Santorum to be Republican VP nominee in 2012,1,3.3,Mar/27/2012 14:13:06
749688,REP.VP.2012.SANTORUM,Rick Santorum to be Republican VP nominee in 2012,1,3.3,Mar/27/2012 14:38:19
749688,REP.VP.2012.SANTORUM,Rick Santorum to be Republican VP nominee in 2012,5,3.3,Mar/27/2012 14:46:12
749688,REP.VP.2012.SANTORUM,Rick Santorum to be Republican VP nominee in 2012,3,3.3,Mar/27/2012 14:47:16
749688,REP.VP.2012.SANTORUM,Rick Santorum to be Republican VP nominee in 2012,2,3.3,Mar/27/2012 14:48:20
749688,REP.VP.2012.SANTORUM,Rick Santorum to be Republican VP nominee in 2012,3,3.3,Mar/27/2012 14:49:12
749688,REP.VP.2012.SANTORUM,Rick Santorum to be Republican VP nominee in 2012,7,3.3,Mar/27/2012 14:51:34
749688,REP.VP.2012.SANTORUM,Rick Santorum to be Republican VP nominee in 2012,7,3.3,Mar/27/2012 14:52:06
749688,REP.VP.2012.SANTORUM,Rick Santorum to be Republican VP nominee in 2012,8,3.3,Mar/27/2012 14:52:26
749688,REP.VP.2012.SANTORUM,Rick Santorum to be Republican VP nominee in 2012,8,3.3,Mar/27/2012 14:52:57
749688,REP.VP.2012.SANTORUM,Rick Santorum to be Republican VP nominee in 2012,2,3.3,Mar/27/2012 14:53:18
749688,REP.VP.2012.SANTORUM,Rick Santorum to be Republican VP nominee in 2012,1,3.3,Mar/27/2012 14:53:49
749688,REP.VP.2012.SANTORUM,Rick Santorum to be Republican VP nominee in 2012,9,3.3,Mar/27/2012 14:55:05
749688,REP.VP.2012.SANTORUM,Rick Santorum to be Republican VP nominee in 2012,6,3.3,Mar/27/2012 14:56:24
749688,REP.VP.2012.SANTORUM,Rick Santorum to be Republican VP nominee in 2012,4,3.3,Mar/27/2012 14:56:47
749688,REP.VP.2012.SANTORUM,Rick Santorum to be Republican VP nominee in 2012,9,3.3,Mar/27/2012 14:58:31
749688,REP.VP.2012.SANTORUM,Rick Santorum to be Republican VP nominee in 2012,5,3.3,Mar/27/2012 14:58:54
749688,REP.VP.2012.SANTORUM,Rick Santorum to be Republican VP nominee in 2012,3,3.3,Mar/27/2012 14:59:57
749688,REP.VP.2012.SANTORUM,Rick Santorum to be Republican VP nominee in 2012,1,3.3,Mar/27/2012 15:20:34
749688,REP.VP.2012.SANTORUM,Rick Santorum to be Republican VP nominee in 2012,1,3.3,Mar/27/2012 15:52:39
749688,REP.VP.2012.SANTORUM,Rick Santorum to be Republican VP nominee in 2012,1,3.3,Mar/27/2012 16:06:11
749688,REP.VP.2012.SANTORUM,Rick Santorum to be Republican VP nominee in 2012,3,3.3,Mar/27/2012 19:03:52
749688,REP.VP.2012.SANTORUM,Rick Santorum to be Republican VP nominee in 2012,20,3.3,Mar/27/2012 23:41:54
749688,REP.VP.2012.SANTORUM,Rick Santorum to be Republican VP nominee in 2012,50,3.5,Mar/28/2012 04:30:06
749688,REP.VP.2012.SANTORUM,Rick Santorum to be Republican VP nominee in 2012,10,3.9,Mar/28/2012 10:31:11
749688,REP.VP.2012.SANTORUM,Rick Santorum to be Republican VP nominee in 2012,7,3.0,Mar/28/2012 16:13:30
749688,REP.VP.2012.SANTORUM,Rick Santorum to be Republican VP nominee in 2012,2,3.3,Mar/28/2012 16:13:30
749688,REP.VP.2012.SANTORUM,Rick Santorum to be Republican VP nominee in 2012,1,3.1,Mar/28/2012 16:13:30
749688,REP.VP.2012.SANTORUM,Rick Santorum to be Republican VP nominee in 2012,30,3.0,Mar/29/2012 03:22:56
749688,REP.VP.2012.SANTORUM,Rick Santorum to be Republican VP nominee in 2012,10,3.0,Mar/29/2012 12:53:11
749688,REP.VP.2012.SANTORUM,Rick Santorum to be Republican VP nominee in 2012,79,3.0,Mar/30/2012 15:16:06
749688,REP.VP.2012.SANTORUM,Rick Santorum to be Republican VP nominee in 2012,1,3.1,Mar/30/2012 15:16:06
749688,REP.VP.2012.SANTORUM,Rick Santorum to be Republican VP nominee in 2012,10,3.0,Mar/30/2012 21:42:01
749688,REP.VP.2012.SANTORUM,Rick Santorum to be Republican VP nominee in 2012,10,3.0,Mar/30/2012 21:48:40
749688,REP.VP.2012.SANTORUM,Rick Santorum to be Republican VP nominee in 2012,3,3.0,Mar/30/2012 21:49:14
749688,REP.VP.2012.SANTORUM,Rick Santorum to be Republican VP nominee in 2012,51,3.0,Mar/31/2012 03:13:14
749688,REP.VP.2012.SANTORUM,Rick Santorum to be Republican VP nominee in 2012,49,3.0,Mar/31/2012 14:16:27
749688,REP.VP.2012.SANTORUM,Rick Santorum to be Republican VP nominee in 2012,5,3.1,Apr/01/2012 02:38:19
749688,REP.VP.2012.SANTORUM,Rick Santorum to be Republican VP nominee in 2012,25,3.1,Apr/01/2012 02:38:19
749688,REP.VP.2012.SANTORUM,Rick Santorum to be Republican VP nominee in 2012,17,3.0,Apr/01/2012 05:11:02
749688,REP.VP.2012.SANTORUM,Rick Santorum to be Republican VP nominee in 2012,7,2.6,Apr/01/2012 15:31:13
749688,REP.VP.2012.SANTORUM,Rick Santorum to be Republican VP nominee in 2012,147,2.5,Apr/01/2012 15:31:13
749688,REP.VP.2012.SANTORUM,Rick Santorum to be Republican VP nominee in 2012,11,2.7,Apr/01/2012 15:31:13
749688,REP.VP.2012.SANTORUM,Rick Santorum to be Republican VP nominee in 2012,53,2.5,Apr/01/2012 15:52:31
749688,REP.VP.2012.SANTORUM,Rick Santorum to be Republican VP nominee in 2012,7,2.1,Apr/01/2012 15:54:21
749688,REP.VP.2012.SANTORUM,Rick Santorum to be Republican VP nominee in 2012,42,2.1,Apr/01/2012 16:07:30
749688,REP.VP.2012.SANTORUM,Rick Santorum to be Republican VP nominee in 2012,6,2.0,Apr/01/2012 17:27:44
749688,REP.VP.2012.SANTORUM,Rick Santorum to be Republican VP nominee in 2012,1,2.4,Apr/02/2012 23:35:06
749688,REP.VP.2012.SANTORUM,Rick Santorum to be Republican VP nominee in 2012,30,2.1,Apr/03/2012 06:39:51
749688,REP.VP.2012.SANTORUM,Rick Santorum to be Republican VP nominee in 2012,15,2.1,Apr/03/2012 06:39:51
749688,REP.VP.2012.SANTORUM,Rick Santorum to be Republican VP nominee in 2012,50,2.0,Apr/03/2012 16:08:01
749688,REP.VP.2012.SANTORUM,Rick Santorum to be Republican VP nominee in 2012,20,2.0,Apr/03/2012 21:39:12
749688,REP.VP.2012.SANTORUM,Rick Santorum to be Republican VP nominee in 2012,25,2.1,Apr/04/2012 02:19:02
749688,REP.VP.2012.SANTORUM,Rick Santorum to be Republican VP nominee in 2012,1,2.0,Apr/04/2012 03:44:40
749688,REP.VP.2012.SANTORUM,Rick Santorum to be Republican VP nominee in 2012,123,2.0,Apr/04/2012 04:45:49
749688,REP.VP.2012.SANTORUM,Rick Santorum to be Republican VP nominee in 2012,5,1.7,Apr/04/2012 16:12:03
749688,REP.VP.2012.SANTORUM,Rick Santorum to be Republican VP nominee in 2012,3,1.6,Apr/04/2012 16:19:56
749688,REP.VP.2012.SANTORUM,Rick Santorum to be Republican VP nominee in 2012,2,1.7,Apr/04/2012 16:19:56
749688,REP.VP.2012.SANTORUM,Rick Santorum to be Republican VP nominee in 2012,20,1.5,Apr/04/2012 16:58:44
749688,REP.VP.2012.SANTORUM,Rick Santorum to be Republican VP nominee in 2012,45,1.6,Apr/04/2012 19:58:54
749688,REP.VP.2012.SANTORUM,Rick Santorum to be Republican VP nominee in 2012,24,1.5,Apr/04/2012 20:41:08
749688,REP.VP.2012.SANTORUM,Rick Santorum to be Republican VP nominee in 2012,50,1.8,Apr/04/2012 22:30:47
749688,REP.VP.2012.SANTORUM,Rick Santorum to be Republican VP nominee in 2012,5,1.9,Apr/05/2012 01:03:33
749688,REP.VP.2012.SANTORUM,Rick Santorum to be Republican VP nominee in 2012,24,2.0,Apr/05/2012 01:04:09
749688,REP.VP.2012.SANTORUM,Rick Santorum to be Republican VP nominee in 2012,50,2.0,Apr/05/2012 01:04:09
749688,REP.VP.2012.SANTORUM,Rick Santorum to be Republican VP nominee in 2012,26,2.0,Apr/05/2012 01:04:09
749688,REP.VP.2012.SANTORUM,Rick Santorum to be Republican VP nominee in 2012,6,1.6,Apr/05/2012 02:17:47
749688,REP.VP.2012.SANTORUM,Rick Santorum to be Republican VP nominee in 2012,6,1.6,Apr/05/2012 09:20:04
749688,REP.VP.2012.SANTORUM,Rick Santorum to be Republican VP nominee in 2012,13,1.6,Apr/05/2012 13:49:24
749688,REP.VP.2012.SANTORUM,Rick Santorum to be Republican VP nominee in 2012,20,1.6,Apr/06/2012 02:56:22
749688,REP.VP.2012.SANTORUM,Rick Santorum to be Republican VP nominee in 2012,20,1.5,Apr/06/2012 19:01:13
749688,REP.VP.2012.SANTORUM,Rick Santorum to be Republican VP nominee in 2012,50,1.6,Apr/06/2012 20:54:17
749688,REP.VP.2012.SANTORUM,Rick Santorum to be Republican VP nominee in 2012,6,1.5,Apr/07/2012 18:24:21
749688,REP.VP.2012.SANTORUM,Rick Santorum to be Republican VP nominee in 2012,100,1.5,Apr/07/2012 18:38:10
749688,REP.VP.2012.SANTORUM,Rick Santorum to be Republican VP nominee in 2012,20,1.5,Apr/07/2012 19:11:16
749688,REP.VP.2012.SANTORUM,Rick Santorum to be Republican VP nominee in 2012,10,1.5,Apr/07/2012 20:25:51
749688,REP.VP.2012.SANTORUM,Rick Santorum to be Republican VP nominee in 2012,7,1.5,Apr/07/2012 20:25:51
749688,REP.VP.2012.SANTORUM,Rick Santorum to be Republican VP nominee in 2012,21,1.5,Apr/07/2012 20:25:51
749688,REP.VP.2012.SANTORUM,Rick Santorum to be Republican VP nominee in 2012,12,1.5,Apr/07/2012 22:30:40
749688,REP.VP.2012.SANTORUM,Rick Santorum to be Republican VP nominee in 2012,29,1.5,Apr/07/2012 23:02:16
749688,REP.VP.2012.SANTORUM,Rick Santorum to be Republican VP nominee in 2012,50,1.5,Apr/07/2012 23:02:33
749688,REP.VP.2012.SANTORUM,Rick Santorum to be Republican VP nominee in 2012,1,1.5,Apr/09/2012 13:56:12
749688,REP.VP.2012.SANTORUM,Rick Santorum to be Republican VP nominee in 2012,5,1.4,Apr/09/2012 14:23:17
749688,REP.VP.2012.SANTORUM,Rick Santorum to be Republican VP nominee in 2012,5,1.4,Apr/09/2012 14:23:38
749688,REP.VP.2012.SANTORUM,Rick Santorum to be Republican VP nominee in 2012,5,1.4,Apr/09/2012 14:26:48
749688,REP.VP.2012.SANTORUM,Rick Santorum to be Republican VP nominee in 2012,4,1.4,Apr/09/2012 14:32:03
749688,REP.VP.2012.SANTORUM,Rick Santorum to be Republican VP nominee in 2012,18,1.4,Apr/09/2012 14:32:34
749688,REP.VP.2012.SANTORUM,Rick Santorum to be Republican VP nominee in 2012,100,1.5,Apr/10/2012 03:23:12
749688,REP.VP.2012.SANTORUM,Rick Santorum to be Republican VP nominee in 2012,3,1.2,Apr/10/2012 18:22:02
749688,REP.VP.2012.SANTORUM,Rick Santorum to be Republican VP nominee in 2012,4,1.1,Apr/10/2012 18:22:02
749688,REP.VP.2012.SANTORUM,Rick Santorum to be Republican VP nominee in 2012,3,1.6,Apr/10/2012 18:46:11
749688,REP.VP.2012.SANTORUM,Rick Santorum to be Republican VP nominee in 2012,1,1.6,Apr/10/2012 18:46:11
749688,REP.VP.2012.SANTORUM,Rick Santorum to be Republican VP nominee in 2012,8,1.7,Apr/10/2012 18:46:49
749688,REP.VP.2012.SANTORUM,Rick Santorum to be Republican VP nominee in 2012,4,1.6,Apr/10/2012 20:47:24
749688,REP.VP.2012.SANTORUM,Rick Santorum to be Republican VP nominee in 2012,1,1.6,Apr/10/2012 20:47:24
749688,REP.VP.2012.SANTORUM,Rick Santorum to be Republican VP nominee in 2012,17,1.7,Apr/10/2012 20:47:39
749688,REP.VP.2012.SANTORUM,Rick Santorum to be Republican VP nominee in 2012,1,1.7,Apr/10/2012 20:47:39
749688,REP.VP.2012.SANTORUM,Rick Santorum to be Republican VP nominee in 2012,2,1.9,Apr/10/2012 23:21:43
749688,REP.VP.2012.SANTORUM,Rick Santorum to be Republican VP nominee in 2012,1,1.9,Apr/11/2012 01:35:04
749688,REP.VP.2012.SANTORUM,Rick Santorum to be Republican VP nominee in 2012,1,1.9,Apr/11/2012 01:35:04
749688,REP.VP.2012.SANTORUM,Rick Santorum to be Republican VP nominee in 2012,4,1.9,Apr/11/2012 01:35:04
749688,REP.VP.2012.SANTORUM,Rick Santorum to be Republican VP nominee in 2012,24,2.0,Apr/11/2012 03:10:36
749688,REP.VP.2012.SANTORUM,Rick Santorum to be Republican VP nominee in 2012,50,2.0,Apr/11/2012 03:10:36
749688,REP.VP.2012.SANTORUM,Rick Santorum to be Republican VP nominee in 2012,1,2.0,Apr/11/2012 03:10:36
749688,REP.VP.2012.SANTORUM,Rick Santorum to be Republican VP nominee in 2012,3,2.0,Apr/11/2012 05:56:06
749688,REP.VP.2012.SANTORUM,Rick Santorum to be Republican VP nominee in 2012,5,2.4,Apr/11/2012 06:10:58
749688,REP.VP.2012.SANTORUM,Rick Santorum to be Republican VP nominee in 2012,1,2.4,Apr/11/2012 06:10:58
749688,REP.VP.2012.SANTORUM,Rick Santorum to be Republican VP nominee in 2012,16,2.4,Apr/11/2012 06:13:30
749688,REP.VP.2012.SANTORUM,Rick Santorum to be Republican VP nominee in 2012,10,2.5,Apr/11/2012 10:10:09
749688,REP.VP.2012.SANTORUM,Rick Santorum to be Republican VP nominee in 2012,40,2.5,Apr/11/2012 10:59:51
749688,REP.VP.2012.SANTORUM,Rick Santorum to be Republican VP nominee in 2012,25,2.5,Apr/11/2012 10:59:51
749688,REP.VP.2012.SANTORUM,Rick Santorum to be Republican VP nominee in 2012,1,2.5,Apr/11/2012 10:59:51
749688,REP.VP.2012.SANTORUM,Rick Santorum to be Republican VP nominee in 2012,1,2.9,Apr/11/2012 11:35:04
749688,REP.VP.2012.SANTORUM,Rick Santorum to be Republican VP nominee in 2012,1,2.4,Apr/11/2012 13:22:36
749688,REP.VP.2012.SANTORUM,Rick Santorum to be Republican VP nominee in 2012,14,2.9,Apr/11/2012 18:38:35
749688,REP.VP.2012.SANTORUM,Rick Santorum to be Republican VP nominee in 2012,50,2.9,Apr/11/2012 18:38:35
749688,REP.VP.2012.SANTORUM,Rick Santorum to be Republican VP nominee in 2012,1,2.9,Apr/11/2012 18:38:35
749688,REP.VP.2012.SANTORUM,Rick Santorum to be Republican VP nominee in 2012,50,3.0,Apr/11/2012 18:38:39
749688,REP.VP.2012.SANTORUM,Rick Santorum to be Republican VP nominee in 2012,50,3.0,Apr/11/2012 18:38:39
749688,REP.VP.2012.SANTORUM,Rick Santorum to be Republican VP nominee in 2012,1,3.0,Apr/11/2012 18:38:39
749688,REP.VP.2012.SANTORUM,Rick Santorum to be Republican VP nominee in 2012,1,2.6,Apr/11/2012 19:35:08
749688,REP.VP.2012.SANTORUM,Rick Santorum to be Republican VP nominee in 2012,3,2.6,Apr/11/2012 19:36:53
