market id,market symbol,market name,trade quantity,trade price,date/time [utc]
753460,REP.VP.2012.HEINEMAN,Dave Heineman to be Republican VP nominee in 2012,100,0.3,Nov/20/2011 16:57:16
753460,REP.VP.2012.HEINEMAN,Dave Heineman to be Republican VP nominee in 2012,50,0.3,Nov/21/2011 15:33:15
753460,REP.VP.2012.HEINEMAN,Dave Heineman to be Republican VP nominee in 2012,50,0.5,Dec/01/2011 03:15:34
753460,REP.VP.2012.HEINEMAN,Dave Heineman to be Republican VP nominee in 2012,1,0.5,Dec/01/2011 03:15:34
753460,REP.VP.2012.HEINEMAN,Dave Heineman to be Republican VP nominee in 2012,100,0.5,Dec/01/2011 03:15:34
753460,REP.VP.2012.HEINEMAN,Dave Heineman to be Republican VP nominee in 2012,50,0.5,Dec/06/2011 00:32:53
753460,REP.VP.2012.HEINEMAN,Dave Heineman to be Republican VP nominee in 2012,50,0.5,Dec/06/2011 00:32:53
753460,REP.VP.2012.HEINEMAN,Dave Heineman to be Republican VP nominee in 2012,1,0.5,Dec/06/2011 00:32:53
753460,REP.VP.2012.HEINEMAN,Dave Heineman to be Republican VP nominee in 2012,1,0.3,Dec/06/2011 15:32:18
753460,REP.VP.2012.HEINEMAN,Dave Heineman to be Republican VP nominee in 2012,3,0.3,Dec/06/2011 22:26:20
753460,REP.VP.2012.HEINEMAN,Dave Heineman to be Republican VP nominee in 2012,1,0.3,Dec/07/2011 14:38:08
753460,REP.VP.2012.HEINEMAN,Dave Heineman to be Republican VP nominee in 2012,46,0.3,Dec/07/2011 14:38:08
753460,REP.VP.2012.HEINEMAN,Dave Heineman to be Republican VP nominee in 2012,1,0.3,Dec/09/2011 00:17:20
753460,REP.VP.2012.HEINEMAN,Dave Heineman to be Republican VP nominee in 2012,50,0.3,Dec/09/2011 00:17:20
753460,REP.VP.2012.HEINEMAN,Dave Heineman to be Republican VP nominee in 2012,50,0.3,Dec/23/2011 11:17:39
753460,REP.VP.2012.HEINEMAN,Dave Heineman to be Republican VP nominee in 2012,3,0.3,Dec/23/2011 11:17:39
753460,REP.VP.2012.HEINEMAN,Dave Heineman to be Republican VP nominee in 2012,1,0.3,Dec/23/2011 11:17:39
753460,REP.VP.2012.HEINEMAN,Dave Heineman to be Republican VP nominee in 2012,50,0.3,Dec/23/2011 11:17:39
753460,REP.VP.2012.HEINEMAN,Dave Heineman to be Republican VP nominee in 2012,5,0.3,Dec/23/2011 15:29:00
753460,REP.VP.2012.HEINEMAN,Dave Heineman to be Republican VP nominee in 2012,3,0.3,Dec/25/2011 21:08:25
753460,REP.VP.2012.HEINEMAN,Dave Heineman to be Republican VP nominee in 2012,10,0.2,Jan/04/2012 19:18:23
753460,REP.VP.2012.HEINEMAN,Dave Heineman to be Republican VP nominee in 2012,9,0.2,Jan/04/2012 19:29:41
753460,REP.VP.2012.HEINEMAN,Dave Heineman to be Republican VP nominee in 2012,4,0.2,Jan/17/2012 03:58:19
753460,REP.VP.2012.HEINEMAN,Dave Heineman to be Republican VP nominee in 2012,1,0.2,Jan/18/2012 03:42:12
753460,REP.VP.2012.HEINEMAN,Dave Heineman to be Republican VP nominee in 2012,76,0.2,Jan/18/2012 22:54:05
753460,REP.VP.2012.HEINEMAN,Dave Heineman to be Republican VP nominee in 2012,3,0.2,Jan/18/2012 22:54:05
753460,REP.VP.2012.HEINEMAN,Dave Heineman to be Republican VP nominee in 2012,30,0.2,Jan/26/2012 14:10:45
753460,REP.VP.2012.HEINEMAN,Dave Heineman to be Republican VP nominee in 2012,1,0.2,Jan/26/2012 14:10:45
753460,REP.VP.2012.HEINEMAN,Dave Heineman to be Republican VP nominee in 2012,50,0.2,Jan/26/2012 14:10:45
753460,REP.VP.2012.HEINEMAN,Dave Heineman to be Republican VP nominee in 2012,5,0.1,Jan/29/2012 23:25:01
753460,REP.VP.2012.HEINEMAN,Dave Heineman to be Republican VP nominee in 2012,10,0.1,Jan/29/2012 23:25:01
753460,REP.VP.2012.HEINEMAN,Dave Heineman to be Republican VP nominee in 2012,200,0.1,Jan/29/2012 23:25:01
753460,REP.VP.2012.HEINEMAN,Dave Heineman to be Republican VP nominee in 2012,100,0.1,Jan/29/2012 23:25:01
753460,REP.VP.2012.HEINEMAN,Dave Heineman to be Republican VP nominee in 2012,19,0.1,Feb/07/2012 15:45:44
753460,REP.VP.2012.HEINEMAN,Dave Heineman to be Republican VP nominee in 2012,6,0.1,Feb/16/2012 01:42:11
753460,REP.VP.2012.HEINEMAN,Dave Heineman to be Republican VP nominee in 2012,10,0.1,Feb/16/2012 01:42:11
753460,REP.VP.2012.HEINEMAN,Dave Heineman to be Republican VP nominee in 2012,1,0.1,Feb/16/2012 01:42:11
753460,REP.VP.2012.HEINEMAN,Dave Heineman to be Republican VP nominee in 2012,99,0.2,Mar/04/2012 22:26:38
753460,REP.VP.2012.HEINEMAN,Dave Heineman to be Republican VP nominee in 2012,1,0.2,Mar/04/2012 22:26:38
753460,REP.VP.2012.HEINEMAN,Dave Heineman to be Republican VP nominee in 2012,1000,0.2,Mar/04/2012 22:28:24
753460,REP.VP.2012.HEINEMAN,Dave Heineman to be Republican VP nominee in 2012,6,0.1,Mar/08/2012 02:33:27
753460,REP.VP.2012.HEINEMAN,Dave Heineman to be Republican VP nominee in 2012,4,0.1,Mar/08/2012 02:33:49
753460,REP.VP.2012.HEINEMAN,Dave Heineman to be Republican VP nominee in 2012,1,0.1,Mar/15/2012 14:42:35
753460,REP.VP.2012.HEINEMAN,Dave Heineman to be Republican VP nominee in 2012,1,0.2,Mar/16/2012 20:52:11
753460,REP.VP.2012.HEINEMAN,Dave Heineman to be Republican VP nominee in 2012,2,0.1,Mar/23/2012 13:41:52
753460,REP.VP.2012.HEINEMAN,Dave Heineman to be Republican VP nominee in 2012,8,0.1,Mar/23/2012 13:59:23
753460,REP.VP.2012.HEINEMAN,Dave Heineman to be Republican VP nominee in 2012,3,0.1,Mar/23/2012 14:00:25
753460,REP.VP.2012.HEINEMAN,Dave Heineman to be Republican VP nominee in 2012,1,0.1,Mar/23/2012 14:02:28
753460,REP.VP.2012.HEINEMAN,Dave Heineman to be Republican VP nominee in 2012,1,0.1,Mar/23/2012 14:06:16
753460,REP.VP.2012.HEINEMAN,Dave Heineman to be Republican VP nominee in 2012,12,0.1,Mar/25/2012 15:11:17
753460,REP.VP.2012.HEINEMAN,Dave Heineman to be Republican VP nominee in 2012,20,0.1,Mar/25/2012 22:30:01
753460,REP.VP.2012.HEINEMAN,Dave Heineman to be Republican VP nominee in 2012,6,0.1,Mar/26/2012 19:29:36
753460,REP.VP.2012.HEINEMAN,Dave Heineman to be Republican VP nominee in 2012,2,0.1,Mar/26/2012 19:29:36
753460,REP.VP.2012.HEINEMAN,Dave Heineman to be Republican VP nominee in 2012,10,0.1,Mar/26/2012 19:29:36
753460,REP.VP.2012.HEINEMAN,Dave Heineman to be Republican VP nominee in 2012,2,0.1,Mar/26/2012 19:29:36
753460,REP.VP.2012.HEINEMAN,Dave Heineman to be Republican VP nominee in 2012,50,0.2,Mar/26/2012 20:21:36
753460,REP.VP.2012.HEINEMAN,Dave Heineman to be Republican VP nominee in 2012,50,0.2,Mar/26/2012 20:21:36
753460,REP.VP.2012.HEINEMAN,Dave Heineman to be Republican VP nominee in 2012,50,0.2,Mar/26/2012 20:21:36
753460,REP.VP.2012.HEINEMAN,Dave Heineman to be Republican VP nominee in 2012,50,0.2,Mar/26/2012 20:21:36
753460,REP.VP.2012.HEINEMAN,Dave Heineman to be Republican VP nominee in 2012,2,0.2,Mar/26/2012 20:21:36
753460,REP.VP.2012.HEINEMAN,Dave Heineman to be Republican VP nominee in 2012,50,0.2,Mar/26/2012 20:21:36
753460,REP.VP.2012.HEINEMAN,Dave Heineman to be Republican VP nominee in 2012,50,0.2,Mar/26/2012 20:21:36
753460,REP.VP.2012.HEINEMAN,Dave Heineman to be Republican VP nominee in 2012,154,0.2,Mar/26/2012 20:21:36
753460,REP.VP.2012.HEINEMAN,Dave Heineman to be Republican VP nominee in 2012,100,0.2,Mar/26/2012 20:21:36
753460,REP.VP.2012.HEINEMAN,Dave Heineman to be Republican VP nominee in 2012,60,0.2,Mar/26/2012 20:21:36
753460,REP.VP.2012.HEINEMAN,Dave Heineman to be Republican VP nominee in 2012,1,0.2,Mar/26/2012 20:21:36
753460,REP.VP.2012.HEINEMAN,Dave Heineman to be Republican VP nominee in 2012,6,0.2,Mar/26/2012 20:21:36
753460,REP.VP.2012.HEINEMAN,Dave Heineman to be Republican VP nominee in 2012,50,0.2,Mar/26/2012 20:21:36
753460,REP.VP.2012.HEINEMAN,Dave Heineman to be Republican VP nominee in 2012,19,0.2,Mar/26/2012 20:21:36
753460,REP.VP.2012.HEINEMAN,Dave Heineman to be Republican VP nominee in 2012,50,0.2,Mar/26/2012 20:21:36
753460,REP.VP.2012.HEINEMAN,Dave Heineman to be Republican VP nominee in 2012,5,0.2,Mar/26/2012 20:21:36
753460,REP.VP.2012.HEINEMAN,Dave Heineman to be Republican VP nominee in 2012,50,0.2,Mar/26/2012 20:21:36
753460,REP.VP.2012.HEINEMAN,Dave Heineman to be Republican VP nominee in 2012,50,0.2,Mar/26/2012 20:21:36
753460,REP.VP.2012.HEINEMAN,Dave Heineman to be Republican VP nominee in 2012,50,0.2,Mar/26/2012 20:21:36
753460,REP.VP.2012.HEINEMAN,Dave Heineman to be Republican VP nominee in 2012,11,0.2,Mar/26/2012 20:21:36
753460,REP.VP.2012.HEINEMAN,Dave Heineman to be Republican VP nominee in 2012,92,0.2,Mar/26/2012 20:21:36
753460,REP.VP.2012.HEINEMAN,Dave Heineman to be Republican VP nominee in 2012,1,0.2,Mar/26/2012 20:55:40
753460,REP.VP.2012.HEINEMAN,Dave Heineman to be Republican VP nominee in 2012,4,0.2,Mar/26/2012 20:55:40
753460,REP.VP.2012.HEINEMAN,Dave Heineman to be Republican VP nominee in 2012,46,0.2,Mar/26/2012 20:55:40
753460,REP.VP.2012.HEINEMAN,Dave Heineman to be Republican VP nominee in 2012,3,0.2,Mar/26/2012 20:55:40
753460,REP.VP.2012.HEINEMAN,Dave Heineman to be Republican VP nominee in 2012,50,0.3,Mar/26/2012 21:30:21
753460,REP.VP.2012.HEINEMAN,Dave Heineman to be Republican VP nominee in 2012,11,0.3,Mar/26/2012 21:30:21
753460,REP.VP.2012.HEINEMAN,Dave Heineman to be Republican VP nominee in 2012,30,0.3,Mar/26/2012 21:30:21
753460,REP.VP.2012.HEINEMAN,Dave Heineman to be Republican VP nominee in 2012,3,0.3,Mar/26/2012 21:30:21
753460,REP.VP.2012.HEINEMAN,Dave Heineman to be Republican VP nominee in 2012,6,0.3,Mar/26/2012 21:30:21
753460,REP.VP.2012.HEINEMAN,Dave Heineman to be Republican VP nominee in 2012,100,0.3,Mar/26/2012 21:30:21
753460,REP.VP.2012.HEINEMAN,Dave Heineman to be Republican VP nominee in 2012,50,0.5,Mar/26/2012 21:31:14
753460,REP.VP.2012.HEINEMAN,Dave Heineman to be Republican VP nominee in 2012,50,0.5,Mar/26/2012 21:31:14
753460,REP.VP.2012.HEINEMAN,Dave Heineman to be Republican VP nominee in 2012,50,0.5,Mar/26/2012 21:31:14
753460,REP.VP.2012.HEINEMAN,Dave Heineman to be Republican VP nominee in 2012,28,0.5,Mar/26/2012 21:31:14
753460,REP.VP.2012.HEINEMAN,Dave Heineman to be Republican VP nominee in 2012,50,0.4,Mar/26/2012 21:31:14
753460,REP.VP.2012.HEINEMAN,Dave Heineman to be Republican VP nominee in 2012,20,0.3,Mar/26/2012 21:31:14
753460,REP.VP.2012.HEINEMAN,Dave Heineman to be Republican VP nominee in 2012,100,0.5,Mar/26/2012 21:31:14
753460,REP.VP.2012.HEINEMAN,Dave Heineman to be Republican VP nominee in 2012,1,0.4,Mar/26/2012 21:31:14
753460,REP.VP.2012.HEINEMAN,Dave Heineman to be Republican VP nominee in 2012,1,0.4,Mar/26/2012 21:31:14
753460,REP.VP.2012.HEINEMAN,Dave Heineman to be Republican VP nominee in 2012,50,0.4,Mar/26/2012 21:31:14
753460,REP.VP.2012.HEINEMAN,Dave Heineman to be Republican VP nominee in 2012,50,0.5,Mar/26/2012 21:31:14
753460,REP.VP.2012.HEINEMAN,Dave Heineman to be Republican VP nominee in 2012,50,0.5,Mar/26/2012 21:31:14
753460,REP.VP.2012.HEINEMAN,Dave Heineman to be Republican VP nominee in 2012,50,0.3,Mar/27/2012 02:08:35
753460,REP.VP.2012.HEINEMAN,Dave Heineman to be Republican VP nominee in 2012,1,0.3,Mar/27/2012 02:08:35
753460,REP.VP.2012.HEINEMAN,Dave Heineman to be Republican VP nominee in 2012,1,0.2,Mar/27/2012 14:09:32
753460,REP.VP.2012.HEINEMAN,Dave Heineman to be Republican VP nominee in 2012,2,0.2,Mar/27/2012 14:09:54
753460,REP.VP.2012.HEINEMAN,Dave Heineman to be Republican VP nominee in 2012,1,0.2,Mar/27/2012 14:13:06
753460,REP.VP.2012.HEINEMAN,Dave Heineman to be Republican VP nominee in 2012,1,0.2,Mar/27/2012 14:38:19
753460,REP.VP.2012.HEINEMAN,Dave Heineman to be Republican VP nominee in 2012,5,0.2,Mar/27/2012 14:46:12
753460,REP.VP.2012.HEINEMAN,Dave Heineman to be Republican VP nominee in 2012,3,0.2,Mar/27/2012 14:47:16
753460,REP.VP.2012.HEINEMAN,Dave Heineman to be Republican VP nominee in 2012,2,0.2,Mar/27/2012 14:48:20
753460,REP.VP.2012.HEINEMAN,Dave Heineman to be Republican VP nominee in 2012,3,0.2,Mar/27/2012 14:49:12
753460,REP.VP.2012.HEINEMAN,Dave Heineman to be Republican VP nominee in 2012,7,0.2,Mar/27/2012 14:51:34
753460,REP.VP.2012.HEINEMAN,Dave Heineman to be Republican VP nominee in 2012,7,0.2,Mar/27/2012 14:52:06
753460,REP.VP.2012.HEINEMAN,Dave Heineman to be Republican VP nominee in 2012,8,0.2,Mar/27/2012 14:52:26
753460,REP.VP.2012.HEINEMAN,Dave Heineman to be Republican VP nominee in 2012,8,0.2,Mar/27/2012 14:52:57
753460,REP.VP.2012.HEINEMAN,Dave Heineman to be Republican VP nominee in 2012,2,0.2,Mar/27/2012 14:53:18
753460,REP.VP.2012.HEINEMAN,Dave Heineman to be Republican VP nominee in 2012,1,0.2,Mar/27/2012 14:53:49
753460,REP.VP.2012.HEINEMAN,Dave Heineman to be Republican VP nominee in 2012,9,0.2,Mar/27/2012 14:55:05
753460,REP.VP.2012.HEINEMAN,Dave Heineman to be Republican VP nominee in 2012,6,0.2,Mar/27/2012 14:56:24
753460,REP.VP.2012.HEINEMAN,Dave Heineman to be Republican VP nominee in 2012,4,0.2,Mar/27/2012 14:56:47
753460,REP.VP.2012.HEINEMAN,Dave Heineman to be Republican VP nominee in 2012,9,0.2,Mar/27/2012 14:58:31
753460,REP.VP.2012.HEINEMAN,Dave Heineman to be Republican VP nominee in 2012,5,0.2,Mar/27/2012 14:58:54
753460,REP.VP.2012.HEINEMAN,Dave Heineman to be Republican VP nominee in 2012,3,0.2,Mar/27/2012 14:59:57
753460,REP.VP.2012.HEINEMAN,Dave Heineman to be Republican VP nominee in 2012,1,0.2,Mar/27/2012 15:20:34
753460,REP.VP.2012.HEINEMAN,Dave Heineman to be Republican VP nominee in 2012,1,0.2,Mar/27/2012 15:52:39
753460,REP.VP.2012.HEINEMAN,Dave Heineman to be Republican VP nominee in 2012,1,0.2,Mar/27/2012 16:06:11
753460,REP.VP.2012.HEINEMAN,Dave Heineman to be Republican VP nominee in 2012,3,0.2,Mar/27/2012 19:03:52
753460,REP.VP.2012.HEINEMAN,Dave Heineman to be Republican VP nominee in 2012,20,0.2,Mar/27/2012 20:07:07
753460,REP.VP.2012.HEINEMAN,Dave Heineman to be Republican VP nominee in 2012,20,0.2,Mar/27/2012 23:51:01
753460,REP.VP.2012.HEINEMAN,Dave Heineman to be Republican VP nominee in 2012,25,0.2,Mar/31/2012 21:39:18
753460,REP.VP.2012.HEINEMAN,Dave Heineman to be Republican VP nominee in 2012,100,0.2,Apr/03/2012 16:13:51
753460,REP.VP.2012.HEINEMAN,Dave Heineman to be Republican VP nominee in 2012,20,0.3,Apr/03/2012 18:52:49
753460,REP.VP.2012.HEINEMAN,Dave Heineman to be Republican VP nominee in 2012,20,0.2,Apr/03/2012 20:48:43
753460,REP.VP.2012.HEINEMAN,Dave Heineman to be Republican VP nominee in 2012,5,0.3,Apr/04/2012 04:06:40
753460,REP.VP.2012.HEINEMAN,Dave Heineman to be Republican VP nominee in 2012,5,0.2,Apr/04/2012 16:12:03
753460,REP.VP.2012.HEINEMAN,Dave Heineman to be Republican VP nominee in 2012,100,0.2,Apr/04/2012 16:25:04
753460,REP.VP.2012.HEINEMAN,Dave Heineman to be Republican VP nominee in 2012,20,0.2,Apr/04/2012 17:02:46
753460,REP.VP.2012.HEINEMAN,Dave Heineman to be Republican VP nominee in 2012,50,0.2,Apr/04/2012 17:05:47
753460,REP.VP.2012.HEINEMAN,Dave Heineman to be Republican VP nominee in 2012,50,0.2,Apr/05/2012 02:21:59
753460,REP.VP.2012.HEINEMAN,Dave Heineman to be Republican VP nominee in 2012,25,0.3,Apr/06/2012 07:43:08
753460,REP.VP.2012.HEINEMAN,Dave Heineman to be Republican VP nominee in 2012,74,0.3,Apr/06/2012 07:43:08
753460,REP.VP.2012.HEINEMAN,Dave Heineman to be Republican VP nominee in 2012,1,0.3,Apr/06/2012 07:43:08
753460,REP.VP.2012.HEINEMAN,Dave Heineman to be Republican VP nominee in 2012,100,0.3,Apr/06/2012 07:43:08
753460,REP.VP.2012.HEINEMAN,Dave Heineman to be Republican VP nominee in 2012,26,0.3,Apr/06/2012 07:45:44
753460,REP.VP.2012.HEINEMAN,Dave Heineman to be Republican VP nominee in 2012,5,0.3,Apr/06/2012 07:45:44
753460,REP.VP.2012.HEINEMAN,Dave Heineman to be Republican VP nominee in 2012,19,0.3,Apr/06/2012 07:45:44
753460,REP.VP.2012.HEINEMAN,Dave Heineman to be Republican VP nominee in 2012,1,0.3,Apr/06/2012 10:43:40
753460,REP.VP.2012.HEINEMAN,Dave Heineman to be Republican VP nominee in 2012,1,0.3,Apr/06/2012 10:43:40
753460,REP.VP.2012.HEINEMAN,Dave Heineman to be Republican VP nominee in 2012,2,0.3,Apr/06/2012 16:23:02
753460,REP.VP.2012.HEINEMAN,Dave Heineman to be Republican VP nominee in 2012,20,0.2,Apr/07/2012 05:01:24
753460,REP.VP.2012.HEINEMAN,Dave Heineman to be Republican VP nominee in 2012,6,0.2,Apr/07/2012 18:24:21
753460,REP.VP.2012.HEINEMAN,Dave Heineman to be Republican VP nominee in 2012,50,0.2,Apr/07/2012 20:28:33
753460,REP.VP.2012.HEINEMAN,Dave Heineman to be Republican VP nominee in 2012,3,0.2,Apr/09/2012 02:16:33
753460,REP.VP.2012.HEINEMAN,Dave Heineman to be Republican VP nominee in 2012,1,0.2,Apr/09/2012 13:56:12
753460,REP.VP.2012.HEINEMAN,Dave Heineman to be Republican VP nominee in 2012,5,0.2,Apr/09/2012 14:23:17
753460,REP.VP.2012.HEINEMAN,Dave Heineman to be Republican VP nominee in 2012,5,0.2,Apr/09/2012 14:23:38
753460,REP.VP.2012.HEINEMAN,Dave Heineman to be Republican VP nominee in 2012,5,0.2,Apr/09/2012 14:26:48
753460,REP.VP.2012.HEINEMAN,Dave Heineman to be Republican VP nominee in 2012,4,0.2,Apr/09/2012 14:32:03
753460,REP.VP.2012.HEINEMAN,Dave Heineman to be Republican VP nominee in 2012,18,0.2,Apr/09/2012 14:32:34
753460,REP.VP.2012.HEINEMAN,Dave Heineman to be Republican VP nominee in 2012,100,0.2,Apr/09/2012 15:51:45
753460,REP.VP.2012.HEINEMAN,Dave Heineman to be Republican VP nominee in 2012,4,0.2,Apr/11/2012 19:08:03
753460,REP.VP.2012.HEINEMAN,Dave Heineman to be Republican VP nominee in 2012,1,0.2,Apr/11/2012 19:35:08
753460,REP.VP.2012.HEINEMAN,Dave Heineman to be Republican VP nominee in 2012,3,0.2,Apr/11/2012 19:36:53
753460,REP.VP.2012.HEINEMAN,Dave Heineman to be Republican VP nominee in 2012,20,0.2,Apr/11/2012 20:19:56
753460,REP.VP.2012.HEINEMAN,Dave Heineman to be Republican VP nominee in 2012,20,0.2,Apr/11/2012 20:26:53
753460,REP.VP.2012.HEINEMAN,Dave Heineman to be Republican VP nominee in 2012,15,0.2,Apr/11/2012 20:35:17
753460,REP.VP.2012.HEINEMAN,Dave Heineman to be Republican VP nominee in 2012,100,0.2,Apr/12/2012 04:56:34
753460,REP.VP.2012.HEINEMAN,Dave Heineman to be Republican VP nominee in 2012,100,0.2,Apr/13/2012 03:57:42
753460,REP.VP.2012.HEINEMAN,Dave Heineman to be Republican VP nominee in 2012,4,0.2,Apr/13/2012 20:15:22
753460,REP.VP.2012.HEINEMAN,Dave Heineman to be Republican VP nominee in 2012,13,0.2,Apr/14/2012 05:50:23
753460,REP.VP.2012.HEINEMAN,Dave Heineman to be Republican VP nominee in 2012,1,0.2,Apr/18/2012 20:57:44
753460,REP.VP.2012.HEINEMAN,Dave Heineman to be Republican VP nominee in 2012,27,0.2,Apr/18/2012 20:57:44
753460,REP.VP.2012.HEINEMAN,Dave Heineman to be Republican VP nominee in 2012,100,0.2,Apr/18/2012 20:57:44
753460,REP.VP.2012.HEINEMAN,Dave Heineman to be Republican VP nominee in 2012,72,0.2,Apr/18/2012 20:57:44
753460,REP.VP.2012.HEINEMAN,Dave Heineman to be Republican VP nominee in 2012,1,0.2,Apr/19/2012 02:51:44
753460,REP.VP.2012.HEINEMAN,Dave Heineman to be Republican VP nominee in 2012,100,0.2,Apr/19/2012 02:51:44
753460,REP.VP.2012.HEINEMAN,Dave Heineman to be Republican VP nominee in 2012,196,0.2,Apr/19/2012 02:51:44
753460,REP.VP.2012.HEINEMAN,Dave Heineman to be Republican VP nominee in 2012,28,0.2,Apr/19/2012 02:51:44
753460,REP.VP.2012.HEINEMAN,Dave Heineman to be Republican VP nominee in 2012,13,0.3,Apr/20/2012 20:16:59
753460,REP.VP.2012.HEINEMAN,Dave Heineman to be Republican VP nominee in 2012,1,0.1,Apr/20/2012 21:32:56
753460,REP.VP.2012.HEINEMAN,Dave Heineman to be Republican VP nominee in 2012,4,0.1,Apr/21/2012 04:08:41
753460,REP.VP.2012.HEINEMAN,Dave Heineman to be Republican VP nominee in 2012,1,0.1,Apr/21/2012 06:01:39
753460,REP.VP.2012.HEINEMAN,Dave Heineman to be Republican VP nominee in 2012,2,0.1,Apr/21/2012 06:19:25
753460,REP.VP.2012.HEINEMAN,Dave Heineman to be Republican VP nominee in 2012,1,0.1,Apr/21/2012 07:23:13
753460,REP.VP.2012.HEINEMAN,Dave Heineman to be Republican VP nominee in 2012,1,0.2,Apr/23/2012 20:25:27
753460,REP.VP.2012.HEINEMAN,Dave Heineman to be Republican VP nominee in 2012,10,0.2,Apr/23/2012 20:25:27
753460,REP.VP.2012.HEINEMAN,Dave Heineman to be Republican VP nominee in 2012,100,0.2,Apr/23/2012 20:25:27
753460,REP.VP.2012.HEINEMAN,Dave Heineman to be Republican VP nominee in 2012,100,0.2,Apr/23/2012 20:25:27
753460,REP.VP.2012.HEINEMAN,Dave Heineman to be Republican VP nominee in 2012,89,0.2,Apr/23/2012 20:25:27
753460,REP.VP.2012.HEINEMAN,Dave Heineman to be Republican VP nominee in 2012,4,0.1,Apr/23/2012 20:39:30
753460,REP.VP.2012.HEINEMAN,Dave Heineman to be Republican VP nominee in 2012,4,0.1,Apr/24/2012 17:23:11
753460,REP.VP.2012.HEINEMAN,Dave Heineman to be Republican VP nominee in 2012,1,0.2,Apr/24/2012 20:18:21
753460,REP.VP.2012.HEINEMAN,Dave Heineman to be Republican VP nominee in 2012,11,0.2,Apr/24/2012 20:18:21
753460,REP.VP.2012.HEINEMAN,Dave Heineman to be Republican VP nominee in 2012,8,0.2,Apr/24/2012 20:18:21
753460,REP.VP.2012.HEINEMAN,Dave Heineman to be Republican VP nominee in 2012,50,0.2,Apr/25/2012 01:31:36
753460,REP.VP.2012.HEINEMAN,Dave Heineman to be Republican VP nominee in 2012,92,0.2,Apr/25/2012 01:31:36
753460,REP.VP.2012.HEINEMAN,Dave Heineman to be Republican VP nominee in 2012,20,0.1,Apr/25/2012 19:56:29
753460,REP.VP.2012.HEINEMAN,Dave Heineman to be Republican VP nominee in 2012,5,0.1,Apr/25/2012 21:08:28
753460,REP.VP.2012.HEINEMAN,Dave Heineman to be Republican VP nominee in 2012,5,0.1,Apr/25/2012 21:14:42
753460,REP.VP.2012.HEINEMAN,Dave Heineman to be Republican VP nominee in 2012,5,0.1,Apr/25/2012 21:20:51
753460,REP.VP.2012.HEINEMAN,Dave Heineman to be Republican VP nominee in 2012,100,0.2,Apr/26/2012 14:21:39
753460,REP.VP.2012.HEINEMAN,Dave Heineman to be Republican VP nominee in 2012,65,0.2,Apr/26/2012 14:21:39
753460,REP.VP.2012.HEINEMAN,Dave Heineman to be Republican VP nominee in 2012,100,0.2,Apr/26/2012 14:21:39
753460,REP.VP.2012.HEINEMAN,Dave Heineman to be Republican VP nominee in 2012,1,0.2,Apr/26/2012 14:21:39
753460,REP.VP.2012.HEINEMAN,Dave Heineman to be Republican VP nominee in 2012,50,0.2,Apr/26/2012 14:21:39
753460,REP.VP.2012.HEINEMAN,Dave Heineman to be Republican VP nominee in 2012,100,0.2,Apr/26/2012 14:21:39
753460,REP.VP.2012.HEINEMAN,Dave Heineman to be Republican VP nominee in 2012,84,0.2,Apr/27/2012 02:16:27
753460,REP.VP.2012.HEINEMAN,Dave Heineman to be Republican VP nominee in 2012,50,0.1,Apr/28/2012 04:31:07
753460,REP.VP.2012.HEINEMAN,Dave Heineman to be Republican VP nominee in 2012,1,0.1,May/02/2012 17:56:57
753460,REP.VP.2012.HEINEMAN,Dave Heineman to be Republican VP nominee in 2012,1,0.1,May/02/2012 17:57:18
753460,REP.VP.2012.HEINEMAN,Dave Heineman to be Republican VP nominee in 2012,2,0.1,May/02/2012 17:57:59
753460,REP.VP.2012.HEINEMAN,Dave Heineman to be Republican VP nominee in 2012,6,0.1,May/02/2012 17:58:39
753460,REP.VP.2012.HEINEMAN,Dave Heineman to be Republican VP nominee in 2012,4,0.1,May/02/2012 17:59:41
753460,REP.VP.2012.HEINEMAN,Dave Heineman to be Republican VP nominee in 2012,6,0.1,May/02/2012 18:00:03
753460,REP.VP.2012.HEINEMAN,Dave Heineman to be Republican VP nominee in 2012,4,0.1,May/02/2012 18:00:24
753460,REP.VP.2012.HEINEMAN,Dave Heineman to be Republican VP nominee in 2012,1,0.1,May/02/2012 18:01:28
753460,REP.VP.2012.HEINEMAN,Dave Heineman to be Republican VP nominee in 2012,50,0.1,May/03/2012 18:33:23
753460,REP.VP.2012.HEINEMAN,Dave Heineman to be Republican VP nominee in 2012,83,0.2,May/04/2012 01:48:27
753460,REP.VP.2012.HEINEMAN,Dave Heineman to be Republican VP nominee in 2012,1,0.2,May/04/2012 01:48:27
753460,REP.VP.2012.HEINEMAN,Dave Heineman to be Republican VP nominee in 2012,16,0.2,May/04/2012 01:48:27
753460,REP.VP.2012.HEINEMAN,Dave Heineman to be Republican VP nominee in 2012,100,0.2,May/04/2012 01:48:27
753460,REP.VP.2012.HEINEMAN,Dave Heineman to be Republican VP nominee in 2012,1,0.1,May/07/2012 01:43:42
753460,REP.VP.2012.HEINEMAN,Dave Heineman to be Republican VP nominee in 2012,17,0.2,May/07/2012 17:48:00
753460,REP.VP.2012.HEINEMAN,Dave Heineman to be Republican VP nominee in 2012,83,0.2,May/07/2012 17:48:00
753460,REP.VP.2012.HEINEMAN,Dave Heineman to be Republican VP nominee in 2012,50,0.1,May/07/2012 20:33:53
753460,REP.VP.2012.HEINEMAN,Dave Heineman to be Republican VP nominee in 2012,100,0.2,May/08/2012 17:46:36
753460,REP.VP.2012.HEINEMAN,Dave Heineman to be Republican VP nominee in 2012,100,0.2,May/08/2012 17:46:36
753460,REP.VP.2012.HEINEMAN,Dave Heineman to be Republican VP nominee in 2012,4,0.2,May/08/2012 17:46:36
753460,REP.VP.2012.HEINEMAN,Dave Heineman to be Republican VP nominee in 2012,10,0.2,May/08/2012 17:46:36
753460,REP.VP.2012.HEINEMAN,Dave Heineman to be Republican VP nominee in 2012,100,0.2,May/08/2012 17:46:36
753460,REP.VP.2012.HEINEMAN,Dave Heineman to be Republican VP nominee in 2012,100,0.2,May/08/2012 17:46:36
753460,REP.VP.2012.HEINEMAN,Dave Heineman to be Republican VP nominee in 2012,25,0.2,May/08/2012 17:46:36
753460,REP.VP.2012.HEINEMAN,Dave Heineman to be Republican VP nominee in 2012,100,0.2,May/08/2012 17:46:36
753460,REP.VP.2012.HEINEMAN,Dave Heineman to be Republican VP nominee in 2012,1,0.2,May/08/2012 17:46:36
753460,REP.VP.2012.HEINEMAN,Dave Heineman to be Republican VP nominee in 2012,100,0.2,May/08/2012 17:46:36
753460,REP.VP.2012.HEINEMAN,Dave Heineman to be Republican VP nominee in 2012,100,0.2,May/08/2012 17:46:36
753460,REP.VP.2012.HEINEMAN,Dave Heineman to be Republican VP nominee in 2012,100,0.2,May/08/2012 17:46:36
753460,REP.VP.2012.HEINEMAN,Dave Heineman to be Republican VP nominee in 2012,50,0.2,May/08/2012 17:46:36
753460,REP.VP.2012.HEINEMAN,Dave Heineman to be Republican VP nominee in 2012,51,0.2,May/10/2012 06:59:59
753460,REP.VP.2012.HEINEMAN,Dave Heineman to be Republican VP nominee in 2012,1,0.2,May/10/2012 06:59:59
753460,REP.VP.2012.HEINEMAN,Dave Heineman to be Republican VP nominee in 2012,73,0.3,May/10/2012 14:38:56
753460,REP.VP.2012.HEINEMAN,Dave Heineman to be Republican VP nominee in 2012,50,0.1,May/11/2012 05:05:44
753460,REP.VP.2012.HEINEMAN,Dave Heineman to be Republican VP nominee in 2012,100,0.2,May/11/2012 21:22:22
753460,REP.VP.2012.HEINEMAN,Dave Heineman to be Republican VP nominee in 2012,50,0.2,May/11/2012 21:22:22
753460,REP.VP.2012.HEINEMAN,Dave Heineman to be Republican VP nominee in 2012,1,0.2,May/11/2012 21:22:22
753460,REP.VP.2012.HEINEMAN,Dave Heineman to be Republican VP nominee in 2012,50,0.1,May/13/2012 19:18:15
753460,REP.VP.2012.HEINEMAN,Dave Heineman to be Republican VP nominee in 2012,100,0.2,May/15/2012 14:31:56
753460,REP.VP.2012.HEINEMAN,Dave Heineman to be Republican VP nominee in 2012,1,0.2,May/15/2012 15:33:58
753460,REP.VP.2012.HEINEMAN,Dave Heineman to be Republican VP nominee in 2012,100,0.2,May/15/2012 15:33:58
753460,REP.VP.2012.HEINEMAN,Dave Heineman to be Republican VP nominee in 2012,150,0.2,May/15/2012 15:33:58
753460,REP.VP.2012.HEINEMAN,Dave Heineman to be Republican VP nominee in 2012,100,0.2,May/15/2012 15:33:58
753460,REP.VP.2012.HEINEMAN,Dave Heineman to be Republican VP nominee in 2012,100,0.2,May/15/2012 15:33:58
753460,REP.VP.2012.HEINEMAN,Dave Heineman to be Republican VP nominee in 2012,100,0.2,May/15/2012 15:33:58
753460,REP.VP.2012.HEINEMAN,Dave Heineman to be Republican VP nominee in 2012,100,0.2,May/15/2012 15:33:58
753460,REP.VP.2012.HEINEMAN,Dave Heineman to be Republican VP nominee in 2012,100,0.2,May/17/2012 16:43:11
753460,REP.VP.2012.HEINEMAN,Dave Heineman to be Republican VP nominee in 2012,149,0.2,May/17/2012 16:43:11
753460,REP.VP.2012.HEINEMAN,Dave Heineman to be Republican VP nominee in 2012,1,0.2,May/17/2012 16:43:11
753460,REP.VP.2012.HEINEMAN,Dave Heineman to be Republican VP nominee in 2012,9,0.1,May/18/2012 04:45:25
753460,REP.VP.2012.HEINEMAN,Dave Heineman to be Republican VP nominee in 2012,85,0.1,May/18/2012 05:02:18
753460,REP.VP.2012.HEINEMAN,Dave Heineman to be Republican VP nominee in 2012,12,0.1,May/21/2012 17:19:19
753460,REP.VP.2012.HEINEMAN,Dave Heineman to be Republican VP nominee in 2012,10,0.2,May/22/2012 00:30:42
753460,REP.VP.2012.HEINEMAN,Dave Heineman to be Republican VP nominee in 2012,2,0.1,May/23/2012 16:01:32
753460,REP.VP.2012.HEINEMAN,Dave Heineman to be Republican VP nominee in 2012,4,0.1,May/23/2012 16:02:29
753460,REP.VP.2012.HEINEMAN,Dave Heineman to be Republican VP nominee in 2012,8,0.1,May/23/2012 16:03:14
753460,REP.VP.2012.HEINEMAN,Dave Heineman to be Republican VP nominee in 2012,2,0.1,May/23/2012 16:03:31
753460,REP.VP.2012.HEINEMAN,Dave Heineman to be Republican VP nominee in 2012,10,0.2,May/24/2012 06:55:00
753460,REP.VP.2012.HEINEMAN,Dave Heineman to be Republican VP nominee in 2012,49,0.2,May/25/2012 00:41:17
753460,REP.VP.2012.HEINEMAN,Dave Heineman to be Republican VP nominee in 2012,65,0.1,May/28/2012 02:49:56
753460,REP.VP.2012.HEINEMAN,Dave Heineman to be Republican VP nominee in 2012,50,0.1,May/29/2012 21:23:27
753460,REP.VP.2012.HEINEMAN,Dave Heineman to be Republican VP nominee in 2012,31,0.2,May/30/2012 04:48:03
753460,REP.VP.2012.HEINEMAN,Dave Heineman to be Republican VP nominee in 2012,69,0.2,May/30/2012 04:48:03
753460,REP.VP.2012.HEINEMAN,Dave Heineman to be Republican VP nominee in 2012,68,0.2,May/30/2012 20:55:26
753460,REP.VP.2012.HEINEMAN,Dave Heineman to be Republican VP nominee in 2012,1,0.2,May/30/2012 20:55:26
753460,REP.VP.2012.HEINEMAN,Dave Heineman to be Republican VP nominee in 2012,31,0.2,May/30/2012 20:55:26
753460,REP.VP.2012.HEINEMAN,Dave Heineman to be Republican VP nominee in 2012,10,0.2,May/31/2012 03:16:50
753460,REP.VP.2012.HEINEMAN,Dave Heineman to be Republican VP nominee in 2012,70,0.1,May/31/2012 05:03:00
753460,REP.VP.2012.HEINEMAN,Dave Heineman to be Republican VP nominee in 2012,13,0.1,May/31/2012 05:08:34
753460,REP.VP.2012.HEINEMAN,Dave Heineman to be Republican VP nominee in 2012,5,0.1,May/31/2012 05:11:58
753460,REP.VP.2012.HEINEMAN,Dave Heineman to be Republican VP nominee in 2012,23,0.1,Jun/01/2012 14:28:38
753460,REP.VP.2012.HEINEMAN,Dave Heineman to be Republican VP nominee in 2012,100,0.1,Jun/04/2012 13:22:10
753460,REP.VP.2012.HEINEMAN,Dave Heineman to be Republican VP nominee in 2012,40,0.1,Jun/05/2012 15:08:00
753460,REP.VP.2012.HEINEMAN,Dave Heineman to be Republican VP nominee in 2012,1286,0.1,Jun/17/2012 21:21:45
753460,REP.VP.2012.HEINEMAN,Dave Heineman to be Republican VP nominee in 2012,1,0.1,Jun/17/2012 21:21:45
753460,REP.VP.2012.HEINEMAN,Dave Heineman to be Republican VP nominee in 2012,713,0.1,Jun/17/2012 21:21:45
753460,REP.VP.2012.HEINEMAN,Dave Heineman to be Republican VP nominee in 2012,200,0.1,Jun/18/2012 12:59:37
753460,REP.VP.2012.HEINEMAN,Dave Heineman to be Republican VP nominee in 2012,300,0.1,Jun/19/2012 04:13:44
753460,REP.VP.2012.HEINEMAN,Dave Heineman to be Republican VP nominee in 2012,10,0.1,Jun/21/2012 23:05:01
753460,REP.VP.2012.HEINEMAN,Dave Heineman to be Republican VP nominee in 2012,100,0.2,Jun/24/2012 10:24:04
753460,REP.VP.2012.HEINEMAN,Dave Heineman to be Republican VP nominee in 2012,100,0.2,Jun/24/2012 10:24:04
753460,REP.VP.2012.HEINEMAN,Dave Heineman to be Republican VP nominee in 2012,40,0.2,Jun/24/2012 10:24:04
753460,REP.VP.2012.HEINEMAN,Dave Heineman to be Republican VP nominee in 2012,1,0.2,Jun/24/2012 10:24:04
753460,REP.VP.2012.HEINEMAN,Dave Heineman to be Republican VP nominee in 2012,1,0.3,Jun/24/2012 10:24:04
753460,REP.VP.2012.HEINEMAN,Dave Heineman to be Republican VP nominee in 2012,177,0.1,Jun/24/2012 10:24:04
753460,REP.VP.2012.HEINEMAN,Dave Heineman to be Republican VP nominee in 2012,100,0.1,Jun/24/2012 10:24:04
753460,REP.VP.2012.HEINEMAN,Dave Heineman to be Republican VP nominee in 2012,1,0.1,Jun/24/2012 10:24:04
753460,REP.VP.2012.HEINEMAN,Dave Heineman to be Republican VP nominee in 2012,23,0.1,Jun/24/2012 10:24:04
753460,REP.VP.2012.HEINEMAN,Dave Heineman to be Republican VP nominee in 2012,100,0.2,Jun/24/2012 10:24:04
753460,REP.VP.2012.HEINEMAN,Dave Heineman to be Republican VP nominee in 2012,100,0.2,Jun/24/2012 10:24:04
753460,REP.VP.2012.HEINEMAN,Dave Heineman to be Republican VP nominee in 2012,222,0.2,Jun/24/2012 10:24:04
753460,REP.VP.2012.HEINEMAN,Dave Heineman to be Republican VP nominee in 2012,47,0.4,Jun/24/2012 10:24:04
753460,REP.VP.2012.HEINEMAN,Dave Heineman to be Republican VP nominee in 2012,12,0.3,Jun/24/2012 10:24:04
753460,REP.VP.2012.HEINEMAN,Dave Heineman to be Republican VP nominee in 2012,4,0.3,Jun/24/2012 10:24:04
753460,REP.VP.2012.HEINEMAN,Dave Heineman to be Republican VP nominee in 2012,50,0.3,Jun/24/2012 10:24:04
753460,REP.VP.2012.HEINEMAN,Dave Heineman to be Republican VP nominee in 2012,22,0.2,Jun/24/2012 10:24:04
753460,REP.VP.2012.HEINEMAN,Dave Heineman to be Republican VP nominee in 2012,100,0.2,Jun/24/2012 10:24:04
753460,REP.VP.2012.HEINEMAN,Dave Heineman to be Republican VP nominee in 2012,100,0.2,Jun/24/2012 10:24:04
753460,REP.VP.2012.HEINEMAN,Dave Heineman to be Republican VP nominee in 2012,100,0.2,Jun/24/2012 10:24:04
753460,REP.VP.2012.HEINEMAN,Dave Heineman to be Republican VP nominee in 2012,100,0.2,Jun/24/2012 10:24:04
753460,REP.VP.2012.HEINEMAN,Dave Heineman to be Republican VP nominee in 2012,1,0.4,Jun/24/2012 10:38:37
753460,REP.VP.2012.HEINEMAN,Dave Heineman to be Republican VP nominee in 2012,100,0.4,Jun/24/2012 10:38:37
753460,REP.VP.2012.HEINEMAN,Dave Heineman to be Republican VP nominee in 2012,50,0.4,Jun/24/2012 10:38:37
753460,REP.VP.2012.HEINEMAN,Dave Heineman to be Republican VP nominee in 2012,3,0.4,Jun/24/2012 10:38:37
753460,REP.VP.2012.HEINEMAN,Dave Heineman to be Republican VP nominee in 2012,278,0.5,Jun/24/2012 10:59:19
753460,REP.VP.2012.HEINEMAN,Dave Heineman to be Republican VP nominee in 2012,22,0.5,Jun/24/2012 10:59:19
753460,REP.VP.2012.HEINEMAN,Dave Heineman to be Republican VP nominee in 2012,50,0.4,Jun/24/2012 13:00:38
753460,REP.VP.2012.HEINEMAN,Dave Heineman to be Republican VP nominee in 2012,333,0.3,Jun/24/2012 14:53:08
753460,REP.VP.2012.HEINEMAN,Dave Heineman to be Republican VP nominee in 2012,200,0.2,Jun/24/2012 18:59:07
753460,REP.VP.2012.HEINEMAN,Dave Heineman to be Republican VP nominee in 2012,50,0.3,Jun/24/2012 19:44:04
753460,REP.VP.2012.HEINEMAN,Dave Heineman to be Republican VP nominee in 2012,1,0.3,Jun/24/2012 19:44:04
753460,REP.VP.2012.HEINEMAN,Dave Heineman to be Republican VP nominee in 2012,40,0.3,Jun/25/2012 01:18:55
753460,REP.VP.2012.HEINEMAN,Dave Heineman to be Republican VP nominee in 2012,1,0.3,Jun/25/2012 02:15:13
753460,REP.VP.2012.HEINEMAN,Dave Heineman to be Republican VP nominee in 2012,10,0.3,Jun/25/2012 02:15:13
753460,REP.VP.2012.HEINEMAN,Dave Heineman to be Republican VP nominee in 2012,76,0.4,Jun/25/2012 02:15:13
753460,REP.VP.2012.HEINEMAN,Dave Heineman to be Republican VP nominee in 2012,100,0.4,Jun/25/2012 03:02:30
753460,REP.VP.2012.HEINEMAN,Dave Heineman to be Republican VP nominee in 2012,50,0.4,Jun/25/2012 05:03:38
753460,REP.VP.2012.HEINEMAN,Dave Heineman to be Republican VP nominee in 2012,10,0.4,Jun/25/2012 05:03:38
753460,REP.VP.2012.HEINEMAN,Dave Heineman to be Republican VP nominee in 2012,1,0.4,Jun/25/2012 05:03:38
753460,REP.VP.2012.HEINEMAN,Dave Heineman to be Republican VP nominee in 2012,24,0.4,Jun/25/2012 05:03:38
753460,REP.VP.2012.HEINEMAN,Dave Heineman to be Republican VP nominee in 2012,12,0.5,Jun/25/2012 05:13:31
753460,REP.VP.2012.HEINEMAN,Dave Heineman to be Republican VP nominee in 2012,9,0.3,Jun/25/2012 17:30:11
753460,REP.VP.2012.HEINEMAN,Dave Heineman to be Republican VP nominee in 2012,1,0.7,Jun/26/2012 01:37:04
753460,REP.VP.2012.HEINEMAN,Dave Heineman to be Republican VP nominee in 2012,20,0.5,Jun/26/2012 01:37:04
753460,REP.VP.2012.HEINEMAN,Dave Heineman to be Republican VP nominee in 2012,5,0.6,Jun/26/2012 01:37:04
753460,REP.VP.2012.HEINEMAN,Dave Heineman to be Republican VP nominee in 2012,5,0.7,Jun/26/2012 01:37:04
753460,REP.VP.2012.HEINEMAN,Dave Heineman to be Republican VP nominee in 2012,200,0.5,Jun/26/2012 01:37:04
753460,REP.VP.2012.HEINEMAN,Dave Heineman to be Republican VP nominee in 2012,1,0.5,Jun/26/2012 01:37:04
753460,REP.VP.2012.HEINEMAN,Dave Heineman to be Republican VP nominee in 2012,1,0.6,Jun/26/2012 01:37:04
753460,REP.VP.2012.HEINEMAN,Dave Heineman to be Republican VP nominee in 2012,50,0.5,Jun/26/2012 01:37:04
753460,REP.VP.2012.HEINEMAN,Dave Heineman to be Republican VP nominee in 2012,100,0.5,Jun/26/2012 01:37:04
753460,REP.VP.2012.HEINEMAN,Dave Heineman to be Republican VP nominee in 2012,50,0.5,Jun/26/2012 01:37:04
753460,REP.VP.2012.HEINEMAN,Dave Heineman to be Republican VP nominee in 2012,10,0.5,Jun/26/2012 01:37:04
753460,REP.VP.2012.HEINEMAN,Dave Heineman to be Republican VP nominee in 2012,27,0.8,Jun/26/2012 01:37:04
753460,REP.VP.2012.HEINEMAN,Dave Heineman to be Republican VP nominee in 2012,50,0.7,Jun/26/2012 01:37:04
753460,REP.VP.2012.HEINEMAN,Dave Heineman to be Republican VP nominee in 2012,50,0.6,Jun/26/2012 01:37:04
753460,REP.VP.2012.HEINEMAN,Dave Heineman to be Republican VP nominee in 2012,30,0.8,Jun/26/2012 01:37:04
753460,REP.VP.2012.HEINEMAN,Dave Heineman to be Republican VP nominee in 2012,25,0.8,Jun/26/2012 01:37:39
753460,REP.VP.2012.HEINEMAN,Dave Heineman to be Republican VP nominee in 2012,1,0.8,Jun/26/2012 01:37:39
753460,REP.VP.2012.HEINEMAN,Dave Heineman to be Republican VP nominee in 2012,51,0.9,Jun/26/2012 01:37:39
753460,REP.VP.2012.HEINEMAN,Dave Heineman to be Republican VP nominee in 2012,50,0.9,Jun/26/2012 01:37:39
753460,REP.VP.2012.HEINEMAN,Dave Heineman to be Republican VP nominee in 2012,23,0.8,Jun/26/2012 01:37:39
753460,REP.VP.2012.HEINEMAN,Dave Heineman to be Republican VP nominee in 2012,31,0.9,Jun/26/2012 01:38:11
753460,REP.VP.2012.HEINEMAN,Dave Heineman to be Republican VP nominee in 2012,18,0.9,Jun/26/2012 02:00:36
753460,REP.VP.2012.HEINEMAN,Dave Heineman to be Republican VP nominee in 2012,1,0.9,Jun/26/2012 02:00:36
753460,REP.VP.2012.HEINEMAN,Dave Heineman to be Republican VP nominee in 2012,31,0.9,Jun/26/2012 02:00:36
753460,REP.VP.2012.HEINEMAN,Dave Heineman to be Republican VP nominee in 2012,10,0.9,Jun/26/2012 02:01:24
753460,REP.VP.2012.HEINEMAN,Dave Heineman to be Republican VP nominee in 2012,59,0.9,Jun/26/2012 02:01:36
753460,REP.VP.2012.HEINEMAN,Dave Heineman to be Republican VP nominee in 2012,3,0.9,Jun/26/2012 02:05:22
753460,REP.VP.2012.HEINEMAN,Dave Heineman to be Republican VP nominee in 2012,50,0.6,Jun/26/2012 02:33:53
753460,REP.VP.2012.HEINEMAN,Dave Heineman to be Republican VP nominee in 2012,50,0.7,Jun/26/2012 02:34:04
753460,REP.VP.2012.HEINEMAN,Dave Heineman to be Republican VP nominee in 2012,50,0.8,Jun/26/2012 02:34:14
753460,REP.VP.2012.HEINEMAN,Dave Heineman to be Republican VP nominee in 2012,111,0.6,Jun/26/2012 12:53:50
753460,REP.VP.2012.HEINEMAN,Dave Heineman to be Republican VP nominee in 2012,55,0.5,Jun/26/2012 15:04:27
753460,REP.VP.2012.HEINEMAN,Dave Heineman to be Republican VP nominee in 2012,10,0.4,Jun/26/2012 17:49:01
753460,REP.VP.2012.HEINEMAN,Dave Heineman to be Republican VP nominee in 2012,7,0.7,Jun/27/2012 00:45:35
753460,REP.VP.2012.HEINEMAN,Dave Heineman to be Republican VP nominee in 2012,189,0.6,Jun/27/2012 00:45:35
753460,REP.VP.2012.HEINEMAN,Dave Heineman to be Republican VP nominee in 2012,1,0.6,Jun/27/2012 00:45:35
753460,REP.VP.2012.HEINEMAN,Dave Heineman to be Republican VP nominee in 2012,45,0.5,Jun/27/2012 00:45:35
753460,REP.VP.2012.HEINEMAN,Dave Heineman to be Republican VP nominee in 2012,1,0.5,Jun/27/2012 00:45:35
753460,REP.VP.2012.HEINEMAN,Dave Heineman to be Republican VP nominee in 2012,67,0.5,Jun/27/2012 00:45:35
753460,REP.VP.2012.HEINEMAN,Dave Heineman to be Republican VP nominee in 2012,1,0.7,Jun/27/2012 00:45:35
753460,REP.VP.2012.HEINEMAN,Dave Heineman to be Republican VP nominee in 2012,100,0.7,Jun/27/2012 00:45:35
753460,REP.VP.2012.HEINEMAN,Dave Heineman to be Republican VP nominee in 2012,1,0.8,Jun/27/2012 00:45:47
753460,REP.VP.2012.HEINEMAN,Dave Heineman to be Republican VP nominee in 2012,3,0.7,Jun/27/2012 00:45:47
753460,REP.VP.2012.HEINEMAN,Dave Heineman to be Republican VP nominee in 2012,2,0.8,Jun/27/2012 00:46:40
753460,REP.VP.2012.HEINEMAN,Dave Heineman to be Republican VP nominee in 2012,100,0.8,Jun/27/2012 02:49:18
753460,REP.VP.2012.HEINEMAN,Dave Heineman to be Republican VP nominee in 2012,100,0.8,Jun/27/2012 03:32:20
753460,REP.VP.2012.HEINEMAN,Dave Heineman to be Republican VP nominee in 2012,50,0.7,Jun/28/2012 03:00:38
753460,REP.VP.2012.HEINEMAN,Dave Heineman to be Republican VP nominee in 2012,1,0.9,Jun/28/2012 03:00:38
753460,REP.VP.2012.HEINEMAN,Dave Heineman to be Republican VP nominee in 2012,1,0.8,Jun/28/2012 03:00:38
753460,REP.VP.2012.HEINEMAN,Dave Heineman to be Republican VP nominee in 2012,1,0.7,Jun/28/2012 03:00:38
753460,REP.VP.2012.HEINEMAN,Dave Heineman to be Republican VP nominee in 2012,100,0.9,Jun/28/2012 03:00:38
753460,REP.VP.2012.HEINEMAN,Dave Heineman to be Republican VP nominee in 2012,62,0.9,Jun/28/2012 03:00:38
753460,REP.VP.2012.HEINEMAN,Dave Heineman to be Republican VP nominee in 2012,50,0.8,Jun/28/2012 03:00:38
753460,REP.VP.2012.HEINEMAN,Dave Heineman to be Republican VP nominee in 2012,20,0.9,Jun/28/2012 03:00:38
753460,REP.VP.2012.HEINEMAN,Dave Heineman to be Republican VP nominee in 2012,47,0.9,Jun/28/2012 03:00:38
753460,REP.VP.2012.HEINEMAN,Dave Heineman to be Republican VP nominee in 2012,1,1.0,Jun/28/2012 03:00:49
753460,REP.VP.2012.HEINEMAN,Dave Heineman to be Republican VP nominee in 2012,1,0.9,Jun/28/2012 05:10:04
753460,REP.VP.2012.HEINEMAN,Dave Heineman to be Republican VP nominee in 2012,50,0.9,Jun/28/2012 05:10:04
753460,REP.VP.2012.HEINEMAN,Dave Heineman to be Republican VP nominee in 2012,16,1.5,Jun/28/2012 12:58:25
753460,REP.VP.2012.HEINEMAN,Dave Heineman to be Republican VP nominee in 2012,50,1.0,Jun/28/2012 12:58:25
753460,REP.VP.2012.HEINEMAN,Dave Heineman to be Republican VP nominee in 2012,300,1.0,Jun/28/2012 12:58:25
753460,REP.VP.2012.HEINEMAN,Dave Heineman to be Republican VP nominee in 2012,1,1.0,Jun/28/2012 12:58:25
753460,REP.VP.2012.HEINEMAN,Dave Heineman to be Republican VP nominee in 2012,300,1.0,Jun/28/2012 12:58:25
753460,REP.VP.2012.HEINEMAN,Dave Heineman to be Republican VP nominee in 2012,50,1.0,Jun/28/2012 12:58:25
753460,REP.VP.2012.HEINEMAN,Dave Heineman to be Republican VP nominee in 2012,50,1.0,Jun/28/2012 12:58:25
753460,REP.VP.2012.HEINEMAN,Dave Heineman to be Republican VP nominee in 2012,50,1.0,Jun/28/2012 12:58:25
753460,REP.VP.2012.HEINEMAN,Dave Heineman to be Republican VP nominee in 2012,49,1.0,Jun/28/2012 12:58:25
753460,REP.VP.2012.HEINEMAN,Dave Heineman to be Republican VP nominee in 2012,10,1.0,Jun/29/2012 14:02:47
753460,REP.VP.2012.HEINEMAN,Dave Heineman to be Republican VP nominee in 2012,10,1.0,Jun/29/2012 14:29:20
753460,REP.VP.2012.HEINEMAN,Dave Heineman to be Republican VP nominee in 2012,5,1.0,Jun/29/2012 14:35:07
753460,REP.VP.2012.HEINEMAN,Dave Heineman to be Republican VP nominee in 2012,2,1.0,Jun/29/2012 14:35:53
753460,REP.VP.2012.HEINEMAN,Dave Heineman to be Republican VP nominee in 2012,4,1.0,Jun/29/2012 14:40:11
753460,REP.VP.2012.HEINEMAN,Dave Heineman to be Republican VP nominee in 2012,50,0.9,Jun/29/2012 21:02:19
753460,REP.VP.2012.HEINEMAN,Dave Heineman to be Republican VP nominee in 2012,1,0.9,Jun/29/2012 21:02:19
753460,REP.VP.2012.HEINEMAN,Dave Heineman to be Republican VP nominee in 2012,100,1.0,Jun/29/2012 21:02:30
753460,REP.VP.2012.HEINEMAN,Dave Heineman to be Republican VP nominee in 2012,1,1.0,Jun/29/2012 21:02:30
753460,REP.VP.2012.HEINEMAN,Dave Heineman to be Republican VP nominee in 2012,69,1.0,Jun/29/2012 21:02:30
753460,REP.VP.2012.HEINEMAN,Dave Heineman to be Republican VP nominee in 2012,3,1.3,Jun/29/2012 21:02:49
753460,REP.VP.2012.HEINEMAN,Dave Heineman to be Republican VP nominee in 2012,50,1.3,Jun/29/2012 21:02:49
753460,REP.VP.2012.HEINEMAN,Dave Heineman to be Republican VP nominee in 2012,11,1.0,Jun/30/2012 18:28:01
753460,REP.VP.2012.HEINEMAN,Dave Heineman to be Republican VP nominee in 2012,1,1.0,Jul/01/2012 00:34:57
753460,REP.VP.2012.HEINEMAN,Dave Heineman to be Republican VP nominee in 2012,39,1.0,Jul/01/2012 00:34:57
753460,REP.VP.2012.HEINEMAN,Dave Heineman to be Republican VP nominee in 2012,100,0.7,Jul/01/2012 13:29:29
753460,REP.VP.2012.HEINEMAN,Dave Heineman to be Republican VP nominee in 2012,390,0.6,Jul/01/2012 13:29:47
753460,REP.VP.2012.HEINEMAN,Dave Heineman to be Republican VP nominee in 2012,10,0.6,Jul/01/2012 13:29:47
753460,REP.VP.2012.HEINEMAN,Dave Heineman to be Republican VP nominee in 2012,1,1.0,Jul/02/2012 13:57:15
753460,REP.VP.2012.HEINEMAN,Dave Heineman to be Republican VP nominee in 2012,5,1.0,Jul/02/2012 13:57:15
753460,REP.VP.2012.HEINEMAN,Dave Heineman to be Republican VP nominee in 2012,1,1.1,Jul/02/2012 13:57:15
753460,REP.VP.2012.HEINEMAN,Dave Heineman to be Republican VP nominee in 2012,50,1.1,Jul/02/2012 20:02:28
753460,REP.VP.2012.HEINEMAN,Dave Heineman to be Republican VP nominee in 2012,1,0.8,Jul/03/2012 06:45:51
753460,REP.VP.2012.HEINEMAN,Dave Heineman to be Republican VP nominee in 2012,50,0.8,Jul/03/2012 06:45:51
753460,REP.VP.2012.HEINEMAN,Dave Heineman to be Republican VP nominee in 2012,49,0.9,Jul/03/2012 06:46:15
753460,REP.VP.2012.HEINEMAN,Dave Heineman to be Republican VP nominee in 2012,10,0.5,Jul/04/2012 16:37:49
753460,REP.VP.2012.HEINEMAN,Dave Heineman to be Republican VP nominee in 2012,5,0.5,Jul/04/2012 16:37:49
753460,REP.VP.2012.HEINEMAN,Dave Heineman to be Republican VP nominee in 2012,3,0.5,Jul/04/2012 17:55:19
753460,REP.VP.2012.HEINEMAN,Dave Heineman to be Republican VP nominee in 2012,32,0.5,Jul/04/2012 21:09:26
753460,REP.VP.2012.HEINEMAN,Dave Heineman to be Republican VP nominee in 2012,1,0.5,Jul/04/2012 21:09:26
753460,REP.VP.2012.HEINEMAN,Dave Heineman to be Republican VP nominee in 2012,20,0.6,Jul/05/2012 02:33:56
753460,REP.VP.2012.HEINEMAN,Dave Heineman to be Republican VP nominee in 2012,10,0.6,Jul/05/2012 02:34:16
753460,REP.VP.2012.HEINEMAN,Dave Heineman to be Republican VP nominee in 2012,20,0.6,Jul/05/2012 02:43:17
753460,REP.VP.2012.HEINEMAN,Dave Heineman to be Republican VP nominee in 2012,49,0.7,Jul/05/2012 02:43:17
753460,REP.VP.2012.HEINEMAN,Dave Heineman to be Republican VP nominee in 2012,1,0.6,Jul/05/2012 02:43:17
753460,REP.VP.2012.HEINEMAN,Dave Heineman to be Republican VP nominee in 2012,20,0.6,Jul/05/2012 03:44:44
753460,REP.VP.2012.HEINEMAN,Dave Heineman to be Republican VP nominee in 2012,1,0.6,Jul/05/2012 11:13:42
753460,REP.VP.2012.HEINEMAN,Dave Heineman to be Republican VP nominee in 2012,30,0.6,Jul/05/2012 11:13:42
753460,REP.VP.2012.HEINEMAN,Dave Heineman to be Republican VP nominee in 2012,1,0.4,Jul/06/2012 01:23:49
753460,REP.VP.2012.HEINEMAN,Dave Heineman to be Republican VP nominee in 2012,1,0.4,Jul/06/2012 01:23:57
753460,REP.VP.2012.HEINEMAN,Dave Heineman to be Republican VP nominee in 2012,1,0.4,Jul/06/2012 01:24:07
753460,REP.VP.2012.HEINEMAN,Dave Heineman to be Republican VP nominee in 2012,10,0.4,Jul/06/2012 01:48:26
753460,REP.VP.2012.HEINEMAN,Dave Heineman to be Republican VP nominee in 2012,100,0.5,Jul/06/2012 02:30:31
753460,REP.VP.2012.HEINEMAN,Dave Heineman to be Republican VP nominee in 2012,100,0.5,Jul/06/2012 02:30:31
753460,REP.VP.2012.HEINEMAN,Dave Heineman to be Republican VP nominee in 2012,50,0.5,Jul/06/2012 02:30:31
753460,REP.VP.2012.HEINEMAN,Dave Heineman to be Republican VP nominee in 2012,1,0.5,Jul/06/2012 02:30:31
753460,REP.VP.2012.HEINEMAN,Dave Heineman to be Republican VP nominee in 2012,84,0.6,Jul/06/2012 02:30:48
753460,REP.VP.2012.HEINEMAN,Dave Heineman to be Republican VP nominee in 2012,1,0.6,Jul/06/2012 12:59:41
753460,REP.VP.2012.HEINEMAN,Dave Heineman to be Republican VP nominee in 2012,26,0.8,Jul/06/2012 12:59:41
753460,REP.VP.2012.HEINEMAN,Dave Heineman to be Republican VP nominee in 2012,1,0.7,Jul/06/2012 12:59:41
753460,REP.VP.2012.HEINEMAN,Dave Heineman to be Republican VP nominee in 2012,1,0.7,Jul/06/2012 12:59:41
753460,REP.VP.2012.HEINEMAN,Dave Heineman to be Republican VP nominee in 2012,50,0.7,Jul/06/2012 12:59:41
753460,REP.VP.2012.HEINEMAN,Dave Heineman to be Republican VP nominee in 2012,21,0.6,Jul/06/2012 12:59:41
753460,REP.VP.2012.HEINEMAN,Dave Heineman to be Republican VP nominee in 2012,1,0.8,Jul/06/2012 20:55:44
753460,REP.VP.2012.HEINEMAN,Dave Heineman to be Republican VP nominee in 2012,50,0.7,Jul/07/2012 01:47:18
753460,REP.VP.2012.HEINEMAN,Dave Heineman to be Republican VP nominee in 2012,1,0.7,Jul/07/2012 01:47:18
753460,REP.VP.2012.HEINEMAN,Dave Heineman to be Republican VP nominee in 2012,100,0.7,Jul/07/2012 01:47:18
753460,REP.VP.2012.HEINEMAN,Dave Heineman to be Republican VP nominee in 2012,1,0.5,Jul/07/2012 16:33:19
753460,REP.VP.2012.HEINEMAN,Dave Heineman to be Republican VP nominee in 2012,1,0.5,Jul/07/2012 16:33:26
753460,REP.VP.2012.HEINEMAN,Dave Heineman to be Republican VP nominee in 2012,1,0.5,Jul/07/2012 16:33:33
753460,REP.VP.2012.HEINEMAN,Dave Heineman to be Republican VP nominee in 2012,1,0.5,Jul/07/2012 16:33:39
753460,REP.VP.2012.HEINEMAN,Dave Heineman to be Republican VP nominee in 2012,1,0.5,Jul/07/2012 16:33:46
753460,REP.VP.2012.HEINEMAN,Dave Heineman to be Republican VP nominee in 2012,35,0.6,Jul/08/2012 02:31:47
753460,REP.VP.2012.HEINEMAN,Dave Heineman to be Republican VP nominee in 2012,1,0.5,Jul/08/2012 09:25:36
753460,REP.VP.2012.HEINEMAN,Dave Heineman to be Republican VP nominee in 2012,1,0.5,Jul/08/2012 09:25:45
753460,REP.VP.2012.HEINEMAN,Dave Heineman to be Republican VP nominee in 2012,1,0.5,Jul/08/2012 09:25:53
753460,REP.VP.2012.HEINEMAN,Dave Heineman to be Republican VP nominee in 2012,1,0.5,Jul/08/2012 09:26:00
753460,REP.VP.2012.HEINEMAN,Dave Heineman to be Republican VP nominee in 2012,1,0.5,Jul/08/2012 09:27:58
753460,REP.VP.2012.HEINEMAN,Dave Heineman to be Republican VP nominee in 2012,1,0.4,Jul/08/2012 09:28:05
753460,REP.VP.2012.HEINEMAN,Dave Heineman to be Republican VP nominee in 2012,1,0.4,Jul/08/2012 09:28:14
753460,REP.VP.2012.HEINEMAN,Dave Heineman to be Republican VP nominee in 2012,1,0.3,Jul/10/2012 04:19:21
753460,REP.VP.2012.HEINEMAN,Dave Heineman to be Republican VP nominee in 2012,23,0.3,Jul/10/2012 04:19:21
753460,REP.VP.2012.HEINEMAN,Dave Heineman to be Republican VP nominee in 2012,1,0.3,Jul/10/2012 19:02:23
753460,REP.VP.2012.HEINEMAN,Dave Heineman to be Republican VP nominee in 2012,50,0.4,Jul/10/2012 19:31:11
753460,REP.VP.2012.HEINEMAN,Dave Heineman to be Republican VP nominee in 2012,1,0.4,Jul/10/2012 19:31:11
753460,REP.VP.2012.HEINEMAN,Dave Heineman to be Republican VP nominee in 2012,50,0.5,Jul/10/2012 21:22:32
753460,REP.VP.2012.HEINEMAN,Dave Heineman to be Republican VP nominee in 2012,50,0.5,Jul/10/2012 21:22:32
753460,REP.VP.2012.HEINEMAN,Dave Heineman to be Republican VP nominee in 2012,1,0.5,Jul/10/2012 22:28:01
753460,REP.VP.2012.HEINEMAN,Dave Heineman to be Republican VP nominee in 2012,50,0.5,Jul/10/2012 22:28:01
753460,REP.VP.2012.HEINEMAN,Dave Heineman to be Republican VP nominee in 2012,1,0.4,Jul/10/2012 23:01:16
753460,REP.VP.2012.HEINEMAN,Dave Heineman to be Republican VP nominee in 2012,1,0.4,Jul/10/2012 23:01:23
753460,REP.VP.2012.HEINEMAN,Dave Heineman to be Republican VP nominee in 2012,1,0.4,Jul/10/2012 23:01:30
753460,REP.VP.2012.HEINEMAN,Dave Heineman to be Republican VP nominee in 2012,1,0.4,Jul/10/2012 23:01:35
753460,REP.VP.2012.HEINEMAN,Dave Heineman to be Republican VP nominee in 2012,1,0.4,Jul/10/2012 23:04:37
753460,REP.VP.2012.HEINEMAN,Dave Heineman to be Republican VP nominee in 2012,9,0.4,Jul/10/2012 23:04:48
753460,REP.VP.2012.HEINEMAN,Dave Heineman to be Republican VP nominee in 2012,9,0.4,Jul/10/2012 23:05:01
753460,REP.VP.2012.HEINEMAN,Dave Heineman to be Republican VP nominee in 2012,9,0.4,Jul/10/2012 23:05:12
753460,REP.VP.2012.HEINEMAN,Dave Heineman to be Republican VP nominee in 2012,9,0.4,Jul/10/2012 23:05:24
753460,REP.VP.2012.HEINEMAN,Dave Heineman to be Republican VP nominee in 2012,9,0.4,Jul/10/2012 23:05:35
753460,REP.VP.2012.HEINEMAN,Dave Heineman to be Republican VP nominee in 2012,9,0.4,Jul/10/2012 23:05:45
753460,REP.VP.2012.HEINEMAN,Dave Heineman to be Republican VP nominee in 2012,9,0.4,Jul/10/2012 23:05:56
753460,REP.VP.2012.HEINEMAN,Dave Heineman to be Republican VP nominee in 2012,9,0.4,Jul/10/2012 23:06:07
753460,REP.VP.2012.HEINEMAN,Dave Heineman to be Republican VP nominee in 2012,49,0.6,Jul/11/2012 18:24:30
753460,REP.VP.2012.HEINEMAN,Dave Heineman to be Republican VP nominee in 2012,50,0.6,Jul/11/2012 18:24:30
753460,REP.VP.2012.HEINEMAN,Dave Heineman to be Republican VP nominee in 2012,1,0.6,Jul/11/2012 18:24:30
753460,REP.VP.2012.HEINEMAN,Dave Heineman to be Republican VP nominee in 2012,1,1.2,Jul/12/2012 05:23:36
753460,REP.VP.2012.HEINEMAN,Dave Heineman to be Republican VP nominee in 2012,1,1.3,Jul/12/2012 05:23:36
753460,REP.VP.2012.HEINEMAN,Dave Heineman to be Republican VP nominee in 2012,1,1.4,Jul/12/2012 05:23:36
753460,REP.VP.2012.HEINEMAN,Dave Heineman to be Republican VP nominee in 2012,1,1.5,Jul/12/2012 05:23:36
753460,REP.VP.2012.HEINEMAN,Dave Heineman to be Republican VP nominee in 2012,1,0.7,Jul/12/2012 05:23:36
753460,REP.VP.2012.HEINEMAN,Dave Heineman to be Republican VP nominee in 2012,50,0.7,Jul/12/2012 05:23:36
753460,REP.VP.2012.HEINEMAN,Dave Heineman to be Republican VP nominee in 2012,50,0.8,Jul/12/2012 05:23:36
753460,REP.VP.2012.HEINEMAN,Dave Heineman to be Republican VP nominee in 2012,50,0.9,Jul/12/2012 05:23:36
753460,REP.VP.2012.HEINEMAN,Dave Heineman to be Republican VP nominee in 2012,16,1.5,Jul/12/2012 05:23:36
753460,REP.VP.2012.HEINEMAN,Dave Heineman to be Republican VP nominee in 2012,100,1.0,Jul/12/2012 05:23:36
753460,REP.VP.2012.HEINEMAN,Dave Heineman to be Republican VP nominee in 2012,100,1.0,Jul/12/2012 05:23:36
753460,REP.VP.2012.HEINEMAN,Dave Heineman to be Republican VP nominee in 2012,100,0.7,Jul/12/2012 05:23:36
753460,REP.VP.2012.HEINEMAN,Dave Heineman to be Republican VP nominee in 2012,1,1.1,Jul/12/2012 05:23:36
753460,REP.VP.2012.HEINEMAN,Dave Heineman to be Republican VP nominee in 2012,10,1.4,Jul/12/2012 05:23:36
753460,REP.VP.2012.HEINEMAN,Dave Heineman to be Republican VP nominee in 2012,100,1.0,Jul/12/2012 05:23:36
753460,REP.VP.2012.HEINEMAN,Dave Heineman to be Republican VP nominee in 2012,1,0.9,Jul/12/2012 05:23:36
753460,REP.VP.2012.HEINEMAN,Dave Heineman to be Republican VP nominee in 2012,1,0.8,Jul/12/2012 05:23:36
753460,REP.VP.2012.HEINEMAN,Dave Heineman to be Republican VP nominee in 2012,1,1.0,Jul/12/2012 05:23:36
753460,REP.VP.2012.HEINEMAN,Dave Heineman to be Republican VP nominee in 2012,100,0.9,Jul/12/2012 05:23:36
753460,REP.VP.2012.HEINEMAN,Dave Heineman to be Republican VP nominee in 2012,100,0.8,Jul/12/2012 05:23:36
753460,REP.VP.2012.HEINEMAN,Dave Heineman to be Republican VP nominee in 2012,5,1.1,Jul/12/2012 05:23:36
753460,REP.VP.2012.HEINEMAN,Dave Heineman to be Republican VP nominee in 2012,5,1.2,Jul/12/2012 05:23:36
753460,REP.VP.2012.HEINEMAN,Dave Heineman to be Republican VP nominee in 2012,5,1.3,Jul/12/2012 05:23:36
753460,REP.VP.2012.HEINEMAN,Dave Heineman to be Republican VP nominee in 2012,34,1.5,Jul/12/2012 05:24:40
753460,REP.VP.2012.HEINEMAN,Dave Heineman to be Republican VP nominee in 2012,100,1.9,Jul/12/2012 05:24:40
753460,REP.VP.2012.HEINEMAN,Dave Heineman to be Republican VP nominee in 2012,5,2.0,Jul/12/2012 05:24:40
753460,REP.VP.2012.HEINEMAN,Dave Heineman to be Republican VP nominee in 2012,11,2.5,Jul/12/2012 05:24:40
753460,REP.VP.2012.HEINEMAN,Dave Heineman to be Republican VP nominee in 2012,100,2.0,Jul/12/2012 05:24:40
753460,REP.VP.2012.HEINEMAN,Dave Heineman to be Republican VP nominee in 2012,50,2.0,Jul/12/2012 05:24:40
753460,REP.VP.2012.HEINEMAN,Dave Heineman to be Republican VP nominee in 2012,89,2.5,Jul/12/2012 05:25:37
753460,REP.VP.2012.HEINEMAN,Dave Heineman to be Republican VP nominee in 2012,61,3.0,Jul/12/2012 05:25:37
753460,REP.VP.2012.HEINEMAN,Dave Heineman to be Republican VP nominee in 2012,3,1.0,Jul/12/2012 15:09:19
753460,REP.VP.2012.HEINEMAN,Dave Heineman to be Republican VP nominee in 2012,25,1.2,Jul/12/2012 23:14:14
753460,REP.VP.2012.HEINEMAN,Dave Heineman to be Republican VP nominee in 2012,1,1.5,Jul/12/2012 23:14:14
753460,REP.VP.2012.HEINEMAN,Dave Heineman to be Republican VP nominee in 2012,1,1.2,Jul/12/2012 23:14:14
753460,REP.VP.2012.HEINEMAN,Dave Heineman to be Republican VP nominee in 2012,32,1.5,Jul/12/2012 23:14:29
753460,REP.VP.2012.HEINEMAN,Dave Heineman to be Republican VP nominee in 2012,5,0.5,Jul/12/2012 23:38:30
753460,REP.VP.2012.HEINEMAN,Dave Heineman to be Republican VP nominee in 2012,15,0.9,Jul/12/2012 23:38:30
753460,REP.VP.2012.HEINEMAN,Dave Heineman to be Republican VP nominee in 2012,2,0.5,Jul/12/2012 23:38:56
753460,REP.VP.2012.HEINEMAN,Dave Heineman to be Republican VP nominee in 2012,7,0.4,Jul/12/2012 23:40:09
753460,REP.VP.2012.HEINEMAN,Dave Heineman to be Republican VP nominee in 2012,3,0.5,Jul/12/2012 23:40:09
753460,REP.VP.2012.HEINEMAN,Dave Heineman to be Republican VP nominee in 2012,25,1.0,Jul/13/2012 13:22:31
753460,REP.VP.2012.HEINEMAN,Dave Heineman to be Republican VP nominee in 2012,1,1.0,Jul/13/2012 13:22:31
753460,REP.VP.2012.HEINEMAN,Dave Heineman to be Republican VP nominee in 2012,25,1.2,Jul/13/2012 13:22:50
753460,REP.VP.2012.HEINEMAN,Dave Heineman to be Republican VP nominee in 2012,2,1.2,Jul/13/2012 13:22:50
753460,REP.VP.2012.HEINEMAN,Dave Heineman to be Republican VP nominee in 2012,1,1.3,Jul/13/2012 13:23:10
753460,REP.VP.2012.HEINEMAN,Dave Heineman to be Republican VP nominee in 2012,25,1.3,Jul/13/2012 13:23:10
753460,REP.VP.2012.HEINEMAN,Dave Heineman to be Republican VP nominee in 2012,20,1.3,Jul/13/2012 15:35:22
753460,REP.VP.2012.HEINEMAN,Dave Heineman to be Republican VP nominee in 2012,2,1.5,Jul/13/2012 15:35:22
753460,REP.VP.2012.HEINEMAN,Dave Heineman to be Republican VP nominee in 2012,10,1.4,Jul/13/2012 15:35:22
753460,REP.VP.2012.HEINEMAN,Dave Heineman to be Republican VP nominee in 2012,1,1.4,Jul/13/2012 15:35:22
753460,REP.VP.2012.HEINEMAN,Dave Heineman to be Republican VP nominee in 2012,4,1.5,Jul/13/2012 15:35:34
753460,REP.VP.2012.HEINEMAN,Dave Heineman to be Republican VP nominee in 2012,100,0.7,Jul/13/2012 18:06:09
753460,REP.VP.2012.HEINEMAN,Dave Heineman to be Republican VP nominee in 2012,1,0.7,Jul/13/2012 22:17:46
753460,REP.VP.2012.HEINEMAN,Dave Heineman to be Republican VP nominee in 2012,1,0.7,Jul/13/2012 22:17:53
753460,REP.VP.2012.HEINEMAN,Dave Heineman to be Republican VP nominee in 2012,1,0.7,Jul/13/2012 22:18:00
753460,REP.VP.2012.HEINEMAN,Dave Heineman to be Republican VP nominee in 2012,1,0.7,Jul/13/2012 22:19:29
753460,REP.VP.2012.HEINEMAN,Dave Heineman to be Republican VP nominee in 2012,50,1.0,Jul/13/2012 22:37:53
753460,REP.VP.2012.HEINEMAN,Dave Heineman to be Republican VP nominee in 2012,1,1.0,Jul/13/2012 22:59:50
753460,REP.VP.2012.HEINEMAN,Dave Heineman to be Republican VP nominee in 2012,1,1.4,Jul/13/2012 22:59:50
753460,REP.VP.2012.HEINEMAN,Dave Heineman to be Republican VP nominee in 2012,1,1.4,Jul/13/2012 23:37:45
753460,REP.VP.2012.HEINEMAN,Dave Heineman to be Republican VP nominee in 2012,19,1.4,Jul/13/2012 23:37:45
753460,REP.VP.2012.HEINEMAN,Dave Heineman to be Republican VP nominee in 2012,50,0.7,Jul/14/2012 02:12:35
753460,REP.VP.2012.HEINEMAN,Dave Heineman to be Republican VP nominee in 2012,1,0.8,Jul/15/2012 01:24:50
753460,REP.VP.2012.HEINEMAN,Dave Heineman to be Republican VP nominee in 2012,1,0.8,Jul/15/2012 01:24:56
753460,REP.VP.2012.HEINEMAN,Dave Heineman to be Republican VP nominee in 2012,14,0.8,Jul/15/2012 12:51:20
753460,REP.VP.2012.HEINEMAN,Dave Heineman to be Republican VP nominee in 2012,14,0.8,Jul/16/2012 14:27:35
753460,REP.VP.2012.HEINEMAN,Dave Heineman to be Republican VP nominee in 2012,100,0.7,Jul/16/2012 14:38:19
753460,REP.VP.2012.HEINEMAN,Dave Heineman to be Republican VP nominee in 2012,1,0.6,Jul/16/2012 15:09:16
753460,REP.VP.2012.HEINEMAN,Dave Heineman to be Republican VP nominee in 2012,25,0.5,Jul/16/2012 22:01:32
753460,REP.VP.2012.HEINEMAN,Dave Heineman to be Republican VP nominee in 2012,50,0.5,Jul/16/2012 22:54:03
753460,REP.VP.2012.HEINEMAN,Dave Heineman to be Republican VP nominee in 2012,1,0.5,Jul/17/2012 00:59:03
753460,REP.VP.2012.HEINEMAN,Dave Heineman to be Republican VP nominee in 2012,49,0.6,Jul/17/2012 00:59:03
753460,REP.VP.2012.HEINEMAN,Dave Heineman to be Republican VP nominee in 2012,1,0.6,Jul/17/2012 00:59:03
753460,REP.VP.2012.HEINEMAN,Dave Heineman to be Republican VP nominee in 2012,25,0.5,Jul/17/2012 00:59:03
753460,REP.VP.2012.HEINEMAN,Dave Heineman to be Republican VP nominee in 2012,50,0.7,Jul/17/2012 00:59:19
753460,REP.VP.2012.HEINEMAN,Dave Heineman to be Republican VP nominee in 2012,1,0.7,Jul/17/2012 00:59:40
753460,REP.VP.2012.HEINEMAN,Dave Heineman to be Republican VP nominee in 2012,36,0.8,Jul/17/2012 01:52:04
753460,REP.VP.2012.HEINEMAN,Dave Heineman to be Republican VP nominee in 2012,1,0.8,Jul/17/2012 01:52:04
753460,REP.VP.2012.HEINEMAN,Dave Heineman to be Republican VP nominee in 2012,10,0.7,Jul/17/2012 05:03:21
753460,REP.VP.2012.HEINEMAN,Dave Heineman to be Republican VP nominee in 2012,10,0.7,Jul/17/2012 05:04:30
753460,REP.VP.2012.HEINEMAN,Dave Heineman to be Republican VP nominee in 2012,1,0.5,Jul/17/2012 16:21:17
753460,REP.VP.2012.HEINEMAN,Dave Heineman to be Republican VP nominee in 2012,25,0.5,Jul/17/2012 16:21:17
753460,REP.VP.2012.HEINEMAN,Dave Heineman to be Republican VP nominee in 2012,20,0.5,Jul/18/2012 02:04:32
753460,REP.VP.2012.HEINEMAN,Dave Heineman to be Republican VP nominee in 2012,20,0.5,Jul/18/2012 02:08:52
753460,REP.VP.2012.HEINEMAN,Dave Heineman to be Republican VP nominee in 2012,5,0.4,Jul/18/2012 08:41:41
753460,REP.VP.2012.HEINEMAN,Dave Heineman to be Republican VP nominee in 2012,10,0.4,Jul/18/2012 08:41:41
753460,REP.VP.2012.HEINEMAN,Dave Heineman to be Republican VP nominee in 2012,10,0.4,Jul/18/2012 08:41:41
753460,REP.VP.2012.HEINEMAN,Dave Heineman to be Republican VP nominee in 2012,18,0.4,Jul/19/2012 18:42:08
753460,REP.VP.2012.HEINEMAN,Dave Heineman to be Republican VP nominee in 2012,21,0.4,Jul/19/2012 18:42:08
753460,REP.VP.2012.HEINEMAN,Dave Heineman to be Republican VP nominee in 2012,1,0.4,Jul/19/2012 18:42:08
753460,REP.VP.2012.HEINEMAN,Dave Heineman to be Republican VP nominee in 2012,17,0.5,Jul/19/2012 18:42:50
753460,REP.VP.2012.HEINEMAN,Dave Heineman to be Republican VP nominee in 2012,4,0.4,Jul/19/2012 18:42:50
753460,REP.VP.2012.HEINEMAN,Dave Heineman to be Republican VP nominee in 2012,100,0.5,Jul/20/2012 03:11:16
753460,REP.VP.2012.HEINEMAN,Dave Heineman to be Republican VP nominee in 2012,100,0.5,Jul/20/2012 03:11:16
753460,REP.VP.2012.HEINEMAN,Dave Heineman to be Republican VP nominee in 2012,100,0.5,Jul/20/2012 03:11:16
753460,REP.VP.2012.HEINEMAN,Dave Heineman to be Republican VP nominee in 2012,100,0.5,Jul/20/2012 03:11:16
753460,REP.VP.2012.HEINEMAN,Dave Heineman to be Republican VP nominee in 2012,1,0.5,Jul/20/2012 03:11:16
753460,REP.VP.2012.HEINEMAN,Dave Heineman to be Republican VP nominee in 2012,63,0.5,Jul/20/2012 03:11:16
753460,REP.VP.2012.HEINEMAN,Dave Heineman to be Republican VP nominee in 2012,100,0.5,Jul/20/2012 03:11:16
753460,REP.VP.2012.HEINEMAN,Dave Heineman to be Republican VP nominee in 2012,134,0.5,Jul/21/2012 20:18:46
753460,REP.VP.2012.HEINEMAN,Dave Heineman to be Republican VP nominee in 2012,15,0.5,Jul/21/2012 20:18:46
753460,REP.VP.2012.HEINEMAN,Dave Heineman to be Republican VP nominee in 2012,1,0.5,Jul/21/2012 20:18:46
753460,REP.VP.2012.HEINEMAN,Dave Heineman to be Republican VP nominee in 2012,1,0.4,Jul/22/2012 13:41:42
753460,REP.VP.2012.HEINEMAN,Dave Heineman to be Republican VP nominee in 2012,1,0.4,Jul/22/2012 13:41:50
753460,REP.VP.2012.HEINEMAN,Dave Heineman to be Republican VP nominee in 2012,1,0.4,Jul/22/2012 22:13:09
753460,REP.VP.2012.HEINEMAN,Dave Heineman to be Republican VP nominee in 2012,1,0.4,Jul/23/2012 08:49:06
753460,REP.VP.2012.HEINEMAN,Dave Heineman to be Republican VP nominee in 2012,21,0.4,Jul/23/2012 14:03:58
753460,REP.VP.2012.HEINEMAN,Dave Heineman to be Republican VP nominee in 2012,34,0.4,Jul/23/2012 14:03:58
753460,REP.VP.2012.HEINEMAN,Dave Heineman to be Republican VP nominee in 2012,1,0.4,Jul/24/2012 22:02:20
753460,REP.VP.2012.HEINEMAN,Dave Heineman to be Republican VP nominee in 2012,3,0.5,Jul/25/2012 02:29:03
753460,REP.VP.2012.HEINEMAN,Dave Heineman to be Republican VP nominee in 2012,1,0.5,Jul/25/2012 03:06:34
753460,REP.VP.2012.HEINEMAN,Dave Heineman to be Republican VP nominee in 2012,40,0.4,Jul/26/2012 21:42:25
753460,REP.VP.2012.HEINEMAN,Dave Heineman to be Republican VP nominee in 2012,1,0.3,Jul/27/2012 02:46:38
753460,REP.VP.2012.HEINEMAN,Dave Heineman to be Republican VP nominee in 2012,1,0.3,Jul/27/2012 02:46:45
753460,REP.VP.2012.HEINEMAN,Dave Heineman to be Republican VP nominee in 2012,1,0.3,Jul/27/2012 08:01:23
753460,REP.VP.2012.HEINEMAN,Dave Heineman to be Republican VP nominee in 2012,25,0.3,Jul/28/2012 20:32:46
753460,REP.VP.2012.HEINEMAN,Dave Heineman to be Republican VP nominee in 2012,1,0.3,Jul/29/2012 13:43:26
753460,REP.VP.2012.HEINEMAN,Dave Heineman to be Republican VP nominee in 2012,1,0.3,Jul/29/2012 13:43:32
753460,REP.VP.2012.HEINEMAN,Dave Heineman to be Republican VP nominee in 2012,25,0.3,Jul/29/2012 18:43:35
753460,REP.VP.2012.HEINEMAN,Dave Heineman to be Republican VP nominee in 2012,100,0.5,Jul/29/2012 21:49:59
753460,REP.VP.2012.HEINEMAN,Dave Heineman to be Republican VP nominee in 2012,62,0.5,Jul/29/2012 21:49:59
753460,REP.VP.2012.HEINEMAN,Dave Heineman to be Republican VP nominee in 2012,67,0.5,Jul/29/2012 21:49:59
753460,REP.VP.2012.HEINEMAN,Dave Heineman to be Republican VP nominee in 2012,1,0.5,Jul/29/2012 21:49:59
753460,REP.VP.2012.HEINEMAN,Dave Heineman to be Republican VP nominee in 2012,25,0.7,Jul/29/2012 23:56:32
753460,REP.VP.2012.HEINEMAN,Dave Heineman to be Republican VP nominee in 2012,64,0.8,Jul/29/2012 23:56:32
753460,REP.VP.2012.HEINEMAN,Dave Heineman to be Republican VP nominee in 2012,1,0.5,Jul/29/2012 23:56:32
753460,REP.VP.2012.HEINEMAN,Dave Heineman to be Republican VP nominee in 2012,100,0.5,Jul/29/2012 23:56:32
753460,REP.VP.2012.HEINEMAN,Dave Heineman to be Republican VP nominee in 2012,1,0.7,Jul/29/2012 23:56:32
753460,REP.VP.2012.HEINEMAN,Dave Heineman to be Republican VP nominee in 2012,25,0.6,Jul/29/2012 23:56:32
753460,REP.VP.2012.HEINEMAN,Dave Heineman to be Republican VP nominee in 2012,1,0.6,Jul/29/2012 23:56:32
753460,REP.VP.2012.HEINEMAN,Dave Heineman to be Republican VP nominee in 2012,10,0.7,Jul/29/2012 23:56:32
753460,REP.VP.2012.HEINEMAN,Dave Heineman to be Republican VP nominee in 2012,33,0.5,Jul/29/2012 23:56:32
753460,REP.VP.2012.HEINEMAN,Dave Heineman to be Republican VP nominee in 2012,30,0.5,Jul/29/2012 23:56:32
753460,REP.VP.2012.HEINEMAN,Dave Heineman to be Republican VP nominee in 2012,30,0.6,Jul/29/2012 23:56:32
753460,REP.VP.2012.HEINEMAN,Dave Heineman to be Republican VP nominee in 2012,30,0.7,Jul/29/2012 23:56:32
753460,REP.VP.2012.HEINEMAN,Dave Heineman to be Republican VP nominee in 2012,100,0.5,Jul/29/2012 23:56:32
753460,REP.VP.2012.HEINEMAN,Dave Heineman to be Republican VP nominee in 2012,36,0.8,Jul/29/2012 23:56:47
753460,REP.VP.2012.HEINEMAN,Dave Heineman to be Republican VP nominee in 2012,1,0.8,Jul/29/2012 23:56:47
753460,REP.VP.2012.HEINEMAN,Dave Heineman to be Republican VP nominee in 2012,13,0.9,Jul/29/2012 23:56:47
753460,REP.VP.2012.HEINEMAN,Dave Heineman to be Republican VP nominee in 2012,20,0.4,Jul/30/2012 21:53:11
753460,REP.VP.2012.HEINEMAN,Dave Heineman to be Republican VP nominee in 2012,59,0.4,Jul/30/2012 21:53:39
753460,REP.VP.2012.HEINEMAN,Dave Heineman to be Republican VP nominee in 2012,20,0.5,Jul/31/2012 00:26:57
753460,REP.VP.2012.HEINEMAN,Dave Heineman to be Republican VP nominee in 2012,1,0.4,Aug/01/2012 01:41:30
753460,REP.VP.2012.HEINEMAN,Dave Heineman to be Republican VP nominee in 2012,99,0.4,Aug/01/2012 15:17:39
753460,REP.VP.2012.HEINEMAN,Dave Heineman to be Republican VP nominee in 2012,12,0.3,Aug/02/2012 16:04:29
753460,REP.VP.2012.HEINEMAN,Dave Heineman to be Republican VP nominee in 2012,100,0.3,Aug/02/2012 16:04:29
753460,REP.VP.2012.HEINEMAN,Dave Heineman to be Republican VP nominee in 2012,231,0.3,Aug/02/2012 22:49:49
753460,REP.VP.2012.HEINEMAN,Dave Heineman to be Republican VP nominee in 2012,100,0.4,Aug/02/2012 22:49:49
753460,REP.VP.2012.HEINEMAN,Dave Heineman to be Republican VP nominee in 2012,1,0.3,Aug/02/2012 22:49:49
753460,REP.VP.2012.HEINEMAN,Dave Heineman to be Republican VP nominee in 2012,1,0.4,Aug/02/2012 22:49:49
753460,REP.VP.2012.HEINEMAN,Dave Heineman to be Republican VP nominee in 2012,87,0.5,Aug/02/2012 22:50:09
753460,REP.VP.2012.HEINEMAN,Dave Heineman to be Republican VP nominee in 2012,1,0.5,Aug/02/2012 22:50:09
753460,REP.VP.2012.HEINEMAN,Dave Heineman to be Republican VP nominee in 2012,100,0.4,Aug/03/2012 16:01:58
753460,REP.VP.2012.HEINEMAN,Dave Heineman to be Republican VP nominee in 2012,1,0.4,Aug/03/2012 16:01:58
753460,REP.VP.2012.HEINEMAN,Dave Heineman to be Republican VP nominee in 2012,100,0.3,Aug/05/2012 17:06:29
753460,REP.VP.2012.HEINEMAN,Dave Heineman to be Republican VP nominee in 2012,50,0.3,Aug/05/2012 17:06:29
753460,REP.VP.2012.HEINEMAN,Dave Heineman to be Republican VP nominee in 2012,1,0.4,Aug/05/2012 23:13:16
753460,REP.VP.2012.HEINEMAN,Dave Heineman to be Republican VP nominee in 2012,13,0.4,Aug/05/2012 23:13:16
753460,REP.VP.2012.HEINEMAN,Dave Heineman to be Republican VP nominee in 2012,100,0.3,Aug/06/2012 20:24:44
753460,REP.VP.2012.HEINEMAN,Dave Heineman to be Republican VP nominee in 2012,2,0.8,Aug/07/2012 03:51:55
753460,REP.VP.2012.HEINEMAN,Dave Heineman to be Republican VP nominee in 2012,50,0.4,Aug/07/2012 03:51:55
753460,REP.VP.2012.HEINEMAN,Dave Heineman to be Republican VP nominee in 2012,100,0.5,Aug/07/2012 03:51:55
753460,REP.VP.2012.HEINEMAN,Dave Heineman to be Republican VP nominee in 2012,100,0.4,Aug/07/2012 03:51:55
753460,REP.VP.2012.HEINEMAN,Dave Heineman to be Republican VP nominee in 2012,100,0.8,Aug/07/2012 03:51:55
753460,REP.VP.2012.HEINEMAN,Dave Heineman to be Republican VP nominee in 2012,100,0.8,Aug/07/2012 03:51:55
753460,REP.VP.2012.HEINEMAN,Dave Heineman to be Republican VP nominee in 2012,100,0.5,Aug/07/2012 03:51:55
753460,REP.VP.2012.HEINEMAN,Dave Heineman to be Republican VP nominee in 2012,1,0.5,Aug/07/2012 03:51:55
753460,REP.VP.2012.HEINEMAN,Dave Heineman to be Republican VP nominee in 2012,1,0.6,Aug/07/2012 03:51:55
753460,REP.VP.2012.HEINEMAN,Dave Heineman to be Republican VP nominee in 2012,25,0.4,Aug/07/2012 03:51:55
753460,REP.VP.2012.HEINEMAN,Dave Heineman to be Republican VP nominee in 2012,1,0.4,Aug/07/2012 03:51:55
753460,REP.VP.2012.HEINEMAN,Dave Heineman to be Republican VP nominee in 2012,100,0.6,Aug/07/2012 03:51:55
753460,REP.VP.2012.HEINEMAN,Dave Heineman to be Republican VP nominee in 2012,70,1.0,Aug/07/2012 03:52:24
753460,REP.VP.2012.HEINEMAN,Dave Heineman to be Republican VP nominee in 2012,1,0.8,Aug/07/2012 13:41:28
753460,REP.VP.2012.HEINEMAN,Dave Heineman to be Republican VP nominee in 2012,100,0.4,Aug/07/2012 15:34:08
753460,REP.VP.2012.HEINEMAN,Dave Heineman to be Republican VP nominee in 2012,100,0.4,Aug/07/2012 20:46:55
753460,REP.VP.2012.HEINEMAN,Dave Heineman to be Republican VP nominee in 2012,150,0.7,Aug/07/2012 21:31:21
753460,REP.VP.2012.HEINEMAN,Dave Heineman to be Republican VP nominee in 2012,1,0.7,Aug/07/2012 21:31:21
753460,REP.VP.2012.HEINEMAN,Dave Heineman to be Republican VP nominee in 2012,1,0.4,Aug/07/2012 21:42:47
753460,REP.VP.2012.HEINEMAN,Dave Heineman to be Republican VP nominee in 2012,50,0.4,Aug/07/2012 21:43:12
753460,REP.VP.2012.HEINEMAN,Dave Heineman to be Republican VP nominee in 2012,49,0.4,Aug/07/2012 21:43:21
753460,REP.VP.2012.HEINEMAN,Dave Heineman to be Republican VP nominee in 2012,100,0.4,Aug/07/2012 22:09:26
753460,REP.VP.2012.HEINEMAN,Dave Heineman to be Republican VP nominee in 2012,6,0.4,Aug/08/2012 01:03:20
753460,REP.VP.2012.HEINEMAN,Dave Heineman to be Republican VP nominee in 2012,1,0.3,Aug/08/2012 13:03:03
753460,REP.VP.2012.HEINEMAN,Dave Heineman to be Republican VP nominee in 2012,5,0.3,Aug/08/2012 17:17:55
753460,REP.VP.2012.HEINEMAN,Dave Heineman to be Republican VP nominee in 2012,5,0.3,Aug/08/2012 17:17:55
753460,REP.VP.2012.HEINEMAN,Dave Heineman to be Republican VP nominee in 2012,1,0.3,Aug/08/2012 19:02:14
753460,REP.VP.2012.HEINEMAN,Dave Heineman to be Republican VP nominee in 2012,25,0.3,Aug/08/2012 19:02:14
753460,REP.VP.2012.HEINEMAN,Dave Heineman to be Republican VP nominee in 2012,25,0.3,Aug/08/2012 23:24:48
753460,REP.VP.2012.HEINEMAN,Dave Heineman to be Republican VP nominee in 2012,175,0.3,Aug/08/2012 23:24:48
753460,REP.VP.2012.HEINEMAN,Dave Heineman to be Republican VP nominee in 2012,50,0.4,Aug/09/2012 03:02:06
753460,REP.VP.2012.HEINEMAN,Dave Heineman to be Republican VP nominee in 2012,1,0.3,Aug/09/2012 08:41:02
753460,REP.VP.2012.HEINEMAN,Dave Heineman to be Republican VP nominee in 2012,124,0.3,Aug/09/2012 15:48:05
753460,REP.VP.2012.HEINEMAN,Dave Heineman to be Republican VP nominee in 2012,48,0.2,Aug/09/2012 15:48:42
753460,REP.VP.2012.HEINEMAN,Dave Heineman to be Republican VP nominee in 2012,3,0.2,Aug/09/2012 16:04:09
753460,REP.VP.2012.HEINEMAN,Dave Heineman to be Republican VP nominee in 2012,1,0.2,Aug/09/2012 18:27:38
753460,REP.VP.2012.HEINEMAN,Dave Heineman to be Republican VP nominee in 2012,5,0.2,Aug/09/2012 18:31:59
753460,REP.VP.2012.HEINEMAN,Dave Heineman to be Republican VP nominee in 2012,9,0.2,Aug/09/2012 18:35:31
753460,REP.VP.2012.HEINEMAN,Dave Heineman to be Republican VP nominee in 2012,25,0.3,Aug/09/2012 18:47:44
753460,REP.VP.2012.HEINEMAN,Dave Heineman to be Republican VP nominee in 2012,25,0.2,Aug/09/2012 22:28:32
753460,REP.VP.2012.HEINEMAN,Dave Heineman to be Republican VP nominee in 2012,434,0.2,Aug/09/2012 22:28:32
753460,REP.VP.2012.HEINEMAN,Dave Heineman to be Republican VP nominee in 2012,500,0.2,Aug/10/2012 02:46:20
753460,REP.VP.2012.HEINEMAN,Dave Heineman to be Republican VP nominee in 2012,1,0.2,Aug/10/2012 03:04:07
753460,REP.VP.2012.HEINEMAN,Dave Heineman to be Republican VP nominee in 2012,41,0.2,Aug/10/2012 03:04:07
753460,REP.VP.2012.HEINEMAN,Dave Heineman to be Republican VP nominee in 2012,82,0.3,Aug/10/2012 03:04:07
753460,REP.VP.2012.HEINEMAN,Dave Heineman to be Republican VP nominee in 2012,100,0.3,Aug/10/2012 03:04:07
753460,REP.VP.2012.HEINEMAN,Dave Heineman to be Republican VP nominee in 2012,1,0.3,Aug/10/2012 03:04:07
753460,REP.VP.2012.HEINEMAN,Dave Heineman to be Republican VP nominee in 2012,75,0.3,Aug/10/2012 03:04:07
753460,REP.VP.2012.HEINEMAN,Dave Heineman to be Republican VP nominee in 2012,182,0.3,Aug/10/2012 03:04:25
753460,REP.VP.2012.HEINEMAN,Dave Heineman to be Republican VP nominee in 2012,100,0.3,Aug/10/2012 03:04:25
753460,REP.VP.2012.HEINEMAN,Dave Heineman to be Republican VP nominee in 2012,18,0.3,Aug/10/2012 03:04:25
753460,REP.VP.2012.HEINEMAN,Dave Heineman to be Republican VP nominee in 2012,100,0.2,Aug/10/2012 03:18:21
753460,REP.VP.2012.HEINEMAN,Dave Heineman to be Republican VP nominee in 2012,100,0.2,Aug/10/2012 03:23:19
753460,REP.VP.2012.HEINEMAN,Dave Heineman to be Republican VP nominee in 2012,50,0.2,Aug/10/2012 03:54:32
753460,REP.VP.2012.HEINEMAN,Dave Heineman to be Republican VP nominee in 2012,50,0.2,Aug/10/2012 04:13:16
753460,REP.VP.2012.HEINEMAN,Dave Heineman to be Republican VP nominee in 2012,5,0.2,Aug/10/2012 04:37:42
753460,REP.VP.2012.HEINEMAN,Dave Heineman to be Republican VP nominee in 2012,5,0.2,Aug/10/2012 04:52:36
753460,REP.VP.2012.HEINEMAN,Dave Heineman to be Republican VP nominee in 2012,18,0.3,Aug/10/2012 04:57:05
753460,REP.VP.2012.HEINEMAN,Dave Heineman to be Republican VP nominee in 2012,1,0.3,Aug/10/2012 04:57:05
753460,REP.VP.2012.HEINEMAN,Dave Heineman to be Republican VP nominee in 2012,80,0.3,Aug/10/2012 04:57:05
753460,REP.VP.2012.HEINEMAN,Dave Heineman to be Republican VP nominee in 2012,1,0.3,Aug/10/2012 05:05:53
753460,REP.VP.2012.HEINEMAN,Dave Heineman to be Republican VP nominee in 2012,100,0.2,Aug/10/2012 14:49:34
753460,REP.VP.2012.HEINEMAN,Dave Heineman to be Republican VP nominee in 2012,1,0.2,Aug/10/2012 15:22:05
753460,REP.VP.2012.HEINEMAN,Dave Heineman to be Republican VP nominee in 2012,89,0.2,Aug/10/2012 15:22:05
753460,REP.VP.2012.HEINEMAN,Dave Heineman to be Republican VP nominee in 2012,1,0.1,Aug/10/2012 15:42:59
753460,REP.VP.2012.HEINEMAN,Dave Heineman to be Republican VP nominee in 2012,11,0.2,Aug/10/2012 15:54:32
753460,REP.VP.2012.HEINEMAN,Dave Heineman to be Republican VP nominee in 2012,29,0.2,Aug/10/2012 15:54:32
753460,REP.VP.2012.HEINEMAN,Dave Heineman to be Republican VP nominee in 2012,1,0.1,Aug/10/2012 16:57:01
753460,REP.VP.2012.HEINEMAN,Dave Heineman to be Republican VP nominee in 2012,30,0.2,Aug/10/2012 19:10:28
753460,REP.VP.2012.HEINEMAN,Dave Heineman to be Republican VP nominee in 2012,1,0.2,Aug/10/2012 22:29:13
753460,REP.VP.2012.HEINEMAN,Dave Heineman to be Republican VP nominee in 2012,49,0.2,Aug/10/2012 22:29:13
753460,REP.VP.2012.HEINEMAN,Dave Heineman to be Republican VP nominee in 2012,1,0.2,Aug/10/2012 23:44:31
753460,REP.VP.2012.HEINEMAN,Dave Heineman to be Republican VP nominee in 2012,24,0.2,Aug/10/2012 23:44:31
753460,REP.VP.2012.HEINEMAN,Dave Heineman to be Republican VP nominee in 2012,3,0.1,Aug/11/2012 01:01:13
753460,REP.VP.2012.HEINEMAN,Dave Heineman to be Republican VP nominee in 2012,1,0.1,Aug/11/2012 02:18:36
753460,REP.VP.2012.HEINEMAN,Dave Heineman to be Republican VP nominee in 2012,50,0.2,Aug/11/2012 02:45:00
753460,REP.VP.2012.HEINEMAN,Dave Heineman to be Republican VP nominee in 2012,6,0.1,Aug/11/2012 03:18:01
753460,REP.VP.2012.HEINEMAN,Dave Heineman to be Republican VP nominee in 2012,65,0.1,Aug/11/2012 03:20:50
753460,REP.VP.2012.HEINEMAN,Dave Heineman to be Republican VP nominee in 2012,8,0.1,Aug/11/2012 03:21:11
753460,REP.VP.2012.HEINEMAN,Dave Heineman to be Republican VP nominee in 2012,68,0.1,Aug/11/2012 03:24:53
753460,REP.VP.2012.HEINEMAN,Dave Heineman to be Republican VP nominee in 2012,1,0.1,Aug/11/2012 03:26:25
753460,REP.VP.2012.HEINEMAN,Dave Heineman to be Republican VP nominee in 2012,31,0.1,Aug/11/2012 03:27:07
753460,REP.VP.2012.HEINEMAN,Dave Heineman to be Republican VP nominee in 2012,500,0.1,Aug/11/2012 03:55:48
753460,REP.VP.2012.HEINEMAN,Dave Heineman to be Republican VP nominee in 2012,5,0.1,Aug/11/2012 05:12:40
753460,REP.VP.2012.HEINEMAN,Dave Heineman to be Republican VP nominee in 2012,17,0.1,Aug/11/2012 20:58:58
753460,REP.VP.2012.HEINEMAN,Dave Heineman to be Republican VP nominee in 2012,175,0.1,Aug/12/2012 18:43:18
