market id,market symbol,market name,trade quantity,trade price,date/time [utc]
749798,IOWA.PAUL(RON),Ron Paul to win the 2012 Iowa Caucus,10,4.9,Jun/16/2011 11:04:49
749798,IOWA.PAUL(RON),Ron Paul to win the 2012 Iowa Caucus,1,3.0,Jun/17/2011 02:24:16
749798,IOWA.PAUL(RON),Ron Paul to win the 2012 Iowa Caucus,10,3.9,Jun/20/2011 00:27:04
749798,IOWA.PAUL(RON),Ron Paul to win the 2012 Iowa Caucus,10,3.9,Jun/21/2011 08:31:51
749798,IOWA.PAUL(RON),Ron Paul to win the 2012 Iowa Caucus,10,3.9,Jun/21/2011 15:11:14
749798,IOWA.PAUL(RON),Ron Paul to win the 2012 Iowa Caucus,10,3.9,Jun/22/2011 01:49:09
749798,IOWA.PAUL(RON),Ron Paul to win the 2012 Iowa Caucus,10,3.8,Jun/22/2011 01:49:09
749798,IOWA.PAUL(RON),Ron Paul to win the 2012 Iowa Caucus,10,3.7,Jun/22/2011 11:12:11
749798,IOWA.PAUL(RON),Ron Paul to win the 2012 Iowa Caucus,20,3.7,Jun/22/2011 13:44:36
749798,IOWA.PAUL(RON),Ron Paul to win the 2012 Iowa Caucus,10,4.5,Jun/24/2011 00:59:58
749798,IOWA.PAUL(RON),Ron Paul to win the 2012 Iowa Caucus,25,3.8,Jun/24/2011 23:28:48
749798,IOWA.PAUL(RON),Ron Paul to win the 2012 Iowa Caucus,10,4.0,Jun/27/2011 14:55:33
749798,IOWA.PAUL(RON),Ron Paul to win the 2012 Iowa Caucus,10,4.0,Jun/27/2011 14:55:48
749798,IOWA.PAUL(RON),Ron Paul to win the 2012 Iowa Caucus,2,3.8,Jun/27/2011 14:56:18
749798,IOWA.PAUL(RON),Ron Paul to win the 2012 Iowa Caucus,3,3.8,Jun/27/2011 14:57:13
749798,IOWA.PAUL(RON),Ron Paul to win the 2012 Iowa Caucus,2,4.0,Jun/27/2011 19:40:08
749798,IOWA.PAUL(RON),Ron Paul to win the 2012 Iowa Caucus,3,4.0,Jun/27/2011 19:40:34
749798,IOWA.PAUL(RON),Ron Paul to win the 2012 Iowa Caucus,4,4.0,Jun/27/2011 19:40:54
749798,IOWA.PAUL(RON),Ron Paul to win the 2012 Iowa Caucus,6,4.0,Jun/27/2011 19:41:24
749798,IOWA.PAUL(RON),Ron Paul to win the 2012 Iowa Caucus,9,4.2,Jun/27/2011 22:29:24
749798,IOWA.PAUL(RON),Ron Paul to win the 2012 Iowa Caucus,10,4.2,Jun/27/2011 22:30:05
749798,IOWA.PAUL(RON),Ron Paul to win the 2012 Iowa Caucus,1,4.2,Jun/27/2011 22:48:29
749798,IOWA.PAUL(RON),Ron Paul to win the 2012 Iowa Caucus,20,4.3,Jun/28/2011 05:03:57
749798,IOWA.PAUL(RON),Ron Paul to win the 2012 Iowa Caucus,1,3.5,Jun/28/2011 23:09:20
749798,IOWA.PAUL(RON),Ron Paul to win the 2012 Iowa Caucus,2,3.5,Jun/28/2011 23:09:44
749798,IOWA.PAUL(RON),Ron Paul to win the 2012 Iowa Caucus,2,3.5,Jun/28/2011 23:10:14
749798,IOWA.PAUL(RON),Ron Paul to win the 2012 Iowa Caucus,2,3.5,Jun/28/2011 23:37:47
749798,IOWA.PAUL(RON),Ron Paul to win the 2012 Iowa Caucus,13,3.5,Jun/28/2011 23:41:47
749798,IOWA.PAUL(RON),Ron Paul to win the 2012 Iowa Caucus,12,3.5,Jun/28/2011 23:41:58
749798,IOWA.PAUL(RON),Ron Paul to win the 2012 Iowa Caucus,1,3.5,Jun/29/2011 10:47:01
749798,IOWA.PAUL(RON),Ron Paul to win the 2012 Iowa Caucus,4,3.5,Jun/29/2011 10:47:27
749798,IOWA.PAUL(RON),Ron Paul to win the 2012 Iowa Caucus,3,3.5,Jun/29/2011 10:48:32
749798,IOWA.PAUL(RON),Ron Paul to win the 2012 Iowa Caucus,2,3.5,Jun/29/2011 10:48:32
749798,IOWA.PAUL(RON),Ron Paul to win the 2012 Iowa Caucus,20,4.5,Jun/29/2011 11:23:18
749798,IOWA.PAUL(RON),Ron Paul to win the 2012 Iowa Caucus,10,3.5,Jun/30/2011 22:52:55
749798,IOWA.PAUL(RON),Ron Paul to win the 2012 Iowa Caucus,6,3.5,Jun/30/2011 22:52:55
749798,IOWA.PAUL(RON),Ron Paul to win the 2012 Iowa Caucus,17,3.6,Jun/30/2011 22:57:08
749798,IOWA.PAUL(RON),Ron Paul to win the 2012 Iowa Caucus,15,3.7,Jun/30/2011 22:57:29
749798,IOWA.PAUL(RON),Ron Paul to win the 2012 Iowa Caucus,4,3.5,Jul/01/2011 16:28:26
749798,IOWA.PAUL(RON),Ron Paul to win the 2012 Iowa Caucus,6,3.5,Jul/01/2011 16:28:26
749798,IOWA.PAUL(RON),Ron Paul to win the 2012 Iowa Caucus,5,3.7,Jul/01/2011 16:28:26
749798,IOWA.PAUL(RON),Ron Paul to win the 2012 Iowa Caucus,10,3.5,Jul/01/2011 16:28:51
749798,IOWA.PAUL(RON),Ron Paul to win the 2012 Iowa Caucus,5,3.5,Jul/02/2011 19:11:07
749798,IOWA.PAUL(RON),Ron Paul to win the 2012 Iowa Caucus,5,3.6,Jul/02/2011 23:02:14
749798,IOWA.PAUL(RON),Ron Paul to win the 2012 Iowa Caucus,10,3.6,Jul/03/2011 16:21:57
749798,IOWA.PAUL(RON),Ron Paul to win the 2012 Iowa Caucus,4,3.5,Jul/03/2011 21:09:01
749798,IOWA.PAUL(RON),Ron Paul to win the 2012 Iowa Caucus,10,3.6,Jul/03/2011 22:35:31
749798,IOWA.PAUL(RON),Ron Paul to win the 2012 Iowa Caucus,8,3.6,Jul/03/2011 22:35:31
749798,IOWA.PAUL(RON),Ron Paul to win the 2012 Iowa Caucus,10,3.5,Jul/11/2011 19:50:02
749798,IOWA.PAUL(RON),Ron Paul to win the 2012 Iowa Caucus,2,3.6,Jul/13/2011 12:05:51
749798,IOWA.PAUL(RON),Ron Paul to win the 2012 Iowa Caucus,32,3.1,Jul/14/2011 04:36:40
749798,IOWA.PAUL(RON),Ron Paul to win the 2012 Iowa Caucus,20,3.0,Jul/14/2011 04:36:47
749798,IOWA.PAUL(RON),Ron Paul to win the 2012 Iowa Caucus,30,3.0,Jul/14/2011 04:36:52
749798,IOWA.PAUL(RON),Ron Paul to win the 2012 Iowa Caucus,20,3.0,Jul/14/2011 04:36:58
749798,IOWA.PAUL(RON),Ron Paul to win the 2012 Iowa Caucus,15,3.0,Jul/14/2011 04:37:07
749798,IOWA.PAUL(RON),Ron Paul to win the 2012 Iowa Caucus,1,3.0,Jul/14/2011 04:37:13
749798,IOWA.PAUL(RON),Ron Paul to win the 2012 Iowa Caucus,1,3.0,Jul/14/2011 04:37:17
749798,IOWA.PAUL(RON),Ron Paul to win the 2012 Iowa Caucus,1,3.0,Jul/14/2011 04:37:22
749798,IOWA.PAUL(RON),Ron Paul to win the 2012 Iowa Caucus,1,3.0,Jul/14/2011 04:37:27
749798,IOWA.PAUL(RON),Ron Paul to win the 2012 Iowa Caucus,1,3.0,Jul/14/2011 04:37:39
749798,IOWA.PAUL(RON),Ron Paul to win the 2012 Iowa Caucus,1,3.8,Jul/14/2011 04:37:45
749798,IOWA.PAUL(RON),Ron Paul to win the 2012 Iowa Caucus,1,5.8,Jul/14/2011 04:37:49
749798,IOWA.PAUL(RON),Ron Paul to win the 2012 Iowa Caucus,1,5.8,Jul/14/2011 04:37:53
749798,IOWA.PAUL(RON),Ron Paul to win the 2012 Iowa Caucus,1,5.8,Jul/14/2011 04:38:12
749798,IOWA.PAUL(RON),Ron Paul to win the 2012 Iowa Caucus,1,5.8,Jul/14/2011 04:38:19
749798,IOWA.PAUL(RON),Ron Paul to win the 2012 Iowa Caucus,15,3.0,Jul/15/2011 19:17:14
749798,IOWA.PAUL(RON),Ron Paul to win the 2012 Iowa Caucus,15,3.0,Jul/15/2011 19:17:24
749798,IOWA.PAUL(RON),Ron Paul to win the 2012 Iowa Caucus,5,3.0,Jul/15/2011 19:17:36
749798,IOWA.PAUL(RON),Ron Paul to win the 2012 Iowa Caucus,5,3.0,Jul/16/2011 01:44:00
749798,IOWA.PAUL(RON),Ron Paul to win the 2012 Iowa Caucus,10,3.0,Jul/16/2011 13:09:42
749798,IOWA.PAUL(RON),Ron Paul to win the 2012 Iowa Caucus,10,3.0,Jul/16/2011 13:09:42
749798,IOWA.PAUL(RON),Ron Paul to win the 2012 Iowa Caucus,20,3.0,Jul/16/2011 13:09:52
749798,IOWA.PAUL(RON),Ron Paul to win the 2012 Iowa Caucus,10,3.0,Jul/16/2011 13:10:02
749798,IOWA.PAUL(RON),Ron Paul to win the 2012 Iowa Caucus,1,3.9,Jul/17/2011 07:02:08
749798,IOWA.PAUL(RON),Ron Paul to win the 2012 Iowa Caucus,1,3.9,Jul/17/2011 07:02:08
749798,IOWA.PAUL(RON),Ron Paul to win the 2012 Iowa Caucus,1,3.9,Jul/17/2011 07:02:08
749798,IOWA.PAUL(RON),Ron Paul to win the 2012 Iowa Caucus,1,4.0,Jul/17/2011 15:22:56
749798,IOWA.PAUL(RON),Ron Paul to win the 2012 Iowa Caucus,1,4.4,Jul/17/2011 15:23:20
749798,IOWA.PAUL(RON),Ron Paul to win the 2012 Iowa Caucus,1,3.0,Jul/20/2011 14:35:58
749798,IOWA.PAUL(RON),Ron Paul to win the 2012 Iowa Caucus,2,3.5,Jul/31/2011 15:30:54
749798,IOWA.PAUL(RON),Ron Paul to win the 2012 Iowa Caucus,2,3.9,Aug/02/2011 19:57:42
749798,IOWA.PAUL(RON),Ron Paul to win the 2012 Iowa Caucus,13,5.8,Aug/02/2011 19:58:08
749798,IOWA.PAUL(RON),Ron Paul to win the 2012 Iowa Caucus,1,5.3,Aug/02/2011 19:58:08
749798,IOWA.PAUL(RON),Ron Paul to win the 2012 Iowa Caucus,1,5.7,Aug/02/2011 19:58:08
749798,IOWA.PAUL(RON),Ron Paul to win the 2012 Iowa Caucus,1,4.9,Aug/02/2011 19:58:08
749798,IOWA.PAUL(RON),Ron Paul to win the 2012 Iowa Caucus,1,4.0,Aug/02/2011 19:58:08
749798,IOWA.PAUL(RON),Ron Paul to win the 2012 Iowa Caucus,3,5.8,Aug/02/2011 19:58:31
749798,IOWA.PAUL(RON),Ron Paul to win the 2012 Iowa Caucus,1,5.8,Aug/02/2011 19:58:31
749798,IOWA.PAUL(RON),Ron Paul to win the 2012 Iowa Caucus,1,4.0,Aug/02/2011 20:05:51
749798,IOWA.PAUL(RON),Ron Paul to win the 2012 Iowa Caucus,1,4.5,Aug/03/2011 19:42:00
749798,IOWA.PAUL(RON),Ron Paul to win the 2012 Iowa Caucus,1,4.9,Aug/05/2011 00:17:34
749798,IOWA.PAUL(RON),Ron Paul to win the 2012 Iowa Caucus,8,3.5,Aug/05/2011 03:59:59
749798,IOWA.PAUL(RON),Ron Paul to win the 2012 Iowa Caucus,2,3.9,Aug/05/2011 03:59:59
749798,IOWA.PAUL(RON),Ron Paul to win the 2012 Iowa Caucus,21,6.4,Aug/05/2011 07:00:00
749798,IOWA.PAUL(RON),Ron Paul to win the 2012 Iowa Caucus,1,5.4,Aug/05/2011 07:00:00
749798,IOWA.PAUL(RON),Ron Paul to win the 2012 Iowa Caucus,1,5.9,Aug/05/2011 07:00:00
749798,IOWA.PAUL(RON),Ron Paul to win the 2012 Iowa Caucus,1,6.0,Aug/05/2011 07:00:00
749798,IOWA.PAUL(RON),Ron Paul to win the 2012 Iowa Caucus,1,4.9,Aug/05/2011 07:00:00
749798,IOWA.PAUL(RON),Ron Paul to win the 2012 Iowa Caucus,25,6.5,Aug/05/2011 11:05:27
749798,IOWA.PAUL(RON),Ron Paul to win the 2012 Iowa Caucus,1,5.9,Aug/08/2011 01:19:25
749798,IOWA.PAUL(RON),Ron Paul to win the 2012 Iowa Caucus,1,6.5,Aug/08/2011 01:19:38
749798,IOWA.PAUL(RON),Ron Paul to win the 2012 Iowa Caucus,1,6.9,Aug/08/2011 02:21:10
749798,IOWA.PAUL(RON),Ron Paul to win the 2012 Iowa Caucus,1,7.0,Aug/08/2011 02:21:23
749798,IOWA.PAUL(RON),Ron Paul to win the 2012 Iowa Caucus,1,7.5,Aug/08/2011 02:21:33
749798,IOWA.PAUL(RON),Ron Paul to win the 2012 Iowa Caucus,1,7.5,Aug/08/2011 17:44:26
749798,IOWA.PAUL(RON),Ron Paul to win the 2012 Iowa Caucus,1,7.9,Aug/08/2011 17:46:27
749798,IOWA.PAUL(RON),Ron Paul to win the 2012 Iowa Caucus,1,8.5,Aug/08/2011 17:47:06
749798,IOWA.PAUL(RON),Ron Paul to win the 2012 Iowa Caucus,1,8.9,Aug/08/2011 17:47:22
749798,IOWA.PAUL(RON),Ron Paul to win the 2012 Iowa Caucus,1,9.5,Aug/08/2011 17:47:47
749798,IOWA.PAUL(RON),Ron Paul to win the 2012 Iowa Caucus,20,10.0,Aug/08/2011 17:48:41
749798,IOWA.PAUL(RON),Ron Paul to win the 2012 Iowa Caucus,1,10.0,Aug/08/2011 17:53:04
749798,IOWA.PAUL(RON),Ron Paul to win the 2012 Iowa Caucus,1,10.0,Aug/08/2011 17:54:02
749798,IOWA.PAUL(RON),Ron Paul to win the 2012 Iowa Caucus,1,7.9,Aug/11/2011 15:38:32
749798,IOWA.PAUL(RON),Ron Paul to win the 2012 Iowa Caucus,1,8.9,Aug/11/2011 15:38:52
749798,IOWA.PAUL(RON),Ron Paul to win the 2012 Iowa Caucus,28,9.0,Aug/11/2011 15:39:14
749798,IOWA.PAUL(RON),Ron Paul to win the 2012 Iowa Caucus,50,10.0,Aug/11/2011 15:39:36
749798,IOWA.PAUL(RON),Ron Paul to win the 2012 Iowa Caucus,7,12.9,Aug/11/2011 15:40:02
749798,IOWA.PAUL(RON),Ron Paul to win the 2012 Iowa Caucus,150,13.7,Aug/11/2011 15:40:26
749798,IOWA.PAUL(RON),Ron Paul to win the 2012 Iowa Caucus,99,15.0,Aug/11/2011 15:40:48
749798,IOWA.PAUL(RON),Ron Paul to win the 2012 Iowa Caucus,1,13.5,Aug/11/2011 15:40:48
749798,IOWA.PAUL(RON),Ron Paul to win the 2012 Iowa Caucus,1,15.0,Aug/11/2011 15:41:14
749798,IOWA.PAUL(RON),Ron Paul to win the 2012 Iowa Caucus,100,15.0,Aug/11/2011 15:41:52
749798,IOWA.PAUL(RON),Ron Paul to win the 2012 Iowa Caucus,100,15.0,Aug/11/2011 16:39:59
749798,IOWA.PAUL(RON),Ron Paul to win the 2012 Iowa Caucus,50,25.0,Aug/11/2011 18:51:02
749798,IOWA.PAUL(RON),Ron Paul to win the 2012 Iowa Caucus,1,30.0,Aug/11/2011 18:51:22
749798,IOWA.PAUL(RON),Ron Paul to win the 2012 Iowa Caucus,6,15.0,Aug/12/2011 02:15:31
749798,IOWA.PAUL(RON),Ron Paul to win the 2012 Iowa Caucus,8,15.0,Aug/12/2011 02:17:27
749798,IOWA.PAUL(RON),Ron Paul to win the 2012 Iowa Caucus,3,17.5,Aug/12/2011 03:20:59
749798,IOWA.PAUL(RON),Ron Paul to win the 2012 Iowa Caucus,30,19.8,Aug/12/2011 03:21:35
749798,IOWA.PAUL(RON),Ron Paul to win the 2012 Iowa Caucus,1,19.9,Aug/12/2011 03:21:45
749798,IOWA.PAUL(RON),Ron Paul to win the 2012 Iowa Caucus,1,22.9,Aug/12/2011 03:21:55
749798,IOWA.PAUL(RON),Ron Paul to win the 2012 Iowa Caucus,1,24.9,Aug/12/2011 03:22:08
749798,IOWA.PAUL(RON),Ron Paul to win the 2012 Iowa Caucus,1,30.0,Aug/12/2011 03:22:17
749798,IOWA.PAUL(RON),Ron Paul to win the 2012 Iowa Caucus,1,22.9,Aug/12/2011 08:54:22
749798,IOWA.PAUL(RON),Ron Paul to win the 2012 Iowa Caucus,9,24.0,Aug/12/2011 13:56:34
749798,IOWA.PAUL(RON),Ron Paul to win the 2012 Iowa Caucus,20,23.0,Aug/12/2011 14:07:09
749798,IOWA.PAUL(RON),Ron Paul to win the 2012 Iowa Caucus,9,25.0,Aug/12/2011 21:41:03
749798,IOWA.PAUL(RON),Ron Paul to win the 2012 Iowa Caucus,21,25.0,Aug/12/2011 22:02:20
749798,IOWA.PAUL(RON),Ron Paul to win the 2012 Iowa Caucus,1,25.9,Aug/12/2011 22:02:35
749798,IOWA.PAUL(RON),Ron Paul to win the 2012 Iowa Caucus,1,27.5,Aug/12/2011 22:02:46
749798,IOWA.PAUL(RON),Ron Paul to win the 2012 Iowa Caucus,30,28.0,Aug/12/2011 22:03:02
749798,IOWA.PAUL(RON),Ron Paul to win the 2012 Iowa Caucus,1,29.0,Aug/12/2011 22:03:11
749798,IOWA.PAUL(RON),Ron Paul to win the 2012 Iowa Caucus,15,29.8,Aug/12/2011 22:03:22
749798,IOWA.PAUL(RON),Ron Paul to win the 2012 Iowa Caucus,1,29.9,Aug/12/2011 22:03:30
749798,IOWA.PAUL(RON),Ron Paul to win the 2012 Iowa Caucus,1,30.0,Aug/12/2011 22:03:55
749798,IOWA.PAUL(RON),Ron Paul to win the 2012 Iowa Caucus,1,35.0,Aug/12/2011 22:04:15
749798,IOWA.PAUL(RON),Ron Paul to win the 2012 Iowa Caucus,1,32.0,Aug/12/2011 22:58:33
749798,IOWA.PAUL(RON),Ron Paul to win the 2012 Iowa Caucus,33,30.0,Aug/12/2011 23:38:17
749798,IOWA.PAUL(RON),Ron Paul to win the 2012 Iowa Caucus,1,34.9,Aug/12/2011 23:39:05
749798,IOWA.PAUL(RON),Ron Paul to win the 2012 Iowa Caucus,13,30.0,Aug/13/2011 00:28:10
749798,IOWA.PAUL(RON),Ron Paul to win the 2012 Iowa Caucus,1,25.0,Aug/13/2011 20:37:54
749798,IOWA.PAUL(RON),Ron Paul to win the 2012 Iowa Caucus,1,15.0,Aug/13/2011 21:50:17
749798,IOWA.PAUL(RON),Ron Paul to win the 2012 Iowa Caucus,4,14.0,Aug/14/2011 00:01:22
749798,IOWA.PAUL(RON),Ron Paul to win the 2012 Iowa Caucus,1,15.0,Aug/14/2011 00:01:22
749798,IOWA.PAUL(RON),Ron Paul to win the 2012 Iowa Caucus,3,9.0,Aug/14/2011 00:35:06
749798,IOWA.PAUL(RON),Ron Paul to win the 2012 Iowa Caucus,3,7.5,Aug/14/2011 00:35:46
749798,IOWA.PAUL(RON),Ron Paul to win the 2012 Iowa Caucus,3,6.1,Aug/14/2011 00:36:39
749798,IOWA.PAUL(RON),Ron Paul to win the 2012 Iowa Caucus,2,6.0,Aug/14/2011 00:37:06
749798,IOWA.PAUL(RON),Ron Paul to win the 2012 Iowa Caucus,1,8.0,Aug/14/2011 19:55:38
749798,IOWA.PAUL(RON),Ron Paul to win the 2012 Iowa Caucus,1,8.0,Aug/14/2011 20:05:27
749798,IOWA.PAUL(RON),Ron Paul to win the 2012 Iowa Caucus,4,12.0,Aug/15/2011 21:39:34
749798,IOWA.PAUL(RON),Ron Paul to win the 2012 Iowa Caucus,5,16.0,Aug/15/2011 22:11:15
749798,IOWA.PAUL(RON),Ron Paul to win the 2012 Iowa Caucus,1,17.0,Aug/15/2011 22:18:10
749798,IOWA.PAUL(RON),Ron Paul to win the 2012 Iowa Caucus,1,12.0,Aug/16/2011 01:48:05
749798,IOWA.PAUL(RON),Ron Paul to win the 2012 Iowa Caucus,1,17.0,Aug/16/2011 08:46:19
749798,IOWA.PAUL(RON),Ron Paul to win the 2012 Iowa Caucus,1,16.9,Aug/17/2011 21:37:27
749798,IOWA.PAUL(RON),Ron Paul to win the 2012 Iowa Caucus,1,11.0,Aug/17/2011 22:51:21
749798,IOWA.PAUL(RON),Ron Paul to win the 2012 Iowa Caucus,3,8.0,Aug/19/2011 18:46:23
749798,IOWA.PAUL(RON),Ron Paul to win the 2012 Iowa Caucus,2,8.1,Aug/19/2011 18:46:23
749798,IOWA.PAUL(RON),Ron Paul to win the 2012 Iowa Caucus,1,8.0,Aug/19/2011 18:46:23
749798,IOWA.PAUL(RON),Ron Paul to win the 2012 Iowa Caucus,14,8.0,Aug/19/2011 18:46:23
749798,IOWA.PAUL(RON),Ron Paul to win the 2012 Iowa Caucus,6,8.0,Aug/19/2011 20:01:18
749798,IOWA.PAUL(RON),Ron Paul to win the 2012 Iowa Caucus,14,8.0,Aug/19/2011 20:01:18
749798,IOWA.PAUL(RON),Ron Paul to win the 2012 Iowa Caucus,5,11.0,Aug/20/2011 01:53:20
749798,IOWA.PAUL(RON),Ron Paul to win the 2012 Iowa Caucus,1,11.0,Aug/20/2011 03:26:39
749798,IOWA.PAUL(RON),Ron Paul to win the 2012 Iowa Caucus,1,11.0,Aug/20/2011 03:49:24
749798,IOWA.PAUL(RON),Ron Paul to win the 2012 Iowa Caucus,3,11.0,Aug/20/2011 03:50:29
749798,IOWA.PAUL(RON),Ron Paul to win the 2012 Iowa Caucus,1,8.1,Aug/20/2011 15:28:47
749798,IOWA.PAUL(RON),Ron Paul to win the 2012 Iowa Caucus,1,8.1,Aug/20/2011 15:41:07
749798,IOWA.PAUL(RON),Ron Paul to win the 2012 Iowa Caucus,9,8.1,Aug/20/2011 15:41:37
749798,IOWA.PAUL(RON),Ron Paul to win the 2012 Iowa Caucus,6,8.0,Aug/20/2011 15:42:06
749798,IOWA.PAUL(RON),Ron Paul to win the 2012 Iowa Caucus,4,8.0,Aug/20/2011 15:42:06
749798,IOWA.PAUL(RON),Ron Paul to win the 2012 Iowa Caucus,1,8.1,Aug/20/2011 15:47:47
749798,IOWA.PAUL(RON),Ron Paul to win the 2012 Iowa Caucus,14,8.0,Aug/21/2011 04:05:59
749798,IOWA.PAUL(RON),Ron Paul to win the 2012 Iowa Caucus,2,8.0,Aug/21/2011 12:37:39
749798,IOWA.PAUL(RON),Ron Paul to win the 2012 Iowa Caucus,30,8.0,Aug/21/2011 12:37:39
749798,IOWA.PAUL(RON),Ron Paul to win the 2012 Iowa Caucus,8,8.1,Aug/23/2011 11:14:15
749798,IOWA.PAUL(RON),Ron Paul to win the 2012 Iowa Caucus,3,8.1,Aug/23/2011 17:38:40
749798,IOWA.PAUL(RON),Ron Paul to win the 2012 Iowa Caucus,1,8.1,Aug/23/2011 17:51:27
749798,IOWA.PAUL(RON),Ron Paul to win the 2012 Iowa Caucus,5,8.1,Aug/24/2011 01:50:59
749798,IOWA.PAUL(RON),Ron Paul to win the 2012 Iowa Caucus,1,8.1,Aug/24/2011 01:50:59
749798,IOWA.PAUL(RON),Ron Paul to win the 2012 Iowa Caucus,5,8.5,Aug/25/2011 21:41:35
749798,IOWA.PAUL(RON),Ron Paul to win the 2012 Iowa Caucus,1,8.4,Aug/26/2011 08:25:08
749798,IOWA.PAUL(RON),Ron Paul to win the 2012 Iowa Caucus,1,8.4,Aug/27/2011 19:40:22
749798,IOWA.PAUL(RON),Ron Paul to win the 2012 Iowa Caucus,5,10.0,Aug/28/2011 18:00:09
749798,IOWA.PAUL(RON),Ron Paul to win the 2012 Iowa Caucus,12,10.0,Aug/28/2011 18:00:09
749798,IOWA.PAUL(RON),Ron Paul to win the 2012 Iowa Caucus,1,10.0,Aug/28/2011 18:00:09
749798,IOWA.PAUL(RON),Ron Paul to win the 2012 Iowa Caucus,5,9.0,Aug/28/2011 19:12:28
749798,IOWA.PAUL(RON),Ron Paul to win the 2012 Iowa Caucus,5,9.0,Aug/28/2011 19:13:38
749798,IOWA.PAUL(RON),Ron Paul to win the 2012 Iowa Caucus,3,8.6,Aug/30/2011 21:50:52
749798,IOWA.PAUL(RON),Ron Paul to win the 2012 Iowa Caucus,1,9.0,Aug/31/2011 18:48:00
749798,IOWA.PAUL(RON),Ron Paul to win the 2012 Iowa Caucus,4,9.0,Sep/01/2011 14:11:53
749798,IOWA.PAUL(RON),Ron Paul to win the 2012 Iowa Caucus,1,8.5,Sep/02/2011 01:29:53
749798,IOWA.PAUL(RON),Ron Paul to win the 2012 Iowa Caucus,2,8.2,Sep/04/2011 15:56:03
749798,IOWA.PAUL(RON),Ron Paul to win the 2012 Iowa Caucus,3,8.3,Sep/04/2011 15:56:03
749798,IOWA.PAUL(RON),Ron Paul to win the 2012 Iowa Caucus,2,12.0,Sep/07/2011 14:17:11
749798,IOWA.PAUL(RON),Ron Paul to win the 2012 Iowa Caucus,2,9.0,Sep/08/2011 20:30:58
749798,IOWA.PAUL(RON),Ron Paul to win the 2012 Iowa Caucus,6,9.0,Sep/08/2011 20:39:32
749798,IOWA.PAUL(RON),Ron Paul to win the 2012 Iowa Caucus,2,9.0,Sep/08/2011 20:54:15
749798,IOWA.PAUL(RON),Ron Paul to win the 2012 Iowa Caucus,25,9.0,Sep/08/2011 20:54:15
749798,IOWA.PAUL(RON),Ron Paul to win the 2012 Iowa Caucus,5,10.1,Sep/09/2011 16:15:57
749798,IOWA.PAUL(RON),Ron Paul to win the 2012 Iowa Caucus,11,10.1,Sep/09/2011 19:28:06
749798,IOWA.PAUL(RON),Ron Paul to win the 2012 Iowa Caucus,3,9.0,Sep/10/2011 04:46:53
749798,IOWA.PAUL(RON),Ron Paul to win the 2012 Iowa Caucus,12,10.0,Sep/10/2011 11:00:37
749798,IOWA.PAUL(RON),Ron Paul to win the 2012 Iowa Caucus,1,10.0,Sep/10/2011 11:00:37
749798,IOWA.PAUL(RON),Ron Paul to win the 2012 Iowa Caucus,17,10.0,Sep/10/2011 11:01:45
749798,IOWA.PAUL(RON),Ron Paul to win the 2012 Iowa Caucus,2,9.0,Sep/13/2011 02:04:53
749798,IOWA.PAUL(RON),Ron Paul to win the 2012 Iowa Caucus,10,9.0,Sep/13/2011 02:04:53
749798,IOWA.PAUL(RON),Ron Paul to win the 2012 Iowa Caucus,17,10.0,Sep/15/2011 15:24:49
749798,IOWA.PAUL(RON),Ron Paul to win the 2012 Iowa Caucus,2,6.0,Sep/15/2011 18:51:25
749798,IOWA.PAUL(RON),Ron Paul to win the 2012 Iowa Caucus,1,6.0,Sep/18/2011 14:09:44
749798,IOWA.PAUL(RON),Ron Paul to win the 2012 Iowa Caucus,1,6.0,Sep/18/2011 14:10:29
749798,IOWA.PAUL(RON),Ron Paul to win the 2012 Iowa Caucus,8,6.0,Sep/18/2011 14:10:54
749798,IOWA.PAUL(RON),Ron Paul to win the 2012 Iowa Caucus,3,6.0,Sep/18/2011 15:40:34
749798,IOWA.PAUL(RON),Ron Paul to win the 2012 Iowa Caucus,20,6.0,Sep/18/2011 15:41:08
749798,IOWA.PAUL(RON),Ron Paul to win the 2012 Iowa Caucus,24,6.0,Sep/18/2011 15:41:28
749798,IOWA.PAUL(RON),Ron Paul to win the 2012 Iowa Caucus,6,6.0,Sep/18/2011 15:42:03
749798,IOWA.PAUL(RON),Ron Paul to win the 2012 Iowa Caucus,15,6.0,Sep/18/2011 18:57:12
749798,IOWA.PAUL(RON),Ron Paul to win the 2012 Iowa Caucus,1,6.7,Sep/22/2011 14:27:54
749798,IOWA.PAUL(RON),Ron Paul to win the 2012 Iowa Caucus,3,8.9,Sep/23/2011 21:58:04
749798,IOWA.PAUL(RON),Ron Paul to win the 2012 Iowa Caucus,1,8.9,Sep/23/2011 21:58:04
749798,IOWA.PAUL(RON),Ron Paul to win the 2012 Iowa Caucus,1,9.0,Sep/26/2011 15:48:22
749798,IOWA.PAUL(RON),Ron Paul to win the 2012 Iowa Caucus,1,9.0,Sep/27/2011 03:16:16
749798,IOWA.PAUL(RON),Ron Paul to win the 2012 Iowa Caucus,1,9.0,Sep/27/2011 16:38:03
749798,IOWA.PAUL(RON),Ron Paul to win the 2012 Iowa Caucus,1,9.0,Sep/27/2011 16:38:48
749798,IOWA.PAUL(RON),Ron Paul to win the 2012 Iowa Caucus,1,9.0,Sep/27/2011 16:39:23
749798,IOWA.PAUL(RON),Ron Paul to win the 2012 Iowa Caucus,1,9.0,Sep/27/2011 16:40:08
749798,IOWA.PAUL(RON),Ron Paul to win the 2012 Iowa Caucus,10,10.0,Sep/29/2011 07:10:55
749798,IOWA.PAUL(RON),Ron Paul to win the 2012 Iowa Caucus,1,10.0,Sep/29/2011 07:10:55
749798,IOWA.PAUL(RON),Ron Paul to win the 2012 Iowa Caucus,1,9.4,Sep/29/2011 14:09:58
749798,IOWA.PAUL(RON),Ron Paul to win the 2012 Iowa Caucus,1,10.0,Oct/02/2011 19:06:15
749798,IOWA.PAUL(RON),Ron Paul to win the 2012 Iowa Caucus,1,10.0,Oct/02/2011 19:06:15
749798,IOWA.PAUL(RON),Ron Paul to win the 2012 Iowa Caucus,1,9.4,Oct/04/2011 04:53:56
749798,IOWA.PAUL(RON),Ron Paul to win the 2012 Iowa Caucus,1,8.0,Oct/04/2011 04:54:44
749798,IOWA.PAUL(RON),Ron Paul to win the 2012 Iowa Caucus,54,6.5,Oct/04/2011 04:56:21
749798,IOWA.PAUL(RON),Ron Paul to win the 2012 Iowa Caucus,4,6.2,Oct/05/2011 00:01:49
749798,IOWA.PAUL(RON),Ron Paul to win the 2012 Iowa Caucus,7,6.0,Oct/05/2011 00:03:40
749798,IOWA.PAUL(RON),Ron Paul to win the 2012 Iowa Caucus,1,6.2,Oct/05/2011 00:03:40
749798,IOWA.PAUL(RON),Ron Paul to win the 2012 Iowa Caucus,1,6.0,Oct/05/2011 00:04:05
749798,IOWA.PAUL(RON),Ron Paul to win the 2012 Iowa Caucus,15,6.5,Oct/07/2011 05:31:49
749798,IOWA.PAUL(RON),Ron Paul to win the 2012 Iowa Caucus,2,6.5,Oct/07/2011 05:31:49
749798,IOWA.PAUL(RON),Ron Paul to win the 2012 Iowa Caucus,8,8.0,Oct/13/2011 12:41:33
749798,IOWA.PAUL(RON),Ron Paul to win the 2012 Iowa Caucus,1,8.0,Oct/13/2011 18:54:02
749798,IOWA.PAUL(RON),Ron Paul to win the 2012 Iowa Caucus,7,8.0,Oct/13/2011 18:55:55
749798,IOWA.PAUL(RON),Ron Paul to win the 2012 Iowa Caucus,5,8.0,Oct/14/2011 17:08:51
749798,IOWA.PAUL(RON),Ron Paul to win the 2012 Iowa Caucus,1,8.0,Oct/14/2011 17:08:51
749798,IOWA.PAUL(RON),Ron Paul to win the 2012 Iowa Caucus,10,9.5,Oct/15/2011 00:30:31
749798,IOWA.PAUL(RON),Ron Paul to win the 2012 Iowa Caucus,1,9.5,Oct/15/2011 00:30:31
749798,IOWA.PAUL(RON),Ron Paul to win the 2012 Iowa Caucus,5,9.0,Oct/17/2011 08:34:52
749798,IOWA.PAUL(RON),Ron Paul to win the 2012 Iowa Caucus,1,6.5,Oct/17/2011 14:38:01
749798,IOWA.PAUL(RON),Ron Paul to win the 2012 Iowa Caucus,5,10.0,Oct/21/2011 14:36:31
749798,IOWA.PAUL(RON),Ron Paul to win the 2012 Iowa Caucus,1,10.0,Oct/21/2011 14:36:31
749798,IOWA.PAUL(RON),Ron Paul to win the 2012 Iowa Caucus,30,9.9,Oct/21/2011 19:02:30
749798,IOWA.PAUL(RON),Ron Paul to win the 2012 Iowa Caucus,5,10.9,Oct/22/2011 02:21:28
749798,IOWA.PAUL(RON),Ron Paul to win the 2012 Iowa Caucus,1,10.9,Oct/22/2011 02:21:28
749798,IOWA.PAUL(RON),Ron Paul to win the 2012 Iowa Caucus,8,10.9,Oct/22/2011 04:09:49
749798,IOWA.PAUL(RON),Ron Paul to win the 2012 Iowa Caucus,4,10.9,Oct/22/2011 07:01:36
749798,IOWA.PAUL(RON),Ron Paul to win the 2012 Iowa Caucus,1,10.9,Oct/22/2011 07:02:10
749798,IOWA.PAUL(RON),Ron Paul to win the 2012 Iowa Caucus,6,10.9,Oct/22/2011 07:41:04
749798,IOWA.PAUL(RON),Ron Paul to win the 2012 Iowa Caucus,5,11.1,Oct/22/2011 14:45:21
749798,IOWA.PAUL(RON),Ron Paul to win the 2012 Iowa Caucus,1,11.1,Oct/22/2011 14:45:21
749798,IOWA.PAUL(RON),Ron Paul to win the 2012 Iowa Caucus,5,11.5,Oct/22/2011 14:45:39
749798,IOWA.PAUL(RON),Ron Paul to win the 2012 Iowa Caucus,3,7.2,Oct/22/2011 14:55:50
749798,IOWA.PAUL(RON),Ron Paul to win the 2012 Iowa Caucus,10,11.6,Oct/22/2011 21:12:44
749798,IOWA.PAUL(RON),Ron Paul to win the 2012 Iowa Caucus,1,11.6,Oct/22/2011 21:12:44
749798,IOWA.PAUL(RON),Ron Paul to win the 2012 Iowa Caucus,1,7.3,Oct/23/2011 07:42:16
749798,IOWA.PAUL(RON),Ron Paul to win the 2012 Iowa Caucus,1,7.3,Oct/23/2011 07:51:33
749798,IOWA.PAUL(RON),Ron Paul to win the 2012 Iowa Caucus,1,8.5,Oct/23/2011 11:45:10
749798,IOWA.PAUL(RON),Ron Paul to win the 2012 Iowa Caucus,13,8.5,Oct/23/2011 12:27:01
749798,IOWA.PAUL(RON),Ron Paul to win the 2012 Iowa Caucus,5,10.5,Oct/23/2011 19:07:19
749798,IOWA.PAUL(RON),Ron Paul to win the 2012 Iowa Caucus,1,10.5,Oct/23/2011 19:07:19
749798,IOWA.PAUL(RON),Ron Paul to win the 2012 Iowa Caucus,2,8.6,Oct/24/2011 16:24:30
749798,IOWA.PAUL(RON),Ron Paul to win the 2012 Iowa Caucus,1,8.6,Oct/24/2011 19:16:43
749798,IOWA.PAUL(RON),Ron Paul to win the 2012 Iowa Caucus,5,10.5,Oct/24/2011 22:00:16
749798,IOWA.PAUL(RON),Ron Paul to win the 2012 Iowa Caucus,1,10.5,Oct/24/2011 22:00:16
749798,IOWA.PAUL(RON),Ron Paul to win the 2012 Iowa Caucus,1,8.6,Oct/25/2011 01:39:26
749798,IOWA.PAUL(RON),Ron Paul to win the 2012 Iowa Caucus,1,8.6,Oct/25/2011 01:39:41
749798,IOWA.PAUL(RON),Ron Paul to win the 2012 Iowa Caucus,3,8.5,Oct/25/2011 01:47:10
749798,IOWA.PAUL(RON),Ron Paul to win the 2012 Iowa Caucus,3,8.6,Oct/25/2011 16:08:58
749798,IOWA.PAUL(RON),Ron Paul to win the 2012 Iowa Caucus,5,8.6,Oct/25/2011 20:45:00
749798,IOWA.PAUL(RON),Ron Paul to win the 2012 Iowa Caucus,2,8.6,Oct/25/2011 21:17:33
749798,IOWA.PAUL(RON),Ron Paul to win the 2012 Iowa Caucus,3,9.7,Oct/25/2011 22:57:12
749798,IOWA.PAUL(RON),Ron Paul to win the 2012 Iowa Caucus,17,9.7,Oct/26/2011 01:23:11
749798,IOWA.PAUL(RON),Ron Paul to win the 2012 Iowa Caucus,1,9.7,Oct/26/2011 01:23:11
749798,IOWA.PAUL(RON),Ron Paul to win the 2012 Iowa Caucus,8,9.9,Oct/26/2011 01:23:16
749798,IOWA.PAUL(RON),Ron Paul to win the 2012 Iowa Caucus,3,10.0,Oct/26/2011 01:23:25
749798,IOWA.PAUL(RON),Ron Paul to win the 2012 Iowa Caucus,2,10.0,Oct/26/2011 01:23:32
749798,IOWA.PAUL(RON),Ron Paul to win the 2012 Iowa Caucus,2,10.2,Oct/26/2011 01:24:13
749798,IOWA.PAUL(RON),Ron Paul to win the 2012 Iowa Caucus,3,8.5,Oct/26/2011 21:32:15
749798,IOWA.PAUL(RON),Ron Paul to win the 2012 Iowa Caucus,5,8.6,Oct/26/2011 21:32:15
749798,IOWA.PAUL(RON),Ron Paul to win the 2012 Iowa Caucus,2,8.5,Oct/26/2011 23:56:14
749798,IOWA.PAUL(RON),Ron Paul to win the 2012 Iowa Caucus,1,8.5,Oct/26/2011 23:56:14
749798,IOWA.PAUL(RON),Ron Paul to win the 2012 Iowa Caucus,5,8.5,Oct/27/2011 09:12:33
749798,IOWA.PAUL(RON),Ron Paul to win the 2012 Iowa Caucus,1,8.5,Oct/27/2011 09:12:33
749798,IOWA.PAUL(RON),Ron Paul to win the 2012 Iowa Caucus,1,10.9,Oct/27/2011 09:23:48
749798,IOWA.PAUL(RON),Ron Paul to win the 2012 Iowa Caucus,1,10.9,Oct/27/2011 09:23:48
749798,IOWA.PAUL(RON),Ron Paul to win the 2012 Iowa Caucus,9,12.0,Oct/27/2011 09:24:15
749798,IOWA.PAUL(RON),Ron Paul to win the 2012 Iowa Caucus,5,8.0,Oct/27/2011 17:25:03
749798,IOWA.PAUL(RON),Ron Paul to win the 2012 Iowa Caucus,1,8.0,Oct/27/2011 21:13:29
749798,IOWA.PAUL(RON),Ron Paul to win the 2012 Iowa Caucus,4,8.0,Oct/27/2011 23:30:06
749798,IOWA.PAUL(RON),Ron Paul to win the 2012 Iowa Caucus,1,8.0,Oct/27/2011 23:30:06
749798,IOWA.PAUL(RON),Ron Paul to win the 2012 Iowa Caucus,5,8.0,Oct/27/2011 23:30:06
749798,IOWA.PAUL(RON),Ron Paul to win the 2012 Iowa Caucus,5,9.0,Oct/27/2011 23:30:28
749798,IOWA.PAUL(RON),Ron Paul to win the 2012 Iowa Caucus,1,7.6,Oct/28/2011 14:08:42
749798,IOWA.PAUL(RON),Ron Paul to win the 2012 Iowa Caucus,1,7.9,Oct/28/2011 23:07:54
749798,IOWA.PAUL(RON),Ron Paul to win the 2012 Iowa Caucus,1,7.9,Oct/28/2011 23:07:54
749798,IOWA.PAUL(RON),Ron Paul to win the 2012 Iowa Caucus,10,8.0,Oct/28/2011 23:08:08
749798,IOWA.PAUL(RON),Ron Paul to win the 2012 Iowa Caucus,2,8.9,Oct/29/2011 02:56:46
749798,IOWA.PAUL(RON),Ron Paul to win the 2012 Iowa Caucus,1,8.9,Oct/29/2011 02:56:46
749798,IOWA.PAUL(RON),Ron Paul to win the 2012 Iowa Caucus,2,9.0,Oct/29/2011 02:57:05
749798,IOWA.PAUL(RON),Ron Paul to win the 2012 Iowa Caucus,1,9.0,Oct/30/2011 11:33:21
749798,IOWA.PAUL(RON),Ron Paul to win the 2012 Iowa Caucus,11,12.0,Oct/31/2011 00:35:42
749798,IOWA.PAUL(RON),Ron Paul to win the 2012 Iowa Caucus,1,12.0,Oct/31/2011 00:35:42
749798,IOWA.PAUL(RON),Ron Paul to win the 2012 Iowa Caucus,4,12.0,Oct/31/2011 03:24:35
749798,IOWA.PAUL(RON),Ron Paul to win the 2012 Iowa Caucus,1,12.0,Oct/31/2011 04:28:44
749798,IOWA.PAUL(RON),Ron Paul to win the 2012 Iowa Caucus,2,14.0,Oct/31/2011 08:09:50
749798,IOWA.PAUL(RON),Ron Paul to win the 2012 Iowa Caucus,2,12.0,Oct/31/2011 17:55:33
749798,IOWA.PAUL(RON),Ron Paul to win the 2012 Iowa Caucus,1,8.0,Oct/31/2011 18:33:51
749798,IOWA.PAUL(RON),Ron Paul to win the 2012 Iowa Caucus,5,10.0,Oct/31/2011 20:15:42
749798,IOWA.PAUL(RON),Ron Paul to win the 2012 Iowa Caucus,3,12.0,Oct/31/2011 20:29:18
749798,IOWA.PAUL(RON),Ron Paul to win the 2012 Iowa Caucus,1,12.0,Oct/31/2011 20:29:18
749798,IOWA.PAUL(RON),Ron Paul to win the 2012 Iowa Caucus,5,13.0,Oct/31/2011 20:29:55
749798,IOWA.PAUL(RON),Ron Paul to win the 2012 Iowa Caucus,4,8.0,Nov/01/2011 14:14:10
749798,IOWA.PAUL(RON),Ron Paul to win the 2012 Iowa Caucus,2,9.0,Nov/02/2011 00:52:08
749798,IOWA.PAUL(RON),Ron Paul to win the 2012 Iowa Caucus,1,7.6,Nov/02/2011 15:28:33
749798,IOWA.PAUL(RON),Ron Paul to win the 2012 Iowa Caucus,7,7.6,Nov/02/2011 15:28:33
749798,IOWA.PAUL(RON),Ron Paul to win the 2012 Iowa Caucus,11,7.7,Nov/02/2011 15:28:33
749798,IOWA.PAUL(RON),Ron Paul to win the 2012 Iowa Caucus,10,8.0,Nov/02/2011 16:25:15
749798,IOWA.PAUL(RON),Ron Paul to win the 2012 Iowa Caucus,5,7.6,Nov/02/2011 19:18:11
749798,IOWA.PAUL(RON),Ron Paul to win the 2012 Iowa Caucus,5,7.7,Nov/02/2011 19:18:11
749798,IOWA.PAUL(RON),Ron Paul to win the 2012 Iowa Caucus,10,8.0,Nov/02/2011 19:19:39
749798,IOWA.PAUL(RON),Ron Paul to win the 2012 Iowa Caucus,1,8.0,Nov/02/2011 19:35:03
749798,IOWA.PAUL(RON),Ron Paul to win the 2012 Iowa Caucus,5,8.0,Nov/02/2011 22:26:30
749798,IOWA.PAUL(RON),Ron Paul to win the 2012 Iowa Caucus,3,8.4,Nov/02/2011 22:26:43
749798,IOWA.PAUL(RON),Ron Paul to win the 2012 Iowa Caucus,1,8.4,Nov/02/2011 22:26:43
749798,IOWA.PAUL(RON),Ron Paul to win the 2012 Iowa Caucus,10,8.5,Nov/02/2011 22:26:58
749798,IOWA.PAUL(RON),Ron Paul to win the 2012 Iowa Caucus,1,8.8,Nov/02/2011 22:27:12
749798,IOWA.PAUL(RON),Ron Paul to win the 2012 Iowa Caucus,1,8.0,Nov/02/2011 23:05:11
749798,IOWA.PAUL(RON),Ron Paul to win the 2012 Iowa Caucus,1,8.8,Nov/03/2011 00:27:54
749798,IOWA.PAUL(RON),Ron Paul to win the 2012 Iowa Caucus,1,8.8,Nov/03/2011 00:27:54
749798,IOWA.PAUL(RON),Ron Paul to win the 2012 Iowa Caucus,3,8.9,Nov/03/2011 00:28:05
749798,IOWA.PAUL(RON),Ron Paul to win the 2012 Iowa Caucus,5,9.0,Nov/03/2011 01:42:24
749798,IOWA.PAUL(RON),Ron Paul to win the 2012 Iowa Caucus,1,9.0,Nov/03/2011 01:42:24
749798,IOWA.PAUL(RON),Ron Paul to win the 2012 Iowa Caucus,2,8.1,Nov/03/2011 13:27:55
749798,IOWA.PAUL(RON),Ron Paul to win the 2012 Iowa Caucus,10,8.0,Nov/03/2011 13:28:24
749798,IOWA.PAUL(RON),Ron Paul to win the 2012 Iowa Caucus,5,8.5,Nov/03/2011 20:10:02
749798,IOWA.PAUL(RON),Ron Paul to win the 2012 Iowa Caucus,1,8.5,Nov/03/2011 20:10:02
749798,IOWA.PAUL(RON),Ron Paul to win the 2012 Iowa Caucus,5,9.0,Nov/03/2011 20:10:19
749798,IOWA.PAUL(RON),Ron Paul to win the 2012 Iowa Caucus,5,9.0,Nov/03/2011 20:10:19
749798,IOWA.PAUL(RON),Ron Paul to win the 2012 Iowa Caucus,3,9.0,Nov/03/2011 22:07:45
749798,IOWA.PAUL(RON),Ron Paul to win the 2012 Iowa Caucus,2,9.0,Nov/03/2011 22:13:50
749798,IOWA.PAUL(RON),Ron Paul to win the 2012 Iowa Caucus,10,8.6,Nov/04/2011 01:31:32
749798,IOWA.PAUL(RON),Ron Paul to win the 2012 Iowa Caucus,7,8.5,Nov/04/2011 01:36:07
749798,IOWA.PAUL(RON),Ron Paul to win the 2012 Iowa Caucus,3,8.6,Nov/04/2011 01:36:07
749798,IOWA.PAUL(RON),Ron Paul to win the 2012 Iowa Caucus,8,9.0,Nov/04/2011 18:57:09
749798,IOWA.PAUL(RON),Ron Paul to win the 2012 Iowa Caucus,1,8.3,Nov/04/2011 22:58:16
749798,IOWA.PAUL(RON),Ron Paul to win the 2012 Iowa Caucus,4,8.3,Nov/04/2011 22:58:38
749798,IOWA.PAUL(RON),Ron Paul to win the 2012 Iowa Caucus,94,9.9,Nov/04/2011 23:01:29
749798,IOWA.PAUL(RON),Ron Paul to win the 2012 Iowa Caucus,10,9.5,Nov/04/2011 23:01:29
749798,IOWA.PAUL(RON),Ron Paul to win the 2012 Iowa Caucus,1,9.5,Nov/04/2011 23:01:29
749798,IOWA.PAUL(RON),Ron Paul to win the 2012 Iowa Caucus,2,8.2,Nov/05/2011 16:42:54
749798,IOWA.PAUL(RON),Ron Paul to win the 2012 Iowa Caucus,20,8.9,Nov/06/2011 02:57:29
749798,IOWA.PAUL(RON),Ron Paul to win the 2012 Iowa Caucus,1,8.9,Nov/06/2011 03:01:14
749798,IOWA.PAUL(RON),Ron Paul to win the 2012 Iowa Caucus,1,9.3,Nov/06/2011 03:01:31
749798,IOWA.PAUL(RON),Ron Paul to win the 2012 Iowa Caucus,1,9.4,Nov/06/2011 03:02:11
749798,IOWA.PAUL(RON),Ron Paul to win the 2012 Iowa Caucus,4,9.4,Nov/06/2011 03:02:25
749798,IOWA.PAUL(RON),Ron Paul to win the 2012 Iowa Caucus,1,9.5,Nov/06/2011 03:02:56
749798,IOWA.PAUL(RON),Ron Paul to win the 2012 Iowa Caucus,10,8.2,Nov/06/2011 14:06:20
749798,IOWA.PAUL(RON),Ron Paul to win the 2012 Iowa Caucus,7,8.2,Nov/06/2011 21:47:34
749798,IOWA.PAUL(RON),Ron Paul to win the 2012 Iowa Caucus,1,8.2,Nov/07/2011 00:26:55
749798,IOWA.PAUL(RON),Ron Paul to win the 2012 Iowa Caucus,10,8.2,Nov/07/2011 03:13:54
749798,IOWA.PAUL(RON),Ron Paul to win the 2012 Iowa Caucus,2,8.0,Nov/07/2011 03:16:29
749798,IOWA.PAUL(RON),Ron Paul to win the 2012 Iowa Caucus,10,8.0,Nov/07/2011 03:16:29
749798,IOWA.PAUL(RON),Ron Paul to win the 2012 Iowa Caucus,13,8.0,Nov/07/2011 03:16:29
749798,IOWA.PAUL(RON),Ron Paul to win the 2012 Iowa Caucus,3,8.0,Nov/07/2011 13:53:04
749798,IOWA.PAUL(RON),Ron Paul to win the 2012 Iowa Caucus,1,8.0,Nov/07/2011 13:53:25
749798,IOWA.PAUL(RON),Ron Paul to win the 2012 Iowa Caucus,1,8.0,Nov/07/2011 14:32:28
749798,IOWA.PAUL(RON),Ron Paul to win the 2012 Iowa Caucus,1,8.0,Nov/07/2011 14:33:50
749798,IOWA.PAUL(RON),Ron Paul to win the 2012 Iowa Caucus,1,8.0,Nov/07/2011 14:46:01
749798,IOWA.PAUL(RON),Ron Paul to win the 2012 Iowa Caucus,1,8.0,Nov/07/2011 14:46:22
749798,IOWA.PAUL(RON),Ron Paul to win the 2012 Iowa Caucus,1,8.0,Nov/07/2011 14:47:33
749798,IOWA.PAUL(RON),Ron Paul to win the 2012 Iowa Caucus,1,8.0,Nov/07/2011 15:08:14
749798,IOWA.PAUL(RON),Ron Paul to win the 2012 Iowa Caucus,1,8.0,Nov/07/2011 15:09:45
749798,IOWA.PAUL(RON),Ron Paul to win the 2012 Iowa Caucus,1,8.0,Nov/07/2011 15:34:09
749798,IOWA.PAUL(RON),Ron Paul to win the 2012 Iowa Caucus,1,8.0,Nov/07/2011 15:34:41
749798,IOWA.PAUL(RON),Ron Paul to win the 2012 Iowa Caucus,3,8.0,Nov/07/2011 15:35:11
749798,IOWA.PAUL(RON),Ron Paul to win the 2012 Iowa Caucus,1,8.0,Nov/07/2011 15:35:51
749798,IOWA.PAUL(RON),Ron Paul to win the 2012 Iowa Caucus,4,8.0,Nov/07/2011 15:35:51
749798,IOWA.PAUL(RON),Ron Paul to win the 2012 Iowa Caucus,4,8.0,Nov/07/2011 15:37:38
749798,IOWA.PAUL(RON),Ron Paul to win the 2012 Iowa Caucus,20,8.0,Nov/07/2011 15:37:38
749798,IOWA.PAUL(RON),Ron Paul to win the 2012 Iowa Caucus,6,8.0,Nov/07/2011 15:38:41
749798,IOWA.PAUL(RON),Ron Paul to win the 2012 Iowa Caucus,12,8.5,Nov/07/2011 15:53:39
749798,IOWA.PAUL(RON),Ron Paul to win the 2012 Iowa Caucus,3,8.0,Nov/07/2011 15:54:15
749798,IOWA.PAUL(RON),Ron Paul to win the 2012 Iowa Caucus,7,8.0,Nov/07/2011 15:57:06
749798,IOWA.PAUL(RON),Ron Paul to win the 2012 Iowa Caucus,2,8.0,Nov/07/2011 16:52:12
749798,IOWA.PAUL(RON),Ron Paul to win the 2012 Iowa Caucus,2,8.0,Nov/07/2011 17:42:04
749798,IOWA.PAUL(RON),Ron Paul to win the 2012 Iowa Caucus,8,8.0,Nov/07/2011 18:17:44
749798,IOWA.PAUL(RON),Ron Paul to win the 2012 Iowa Caucus,2,8.0,Nov/07/2011 18:18:24
749798,IOWA.PAUL(RON),Ron Paul to win the 2012 Iowa Caucus,1,8.0,Nov/07/2011 18:18:24
749798,IOWA.PAUL(RON),Ron Paul to win the 2012 Iowa Caucus,6,8.0,Nov/07/2011 18:19:04
749798,IOWA.PAUL(RON),Ron Paul to win the 2012 Iowa Caucus,1,8.0,Nov/07/2011 18:19:25
749798,IOWA.PAUL(RON),Ron Paul to win the 2012 Iowa Caucus,2,8.0,Nov/07/2011 18:26:30
749798,IOWA.PAUL(RON),Ron Paul to win the 2012 Iowa Caucus,1,8.0,Nov/07/2011 18:26:30
749798,IOWA.PAUL(RON),Ron Paul to win the 2012 Iowa Caucus,11,8.0,Nov/07/2011 22:43:56
749798,IOWA.PAUL(RON),Ron Paul to win the 2012 Iowa Caucus,3,7.9,Nov/08/2011 02:42:28
749798,IOWA.PAUL(RON),Ron Paul to win the 2012 Iowa Caucus,2,7.9,Nov/08/2011 02:43:21
749798,IOWA.PAUL(RON),Ron Paul to win the 2012 Iowa Caucus,2,7.9,Nov/08/2011 02:43:21
749798,IOWA.PAUL(RON),Ron Paul to win the 2012 Iowa Caucus,3,7.9,Nov/08/2011 03:28:29
749798,IOWA.PAUL(RON),Ron Paul to win the 2012 Iowa Caucus,2,7.9,Nov/08/2011 03:28:29
749798,IOWA.PAUL(RON),Ron Paul to win the 2012 Iowa Caucus,10,8.5,Nov/08/2011 09:17:09
749798,IOWA.PAUL(RON),Ron Paul to win the 2012 Iowa Caucus,1,8.1,Nov/08/2011 12:03:08
749798,IOWA.PAUL(RON),Ron Paul to win the 2012 Iowa Caucus,4,8.1,Nov/08/2011 12:03:50
749798,IOWA.PAUL(RON),Ron Paul to win the 2012 Iowa Caucus,3,8.0,Nov/08/2011 14:28:02
749798,IOWA.PAUL(RON),Ron Paul to win the 2012 Iowa Caucus,2,8.0,Nov/08/2011 14:29:43
749798,IOWA.PAUL(RON),Ron Paul to win the 2012 Iowa Caucus,2,8.0,Nov/08/2011 14:30:11
749798,IOWA.PAUL(RON),Ron Paul to win the 2012 Iowa Caucus,3,8.0,Nov/08/2011 14:31:03
749798,IOWA.PAUL(RON),Ron Paul to win the 2012 Iowa Caucus,1,8.0,Nov/08/2011 14:31:03
749798,IOWA.PAUL(RON),Ron Paul to win the 2012 Iowa Caucus,2,8.0,Nov/08/2011 14:31:43
749798,IOWA.PAUL(RON),Ron Paul to win the 2012 Iowa Caucus,10,8.5,Nov/08/2011 15:42:23
749798,IOWA.PAUL(RON),Ron Paul to win the 2012 Iowa Caucus,2,8.8,Nov/08/2011 15:42:33
749798,IOWA.PAUL(RON),Ron Paul to win the 2012 Iowa Caucus,1,8.8,Nov/08/2011 15:42:33
749798,IOWA.PAUL(RON),Ron Paul to win the 2012 Iowa Caucus,10,8.9,Nov/08/2011 15:42:38
749798,IOWA.PAUL(RON),Ron Paul to win the 2012 Iowa Caucus,10,9.0,Nov/08/2011 15:42:46
749798,IOWA.PAUL(RON),Ron Paul to win the 2012 Iowa Caucus,9,9.0,Nov/08/2011 15:42:46
749798,IOWA.PAUL(RON),Ron Paul to win the 2012 Iowa Caucus,10,9.0,Nov/08/2011 16:52:26
749798,IOWA.PAUL(RON),Ron Paul to win the 2012 Iowa Caucus,6,9.9,Nov/08/2011 17:23:00
749798,IOWA.PAUL(RON),Ron Paul to win the 2012 Iowa Caucus,10,9.8,Nov/08/2011 17:23:00
749798,IOWA.PAUL(RON),Ron Paul to win the 2012 Iowa Caucus,1,9.7,Nov/08/2011 17:23:00
749798,IOWA.PAUL(RON),Ron Paul to win the 2012 Iowa Caucus,10,9.5,Nov/08/2011 17:23:00
749798,IOWA.PAUL(RON),Ron Paul to win the 2012 Iowa Caucus,20,10.0,Nov/08/2011 17:23:00
749798,IOWA.PAUL(RON),Ron Paul to win the 2012 Iowa Caucus,1,9.5,Nov/08/2011 17:23:00
749798,IOWA.PAUL(RON),Ron Paul to win the 2012 Iowa Caucus,2,10.0,Nov/08/2011 17:23:07
749798,IOWA.PAUL(RON),Ron Paul to win the 2012 Iowa Caucus,2,8.2,Nov/08/2011 19:50:51
749798,IOWA.PAUL(RON),Ron Paul to win the 2012 Iowa Caucus,2,8.2,Nov/08/2011 19:51:33
749798,IOWA.PAUL(RON),Ron Paul to win the 2012 Iowa Caucus,3,8.1,Nov/08/2011 19:52:23
749798,IOWA.PAUL(RON),Ron Paul to win the 2012 Iowa Caucus,1,8.1,Nov/08/2011 19:52:23
749798,IOWA.PAUL(RON),Ron Paul to win the 2012 Iowa Caucus,4,8.1,Nov/08/2011 22:46:36
749798,IOWA.PAUL(RON),Ron Paul to win the 2012 Iowa Caucus,10,11.0,Nov/10/2011 02:38:25
749798,IOWA.PAUL(RON),Ron Paul to win the 2012 Iowa Caucus,20,11.0,Nov/10/2011 02:38:25
749798,IOWA.PAUL(RON),Ron Paul to win the 2012 Iowa Caucus,5,10.9,Nov/10/2011 02:38:25
749798,IOWA.PAUL(RON),Ron Paul to win the 2012 Iowa Caucus,10,10.5,Nov/10/2011 02:38:25
749798,IOWA.PAUL(RON),Ron Paul to win the 2012 Iowa Caucus,10,10.0,Nov/10/2011 02:38:25
749798,IOWA.PAUL(RON),Ron Paul to win the 2012 Iowa Caucus,1,10.0,Nov/10/2011 02:38:25
749798,IOWA.PAUL(RON),Ron Paul to win the 2012 Iowa Caucus,1,10.9,Nov/10/2011 02:38:25
749798,IOWA.PAUL(RON),Ron Paul to win the 2012 Iowa Caucus,10,11.5,Nov/10/2011 17:12:59
749798,IOWA.PAUL(RON),Ron Paul to win the 2012 Iowa Caucus,1,11.5,Nov/10/2011 17:12:59
749798,IOWA.PAUL(RON),Ron Paul to win the 2012 Iowa Caucus,10,11.0,Nov/11/2011 04:27:56
749798,IOWA.PAUL(RON),Ron Paul to win the 2012 Iowa Caucus,1,11.0,Nov/11/2011 04:27:56
749798,IOWA.PAUL(RON),Ron Paul to win the 2012 Iowa Caucus,10,11.4,Nov/11/2011 04:28:05
749798,IOWA.PAUL(RON),Ron Paul to win the 2012 Iowa Caucus,10,12.0,Nov/11/2011 04:28:09
749798,IOWA.PAUL(RON),Ron Paul to win the 2012 Iowa Caucus,1,12.0,Nov/11/2011 04:28:09
749798,IOWA.PAUL(RON),Ron Paul to win the 2012 Iowa Caucus,6,10.5,Nov/11/2011 13:51:31
749798,IOWA.PAUL(RON),Ron Paul to win the 2012 Iowa Caucus,1,10.5,Nov/11/2011 13:55:30
749798,IOWA.PAUL(RON),Ron Paul to win the 2012 Iowa Caucus,3,10.5,Nov/11/2011 14:08:21
749798,IOWA.PAUL(RON),Ron Paul to win the 2012 Iowa Caucus,5,10.5,Nov/12/2011 01:49:18
749798,IOWA.PAUL(RON),Ron Paul to win the 2012 Iowa Caucus,4,10.1,Nov/12/2011 03:10:03
749798,IOWA.PAUL(RON),Ron Paul to win the 2012 Iowa Caucus,6,10.1,Nov/12/2011 05:47:08
749798,IOWA.PAUL(RON),Ron Paul to win the 2012 Iowa Caucus,1,10.1,Nov/12/2011 05:47:08
749798,IOWA.PAUL(RON),Ron Paul to win the 2012 Iowa Caucus,5,10.1,Nov/12/2011 16:55:20
749798,IOWA.PAUL(RON),Ron Paul to win the 2012 Iowa Caucus,5,10.0,Nov/12/2011 18:12:48
749798,IOWA.PAUL(RON),Ron Paul to win the 2012 Iowa Caucus,1,10.1,Nov/13/2011 02:35:10
749798,IOWA.PAUL(RON),Ron Paul to win the 2012 Iowa Caucus,10,10.4,Nov/13/2011 03:42:54
749798,IOWA.PAUL(RON),Ron Paul to win the 2012 Iowa Caucus,1,10.4,Nov/13/2011 03:42:54
749798,IOWA.PAUL(RON),Ron Paul to win the 2012 Iowa Caucus,1,10.0,Nov/13/2011 21:24:45
749798,IOWA.PAUL(RON),Ron Paul to win the 2012 Iowa Caucus,4,10.1,Nov/13/2011 21:24:45
749798,IOWA.PAUL(RON),Ron Paul to win the 2012 Iowa Caucus,1,10.4,Nov/14/2011 00:29:45
749798,IOWA.PAUL(RON),Ron Paul to win the 2012 Iowa Caucus,1,10.4,Nov/14/2011 00:29:45
749798,IOWA.PAUL(RON),Ron Paul to win the 2012 Iowa Caucus,5,10.5,Nov/14/2011 00:29:57
749798,IOWA.PAUL(RON),Ron Paul to win the 2012 Iowa Caucus,8,11.0,Nov/14/2011 00:30:27
749798,IOWA.PAUL(RON),Ron Paul to win the 2012 Iowa Caucus,1,10.3,Nov/14/2011 12:42:59
749798,IOWA.PAUL(RON),Ron Paul to win the 2012 Iowa Caucus,1,10.2,Nov/14/2011 12:43:11
749798,IOWA.PAUL(RON),Ron Paul to win the 2012 Iowa Caucus,1,10.1,Nov/14/2011 12:43:22
749798,IOWA.PAUL(RON),Ron Paul to win the 2012 Iowa Caucus,5,10.1,Nov/14/2011 12:43:39
749798,IOWA.PAUL(RON),Ron Paul to win the 2012 Iowa Caucus,1,10.1,Nov/14/2011 14:14:11
749798,IOWA.PAUL(RON),Ron Paul to win the 2012 Iowa Caucus,3,10.1,Nov/14/2011 23:26:34
749798,IOWA.PAUL(RON),Ron Paul to win the 2012 Iowa Caucus,2,10.0,Nov/14/2011 23:26:58
749798,IOWA.PAUL(RON),Ron Paul to win the 2012 Iowa Caucus,10,10.5,Nov/15/2011 05:42:54
749798,IOWA.PAUL(RON),Ron Paul to win the 2012 Iowa Caucus,5,10.4,Nov/15/2011 05:42:54
749798,IOWA.PAUL(RON),Ron Paul to win the 2012 Iowa Caucus,1,10.4,Nov/15/2011 05:42:54
749798,IOWA.PAUL(RON),Ron Paul to win the 2012 Iowa Caucus,5,10.8,Nov/15/2011 05:43:52
749798,IOWA.PAUL(RON),Ron Paul to win the 2012 Iowa Caucus,2,10.7,Nov/15/2011 05:43:52
749798,IOWA.PAUL(RON),Ron Paul to win the 2012 Iowa Caucus,10,11.5,Nov/15/2011 06:11:13
749798,IOWA.PAUL(RON),Ron Paul to win the 2012 Iowa Caucus,2,11.0,Nov/15/2011 06:11:13
749798,IOWA.PAUL(RON),Ron Paul to win the 2012 Iowa Caucus,1,10.9,Nov/15/2011 06:11:13
749798,IOWA.PAUL(RON),Ron Paul to win the 2012 Iowa Caucus,1,11.5,Nov/15/2011 06:11:13
749798,IOWA.PAUL(RON),Ron Paul to win the 2012 Iowa Caucus,10,12.0,Nov/15/2011 06:17:01
749798,IOWA.PAUL(RON),Ron Paul to win the 2012 Iowa Caucus,10,12.2,Nov/15/2011 12:16:19
749798,IOWA.PAUL(RON),Ron Paul to win the 2012 Iowa Caucus,1,12.2,Nov/15/2011 12:16:19
749798,IOWA.PAUL(RON),Ron Paul to win the 2012 Iowa Caucus,86,12.3,Nov/15/2011 12:16:19
749798,IOWA.PAUL(RON),Ron Paul to win the 2012 Iowa Caucus,10,12.5,Nov/15/2011 12:23:57
749798,IOWA.PAUL(RON),Ron Paul to win the 2012 Iowa Caucus,10,12.5,Nov/15/2011 12:23:57
749798,IOWA.PAUL(RON),Ron Paul to win the 2012 Iowa Caucus,10,12.6,Nov/15/2011 12:24:12
749798,IOWA.PAUL(RON),Ron Paul to win the 2012 Iowa Caucus,1,13.1,Nov/15/2011 12:47:51
749798,IOWA.PAUL(RON),Ron Paul to win the 2012 Iowa Caucus,8,12.0,Nov/15/2011 14:31:40
749798,IOWA.PAUL(RON),Ron Paul to win the 2012 Iowa Caucus,10,13.0,Nov/15/2011 16:05:29
749798,IOWA.PAUL(RON),Ron Paul to win the 2012 Iowa Caucus,1,13.0,Nov/15/2011 16:05:54
749798,IOWA.PAUL(RON),Ron Paul to win the 2012 Iowa Caucus,11,13.1,Nov/15/2011 16:06:18
749798,IOWA.PAUL(RON),Ron Paul to win the 2012 Iowa Caucus,10,13.4,Nov/15/2011 16:06:51
749798,IOWA.PAUL(RON),Ron Paul to win the 2012 Iowa Caucus,18,14.0,Nov/15/2011 16:07:27
749798,IOWA.PAUL(RON),Ron Paul to win the 2012 Iowa Caucus,1,14.0,Nov/15/2011 16:07:27
749798,IOWA.PAUL(RON),Ron Paul to win the 2012 Iowa Caucus,1,12.5,Nov/15/2011 16:12:41
749798,IOWA.PAUL(RON),Ron Paul to win the 2012 Iowa Caucus,10,15.0,Nov/15/2011 16:44:46
749798,IOWA.PAUL(RON),Ron Paul to win the 2012 Iowa Caucus,10,17.0,Nov/15/2011 16:45:52
749798,IOWA.PAUL(RON),Ron Paul to win the 2012 Iowa Caucus,10,19.0,Nov/15/2011 16:51:18
749798,IOWA.PAUL(RON),Ron Paul to win the 2012 Iowa Caucus,10,19.0,Nov/15/2011 16:53:59
749798,IOWA.PAUL(RON),Ron Paul to win the 2012 Iowa Caucus,10,18.5,Nov/15/2011 16:53:59
749798,IOWA.PAUL(RON),Ron Paul to win the 2012 Iowa Caucus,20,18.4,Nov/15/2011 16:53:59
749798,IOWA.PAUL(RON),Ron Paul to win the 2012 Iowa Caucus,1,18.7,Nov/15/2011 16:58:33
749798,IOWA.PAUL(RON),Ron Paul to win the 2012 Iowa Caucus,1,18.8,Nov/15/2011 16:58:50
749798,IOWA.PAUL(RON),Ron Paul to win the 2012 Iowa Caucus,3,18.9,Nov/15/2011 16:59:05
749798,IOWA.PAUL(RON),Ron Paul to win the 2012 Iowa Caucus,10,19.0,Nov/15/2011 17:01:14
749798,IOWA.PAUL(RON),Ron Paul to win the 2012 Iowa Caucus,7,17.0,Nov/15/2011 17:02:45
749798,IOWA.PAUL(RON),Ron Paul to win the 2012 Iowa Caucus,1,12.6,Nov/15/2011 18:52:13
749798,IOWA.PAUL(RON),Ron Paul to win the 2012 Iowa Caucus,1,12.6,Nov/15/2011 20:19:00
749798,IOWA.PAUL(RON),Ron Paul to win the 2012 Iowa Caucus,2,15.0,Nov/16/2011 00:49:29
749798,IOWA.PAUL(RON),Ron Paul to win the 2012 Iowa Caucus,1,15.0,Nov/16/2011 00:49:29
749798,IOWA.PAUL(RON),Ron Paul to win the 2012 Iowa Caucus,1,14.0,Nov/16/2011 16:21:12
749798,IOWA.PAUL(RON),Ron Paul to win the 2012 Iowa Caucus,1,13.0,Nov/16/2011 16:22:14
749798,IOWA.PAUL(RON),Ron Paul to win the 2012 Iowa Caucus,1,12.8,Nov/16/2011 16:22:29
749798,IOWA.PAUL(RON),Ron Paul to win the 2012 Iowa Caucus,5,18.0,Nov/16/2011 16:32:00
749798,IOWA.PAUL(RON),Ron Paul to win the 2012 Iowa Caucus,1,18.0,Nov/16/2011 16:32:00
749798,IOWA.PAUL(RON),Ron Paul to win the 2012 Iowa Caucus,1,18.8,Nov/16/2011 16:32:15
749798,IOWA.PAUL(RON),Ron Paul to win the 2012 Iowa Caucus,1,18.8,Nov/16/2011 16:32:15
749798,IOWA.PAUL(RON),Ron Paul to win the 2012 Iowa Caucus,2,18.8,Nov/16/2011 16:32:37
749798,IOWA.PAUL(RON),Ron Paul to win the 2012 Iowa Caucus,10,18.9,Nov/16/2011 16:32:40
749798,IOWA.PAUL(RON),Ron Paul to win the 2012 Iowa Caucus,17,19.0,Nov/16/2011 16:35:27
749798,IOWA.PAUL(RON),Ron Paul to win the 2012 Iowa Caucus,2,16.0,Nov/16/2011 16:38:09
749798,IOWA.PAUL(RON),Ron Paul to win the 2012 Iowa Caucus,3,16.0,Nov/16/2011 16:48:05
749798,IOWA.PAUL(RON),Ron Paul to win the 2012 Iowa Caucus,1,18.9,Nov/16/2011 17:46:02
749798,IOWA.PAUL(RON),Ron Paul to win the 2012 Iowa Caucus,82,19.0,Nov/16/2011 17:46:19
749798,IOWA.PAUL(RON),Ron Paul to win the 2012 Iowa Caucus,1,16.2,Nov/16/2011 19:19:47
749798,IOWA.PAUL(RON),Ron Paul to win the 2012 Iowa Caucus,2,18.8,Nov/17/2011 01:58:29
749798,IOWA.PAUL(RON),Ron Paul to win the 2012 Iowa Caucus,1,18.8,Nov/17/2011 01:58:29
749798,IOWA.PAUL(RON),Ron Paul to win the 2012 Iowa Caucus,2,18.8,Nov/17/2011 01:58:29
749798,IOWA.PAUL(RON),Ron Paul to win the 2012 Iowa Caucus,7,18.5,Nov/17/2011 03:04:32
749798,IOWA.PAUL(RON),Ron Paul to win the 2012 Iowa Caucus,5,18.5,Nov/17/2011 03:33:21
749798,IOWA.PAUL(RON),Ron Paul to win the 2012 Iowa Caucus,2,18.9,Nov/17/2011 03:34:55
749798,IOWA.PAUL(RON),Ron Paul to win the 2012 Iowa Caucus,1,18.9,Nov/17/2011 03:34:55
749798,IOWA.PAUL(RON),Ron Paul to win the 2012 Iowa Caucus,1,19.0,Nov/17/2011 03:35:09
749798,IOWA.PAUL(RON),Ron Paul to win the 2012 Iowa Caucus,2,20.0,Nov/17/2011 03:35:47
749798,IOWA.PAUL(RON),Ron Paul to win the 2012 Iowa Caucus,10,20.0,Nov/17/2011 03:35:47
749798,IOWA.PAUL(RON),Ron Paul to win the 2012 Iowa Caucus,1,20.0,Nov/17/2011 03:35:47
749798,IOWA.PAUL(RON),Ron Paul to win the 2012 Iowa Caucus,3,26.1,Nov/17/2011 10:52:28
749798,IOWA.PAUL(RON),Ron Paul to win the 2012 Iowa Caucus,1,26.1,Nov/17/2011 10:53:51
749798,IOWA.PAUL(RON),Ron Paul to win the 2012 Iowa Caucus,6,18.5,Nov/17/2011 15:43:08
749798,IOWA.PAUL(RON),Ron Paul to win the 2012 Iowa Caucus,1,24.0,Nov/17/2011 18:25:09
749798,IOWA.PAUL(RON),Ron Paul to win the 2012 Iowa Caucus,1,24.0,Nov/17/2011 18:25:09
749798,IOWA.PAUL(RON),Ron Paul to win the 2012 Iowa Caucus,1,22.0,Nov/17/2011 18:53:31
749798,IOWA.PAUL(RON),Ron Paul to win the 2012 Iowa Caucus,9,22.0,Nov/17/2011 20:00:11
749798,IOWA.PAUL(RON),Ron Paul to win the 2012 Iowa Caucus,1,22.0,Nov/17/2011 20:00:11
749798,IOWA.PAUL(RON),Ron Paul to win the 2012 Iowa Caucus,10,22.5,Nov/17/2011 20:00:30
749798,IOWA.PAUL(RON),Ron Paul to win the 2012 Iowa Caucus,15,22.5,Nov/17/2011 20:00:50
749798,IOWA.PAUL(RON),Ron Paul to win the 2012 Iowa Caucus,10,23.0,Nov/17/2011 20:01:35
749798,IOWA.PAUL(RON),Ron Paul to win the 2012 Iowa Caucus,1,23.0,Nov/17/2011 20:01:35
749798,IOWA.PAUL(RON),Ron Paul to win the 2012 Iowa Caucus,16,23.0,Nov/17/2011 20:01:35
749798,IOWA.PAUL(RON),Ron Paul to win the 2012 Iowa Caucus,1,20.0,Nov/17/2011 22:14:49
749798,IOWA.PAUL(RON),Ron Paul to win the 2012 Iowa Caucus,3,20.0,Nov/17/2011 22:19:34
749798,IOWA.PAUL(RON),Ron Paul to win the 2012 Iowa Caucus,21,20.0,Nov/17/2011 22:39:54
749798,IOWA.PAUL(RON),Ron Paul to win the 2012 Iowa Caucus,7,18.5,Nov/17/2011 22:40:24
749798,IOWA.PAUL(RON),Ron Paul to win the 2012 Iowa Caucus,5,18.5,Nov/17/2011 22:40:24
749798,IOWA.PAUL(RON),Ron Paul to win the 2012 Iowa Caucus,1,17.1,Nov/18/2011 02:37:13
749798,IOWA.PAUL(RON),Ron Paul to win the 2012 Iowa Caucus,1,17.1,Nov/18/2011 03:00:33
749798,IOWA.PAUL(RON),Ron Paul to win the 2012 Iowa Caucus,4,17.0,Nov/18/2011 12:31:39
749798,IOWA.PAUL(RON),Ron Paul to win the 2012 Iowa Caucus,5,17.0,Nov/18/2011 12:46:53
749798,IOWA.PAUL(RON),Ron Paul to win the 2012 Iowa Caucus,2,17.0,Nov/18/2011 12:47:36
749798,IOWA.PAUL(RON),Ron Paul to win the 2012 Iowa Caucus,2,20.9,Nov/18/2011 15:03:02
749798,IOWA.PAUL(RON),Ron Paul to win the 2012 Iowa Caucus,1,20.9,Nov/18/2011 15:07:32
749798,IOWA.PAUL(RON),Ron Paul to win the 2012 Iowa Caucus,5,18.0,Nov/18/2011 19:53:16
749798,IOWA.PAUL(RON),Ron Paul to win the 2012 Iowa Caucus,4,18.9,Nov/19/2011 02:22:16
749798,IOWA.PAUL(RON),Ron Paul to win the 2012 Iowa Caucus,1,18.9,Nov/19/2011 02:22:16
749798,IOWA.PAUL(RON),Ron Paul to win the 2012 Iowa Caucus,1,17.5,Nov/19/2011 05:35:38
749798,IOWA.PAUL(RON),Ron Paul to win the 2012 Iowa Caucus,1,17.5,Nov/19/2011 05:35:50
749798,IOWA.PAUL(RON),Ron Paul to win the 2012 Iowa Caucus,10,19.3,Nov/19/2011 13:01:52
749798,IOWA.PAUL(RON),Ron Paul to win the 2012 Iowa Caucus,10,19.3,Nov/19/2011 13:40:47
749798,IOWA.PAUL(RON),Ron Paul to win the 2012 Iowa Caucus,3,19.3,Nov/19/2011 18:03:29
749798,IOWA.PAUL(RON),Ron Paul to win the 2012 Iowa Caucus,5,19.3,Nov/19/2011 18:04:46
749798,IOWA.PAUL(RON),Ron Paul to win the 2012 Iowa Caucus,18,19.3,Nov/19/2011 18:41:50
749798,IOWA.PAUL(RON),Ron Paul to win the 2012 Iowa Caucus,1,19.3,Nov/19/2011 18:41:50
749798,IOWA.PAUL(RON),Ron Paul to win the 2012 Iowa Caucus,5,19.4,Nov/19/2011 22:08:13
749798,IOWA.PAUL(RON),Ron Paul to win the 2012 Iowa Caucus,5,19.6,Nov/20/2011 00:58:01
749798,IOWA.PAUL(RON),Ron Paul to win the 2012 Iowa Caucus,1,19.6,Nov/20/2011 00:58:01
749798,IOWA.PAUL(RON),Ron Paul to win the 2012 Iowa Caucus,10,19.9,Nov/20/2011 04:56:20
749798,IOWA.PAUL(RON),Ron Paul to win the 2012 Iowa Caucus,19,19.0,Nov/20/2011 09:41:53
749798,IOWA.PAUL(RON),Ron Paul to win the 2012 Iowa Caucus,5,19.1,Nov/20/2011 09:41:53
749798,IOWA.PAUL(RON),Ron Paul to win the 2012 Iowa Caucus,1,19.0,Nov/20/2011 21:29:02
749798,IOWA.PAUL(RON),Ron Paul to win the 2012 Iowa Caucus,10,18.9,Nov/21/2011 00:24:27
749798,IOWA.PAUL(RON),Ron Paul to win the 2012 Iowa Caucus,9,19.0,Nov/21/2011 00:24:40
749798,IOWA.PAUL(RON),Ron Paul to win the 2012 Iowa Caucus,1,19.0,Nov/21/2011 00:24:40
749798,IOWA.PAUL(RON),Ron Paul to win the 2012 Iowa Caucus,19,19.0,Nov/21/2011 00:24:40
749798,IOWA.PAUL(RON),Ron Paul to win the 2012 Iowa Caucus,23,18.5,Nov/21/2011 00:41:46
749798,IOWA.PAUL(RON),Ron Paul to win the 2012 Iowa Caucus,10,17.7,Nov/21/2011 02:14:17
749798,IOWA.PAUL(RON),Ron Paul to win the 2012 Iowa Caucus,5,17.8,Nov/21/2011 02:14:17
749798,IOWA.PAUL(RON),Ron Paul to win the 2012 Iowa Caucus,10,17.8,Nov/21/2011 02:14:17
749798,IOWA.PAUL(RON),Ron Paul to win the 2012 Iowa Caucus,1,18.0,Nov/21/2011 04:24:01
749798,IOWA.PAUL(RON),Ron Paul to win the 2012 Iowa Caucus,3,17.5,Nov/21/2011 06:54:47
749798,IOWA.PAUL(RON),Ron Paul to win the 2012 Iowa Caucus,10,17.5,Nov/21/2011 06:54:47
749798,IOWA.PAUL(RON),Ron Paul to win the 2012 Iowa Caucus,1,16.1,Nov/21/2011 13:36:53
749798,IOWA.PAUL(RON),Ron Paul to win the 2012 Iowa Caucus,1,16.1,Nov/21/2011 13:36:53
749798,IOWA.PAUL(RON),Ron Paul to win the 2012 Iowa Caucus,2,16.2,Nov/21/2011 13:36:53
749798,IOWA.PAUL(RON),Ron Paul to win the 2012 Iowa Caucus,2,16.3,Nov/21/2011 13:36:53
749798,IOWA.PAUL(RON),Ron Paul to win the 2012 Iowa Caucus,8,17.2,Nov/21/2011 13:36:53
749798,IOWA.PAUL(RON),Ron Paul to win the 2012 Iowa Caucus,10,17.4,Nov/21/2011 13:36:53
749798,IOWA.PAUL(RON),Ron Paul to win the 2012 Iowa Caucus,10,16.5,Nov/21/2011 13:36:53
749798,IOWA.PAUL(RON),Ron Paul to win the 2012 Iowa Caucus,10,15.0,Nov/21/2011 13:36:53
749798,IOWA.PAUL(RON),Ron Paul to win the 2012 Iowa Caucus,2,16.5,Nov/21/2011 17:03:59
749798,IOWA.PAUL(RON),Ron Paul to win the 2012 Iowa Caucus,5,12.8,Nov/21/2011 17:40:33
749798,IOWA.PAUL(RON),Ron Paul to win the 2012 Iowa Caucus,19,12.5,Nov/21/2011 17:41:20
749798,IOWA.PAUL(RON),Ron Paul to win the 2012 Iowa Caucus,5,12.0,Nov/21/2011 17:41:20
749798,IOWA.PAUL(RON),Ron Paul to win the 2012 Iowa Caucus,25,12.7,Nov/21/2011 17:41:20
749798,IOWA.PAUL(RON),Ron Paul to win the 2012 Iowa Caucus,40,12.0,Nov/21/2011 17:41:59
749798,IOWA.PAUL(RON),Ron Paul to win the 2012 Iowa Caucus,10,15.0,Nov/22/2011 00:28:46
749798,IOWA.PAUL(RON),Ron Paul to win the 2012 Iowa Caucus,1,15.0,Nov/22/2011 00:28:46
749798,IOWA.PAUL(RON),Ron Paul to win the 2012 Iowa Caucus,3,15.8,Nov/22/2011 01:34:53
749798,IOWA.PAUL(RON),Ron Paul to win the 2012 Iowa Caucus,1,15.8,Nov/22/2011 01:34:53
749798,IOWA.PAUL(RON),Ron Paul to win the 2012 Iowa Caucus,15,15.9,Nov/22/2011 02:35:20
749798,IOWA.PAUL(RON),Ron Paul to win the 2012 Iowa Caucus,3,13.7,Nov/22/2011 02:49:36
749798,IOWA.PAUL(RON),Ron Paul to win the 2012 Iowa Caucus,5,13.6,Nov/22/2011 06:34:09
749798,IOWA.PAUL(RON),Ron Paul to win the 2012 Iowa Caucus,2,15.9,Nov/22/2011 14:50:46
749798,IOWA.PAUL(RON),Ron Paul to win the 2012 Iowa Caucus,10,15.0,Nov/22/2011 18:06:18
749798,IOWA.PAUL(RON),Ron Paul to win the 2012 Iowa Caucus,1,15.0,Nov/22/2011 18:06:18
749798,IOWA.PAUL(RON),Ron Paul to win the 2012 Iowa Caucus,100,16.0,Nov/22/2011 19:51:46
749798,IOWA.PAUL(RON),Ron Paul to win the 2012 Iowa Caucus,3,15.9,Nov/22/2011 19:51:46
749798,IOWA.PAUL(RON),Ron Paul to win the 2012 Iowa Caucus,1,15.9,Nov/22/2011 19:51:46
749798,IOWA.PAUL(RON),Ron Paul to win the 2012 Iowa Caucus,3,15.0,Nov/22/2011 21:55:38
749798,IOWA.PAUL(RON),Ron Paul to win the 2012 Iowa Caucus,2,17.3,Nov/22/2011 22:15:42
749798,IOWA.PAUL(RON),Ron Paul to win the 2012 Iowa Caucus,2,17.2,Nov/22/2011 22:15:42
749798,IOWA.PAUL(RON),Ron Paul to win the 2012 Iowa Caucus,1,17.1,Nov/22/2011 22:15:42
749798,IOWA.PAUL(RON),Ron Paul to win the 2012 Iowa Caucus,1,17.0,Nov/22/2011 22:15:42
749798,IOWA.PAUL(RON),Ron Paul to win the 2012 Iowa Caucus,8,16.5,Nov/22/2011 22:15:42
749798,IOWA.PAUL(RON),Ron Paul to win the 2012 Iowa Caucus,4,16.4,Nov/22/2011 22:15:42
749798,IOWA.PAUL(RON),Ron Paul to win the 2012 Iowa Caucus,1,16.4,Nov/22/2011 22:15:42
749798,IOWA.PAUL(RON),Ron Paul to win the 2012 Iowa Caucus,1,17.1,Nov/22/2011 22:15:42
749798,IOWA.PAUL(RON),Ron Paul to win the 2012 Iowa Caucus,3,18.0,Nov/22/2011 22:16:40
749798,IOWA.PAUL(RON),Ron Paul to win the 2012 Iowa Caucus,2,17.4,Nov/22/2011 22:16:40
749798,IOWA.PAUL(RON),Ron Paul to win the 2012 Iowa Caucus,1,15.2,Nov/23/2011 14:23:28
749798,IOWA.PAUL(RON),Ron Paul to win the 2012 Iowa Caucus,5,15.2,Nov/23/2011 14:24:17
749798,IOWA.PAUL(RON),Ron Paul to win the 2012 Iowa Caucus,3,15.1,Nov/23/2011 14:25:34
749798,IOWA.PAUL(RON),Ron Paul to win the 2012 Iowa Caucus,2,15.0,Nov/23/2011 14:26:54
749798,IOWA.PAUL(RON),Ron Paul to win the 2012 Iowa Caucus,10,15.0,Nov/23/2011 15:21:26
749798,IOWA.PAUL(RON),Ron Paul to win the 2012 Iowa Caucus,1,15.0,Nov/23/2011 16:39:04
749798,IOWA.PAUL(RON),Ron Paul to win the 2012 Iowa Caucus,2,15.8,Nov/23/2011 16:41:11
749798,IOWA.PAUL(RON),Ron Paul to win the 2012 Iowa Caucus,4,15.0,Nov/23/2011 16:43:10
749798,IOWA.PAUL(RON),Ron Paul to win the 2012 Iowa Caucus,6,15.0,Nov/23/2011 16:48:12
749798,IOWA.PAUL(RON),Ron Paul to win the 2012 Iowa Caucus,10,15.0,Nov/23/2011 17:16:59
749798,IOWA.PAUL(RON),Ron Paul to win the 2012 Iowa Caucus,10,15.9,Nov/23/2011 17:18:22
749798,IOWA.PAUL(RON),Ron Paul to win the 2012 Iowa Caucus,2,15.9,Nov/23/2011 18:01:28
749798,IOWA.PAUL(RON),Ron Paul to win the 2012 Iowa Caucus,1,14.6,Nov/23/2011 18:34:14
749798,IOWA.PAUL(RON),Ron Paul to win the 2012 Iowa Caucus,5,15.9,Nov/23/2011 20:17:28
749798,IOWA.PAUL(RON),Ron Paul to win the 2012 Iowa Caucus,40,15.9,Nov/23/2011 20:36:06
749798,IOWA.PAUL(RON),Ron Paul to win the 2012 Iowa Caucus,43,15.9,Nov/24/2011 01:02:48
749798,IOWA.PAUL(RON),Ron Paul to win the 2012 Iowa Caucus,1,15.9,Nov/24/2011 01:02:48
749798,IOWA.PAUL(RON),Ron Paul to win the 2012 Iowa Caucus,1,15.5,Nov/24/2011 03:49:29
749798,IOWA.PAUL(RON),Ron Paul to win the 2012 Iowa Caucus,9,15.5,Nov/24/2011 04:00:01
749798,IOWA.PAUL(RON),Ron Paul to win the 2012 Iowa Caucus,3,15.1,Nov/24/2011 10:21:23
749798,IOWA.PAUL(RON),Ron Paul to win the 2012 Iowa Caucus,7,15.1,Nov/24/2011 10:21:38
749798,IOWA.PAUL(RON),Ron Paul to win the 2012 Iowa Caucus,3,15.1,Nov/24/2011 10:21:38
749798,IOWA.PAUL(RON),Ron Paul to win the 2012 Iowa Caucus,1,15.9,Nov/24/2011 10:52:05
749798,IOWA.PAUL(RON),Ron Paul to win the 2012 Iowa Caucus,25,15.9,Nov/24/2011 10:52:05
749798,IOWA.PAUL(RON),Ron Paul to win the 2012 Iowa Caucus,5,15.9,Nov/24/2011 10:52:05
749798,IOWA.PAUL(RON),Ron Paul to win the 2012 Iowa Caucus,3,16.4,Nov/24/2011 10:52:21
749798,IOWA.PAUL(RON),Ron Paul to win the 2012 Iowa Caucus,34,16.4,Nov/24/2011 10:52:21
749798,IOWA.PAUL(RON),Ron Paul to win the 2012 Iowa Caucus,3,16.6,Nov/24/2011 11:05:11
749798,IOWA.PAUL(RON),Ron Paul to win the 2012 Iowa Caucus,1,16.6,Nov/24/2011 11:05:11
749798,IOWA.PAUL(RON),Ron Paul to win the 2012 Iowa Caucus,15,16.7,Nov/24/2011 11:05:19
749798,IOWA.PAUL(RON),Ron Paul to win the 2012 Iowa Caucus,10,15.0,Nov/24/2011 11:05:30
749798,IOWA.PAUL(RON),Ron Paul to win the 2012 Iowa Caucus,25,16.8,Nov/24/2011 11:05:46
749798,IOWA.PAUL(RON),Ron Paul to win the 2012 Iowa Caucus,1,16.8,Nov/24/2011 11:13:38
749798,IOWA.PAUL(RON),Ron Paul to win the 2012 Iowa Caucus,3,16.9,Nov/24/2011 11:13:54
749798,IOWA.PAUL(RON),Ron Paul to win the 2012 Iowa Caucus,1,16.9,Nov/24/2011 11:13:54
749798,IOWA.PAUL(RON),Ron Paul to win the 2012 Iowa Caucus,10,17.0,Nov/24/2011 11:14:08
749798,IOWA.PAUL(RON),Ron Paul to win the 2012 Iowa Caucus,4,17.0,Nov/24/2011 11:14:08
749798,IOWA.PAUL(RON),Ron Paul to win the 2012 Iowa Caucus,10,17.5,Nov/24/2011 11:14:41
749798,IOWA.PAUL(RON),Ron Paul to win the 2012 Iowa Caucus,3,17.5,Nov/24/2011 11:14:41
749798,IOWA.PAUL(RON),Ron Paul to win the 2012 Iowa Caucus,4,17.0,Nov/24/2011 13:58:16
749798,IOWA.PAUL(RON),Ron Paul to win the 2012 Iowa Caucus,1,17.0,Nov/24/2011 14:01:25
749798,IOWA.PAUL(RON),Ron Paul to win the 2012 Iowa Caucus,25,17.0,Nov/24/2011 18:20:43
749798,IOWA.PAUL(RON),Ron Paul to win the 2012 Iowa Caucus,1,17.0,Nov/24/2011 18:20:43
749798,IOWA.PAUL(RON),Ron Paul to win the 2012 Iowa Caucus,174,17.0,Nov/24/2011 23:56:06
749798,IOWA.PAUL(RON),Ron Paul to win the 2012 Iowa Caucus,10,17.0,Nov/25/2011 17:19:33
749798,IOWA.PAUL(RON),Ron Paul to win the 2012 Iowa Caucus,1,17.0,Nov/25/2011 17:19:33
749798,IOWA.PAUL(RON),Ron Paul to win the 2012 Iowa Caucus,5,17.5,Nov/25/2011 17:35:17
749798,IOWA.PAUL(RON),Ron Paul to win the 2012 Iowa Caucus,3,17.5,Nov/25/2011 17:35:17
749798,IOWA.PAUL(RON),Ron Paul to win the 2012 Iowa Caucus,6,18.0,Nov/25/2011 17:35:17
749798,IOWA.PAUL(RON),Ron Paul to win the 2012 Iowa Caucus,10,17.7,Nov/25/2011 17:35:17
749798,IOWA.PAUL(RON),Ron Paul to win the 2012 Iowa Caucus,1,17.7,Nov/25/2011 17:35:17
749798,IOWA.PAUL(RON),Ron Paul to win the 2012 Iowa Caucus,2,18.0,Nov/25/2011 17:35:17
749798,IOWA.PAUL(RON),Ron Paul to win the 2012 Iowa Caucus,20,18.0,Nov/25/2011 17:42:35
749798,IOWA.PAUL(RON),Ron Paul to win the 2012 Iowa Caucus,7,18.4,Nov/25/2011 19:03:22
749798,IOWA.PAUL(RON),Ron Paul to win the 2012 Iowa Caucus,1,18.4,Nov/25/2011 19:03:22
749798,IOWA.PAUL(RON),Ron Paul to win the 2012 Iowa Caucus,2,18.5,Nov/25/2011 19:26:04
749798,IOWA.PAUL(RON),Ron Paul to win the 2012 Iowa Caucus,2,18.5,Nov/25/2011 20:58:16
749798,IOWA.PAUL(RON),Ron Paul to win the 2012 Iowa Caucus,3,18.5,Nov/25/2011 21:48:47
749798,IOWA.PAUL(RON),Ron Paul to win the 2012 Iowa Caucus,1,18.5,Nov/25/2011 21:48:47
749798,IOWA.PAUL(RON),Ron Paul to win the 2012 Iowa Caucus,1,19.0,Nov/25/2011 22:05:59
749798,IOWA.PAUL(RON),Ron Paul to win the 2012 Iowa Caucus,1,19.0,Nov/25/2011 22:05:59
749798,IOWA.PAUL(RON),Ron Paul to win the 2012 Iowa Caucus,66,19.2,Nov/26/2011 00:23:15
749798,IOWA.PAUL(RON),Ron Paul to win the 2012 Iowa Caucus,80,19.2,Nov/26/2011 02:44:46
749798,IOWA.PAUL(RON),Ron Paul to win the 2012 Iowa Caucus,4,19.8,Nov/26/2011 03:08:22
749798,IOWA.PAUL(RON),Ron Paul to win the 2012 Iowa Caucus,1,19.8,Nov/26/2011 03:08:22
749798,IOWA.PAUL(RON),Ron Paul to win the 2012 Iowa Caucus,1,19.8,Nov/26/2011 03:24:24
749798,IOWA.PAUL(RON),Ron Paul to win the 2012 Iowa Caucus,6,19.9,Nov/26/2011 03:45:06
749798,IOWA.PAUL(RON),Ron Paul to win the 2012 Iowa Caucus,1,19.9,Nov/26/2011 03:45:06
749798,IOWA.PAUL(RON),Ron Paul to win the 2012 Iowa Caucus,1,20.0,Nov/26/2011 03:45:16
749798,IOWA.PAUL(RON),Ron Paul to win the 2012 Iowa Caucus,10,20.0,Nov/26/2011 03:54:10
749798,IOWA.PAUL(RON),Ron Paul to win the 2012 Iowa Caucus,57,20.0,Nov/26/2011 10:10:20
749798,IOWA.PAUL(RON),Ron Paul to win the 2012 Iowa Caucus,3,20.1,Nov/26/2011 10:10:20
749798,IOWA.PAUL(RON),Ron Paul to win the 2012 Iowa Caucus,100,20.0,Nov/26/2011 12:19:12
749798,IOWA.PAUL(RON),Ron Paul to win the 2012 Iowa Caucus,3,20.9,Nov/26/2011 12:33:04
749798,IOWA.PAUL(RON),Ron Paul to win the 2012 Iowa Caucus,1,20.9,Nov/26/2011 12:38:20
749798,IOWA.PAUL(RON),Ron Paul to win the 2012 Iowa Caucus,1,20.9,Nov/26/2011 12:38:20
749798,IOWA.PAUL(RON),Ron Paul to win the 2012 Iowa Caucus,4,21.0,Nov/26/2011 13:22:55
749798,IOWA.PAUL(RON),Ron Paul to win the 2012 Iowa Caucus,6,21.0,Nov/26/2011 13:22:55
749798,IOWA.PAUL(RON),Ron Paul to win the 2012 Iowa Caucus,1,20.0,Nov/26/2011 13:24:12
749798,IOWA.PAUL(RON),Ron Paul to win the 2012 Iowa Caucus,19,20.0,Nov/26/2011 13:24:12
749798,IOWA.PAUL(RON),Ron Paul to win the 2012 Iowa Caucus,3,20.0,Nov/26/2011 13:52:27
749798,IOWA.PAUL(RON),Ron Paul to win the 2012 Iowa Caucus,3,21.8,Nov/26/2011 15:14:02
749798,IOWA.PAUL(RON),Ron Paul to win the 2012 Iowa Caucus,22,21.8,Nov/26/2011 15:45:46
749798,IOWA.PAUL(RON),Ron Paul to win the 2012 Iowa Caucus,30,22.0,Nov/26/2011 16:37:36
749798,IOWA.PAUL(RON),Ron Paul to win the 2012 Iowa Caucus,1,21.8,Nov/26/2011 16:37:36
749798,IOWA.PAUL(RON),Ron Paul to win the 2012 Iowa Caucus,1,22.0,Nov/26/2011 16:37:36
749798,IOWA.PAUL(RON),Ron Paul to win the 2012 Iowa Caucus,3,21.8,Nov/26/2011 16:37:36
749798,IOWA.PAUL(RON),Ron Paul to win the 2012 Iowa Caucus,30,22.0,Nov/26/2011 16:37:48
749798,IOWA.PAUL(RON),Ron Paul to win the 2012 Iowa Caucus,1,20.5,Nov/26/2011 21:47:10
749798,IOWA.PAUL(RON),Ron Paul to win the 2012 Iowa Caucus,1,20.5,Nov/26/2011 21:56:33
749798,IOWA.PAUL(RON),Ron Paul to win the 2012 Iowa Caucus,2,23.4,Nov/27/2011 10:23:54
749798,IOWA.PAUL(RON),Ron Paul to win the 2012 Iowa Caucus,1,23.4,Nov/27/2011 10:23:54
749798,IOWA.PAUL(RON),Ron Paul to win the 2012 Iowa Caucus,7,23.4,Nov/27/2011 10:23:54
749798,IOWA.PAUL(RON),Ron Paul to win the 2012 Iowa Caucus,10,23.5,Nov/27/2011 10:24:21
749798,IOWA.PAUL(RON),Ron Paul to win the 2012 Iowa Caucus,10,25.0,Nov/27/2011 12:29:48
749798,IOWA.PAUL(RON),Ron Paul to win the 2012 Iowa Caucus,50,25.0,Nov/27/2011 12:29:48
749798,IOWA.PAUL(RON),Ron Paul to win the 2012 Iowa Caucus,10,25.0,Nov/27/2011 12:29:48
749798,IOWA.PAUL(RON),Ron Paul to win the 2012 Iowa Caucus,10,22.5,Nov/27/2011 13:17:09
749798,IOWA.PAUL(RON),Ron Paul to win the 2012 Iowa Caucus,10,23.0,Nov/27/2011 13:19:11
749798,IOWA.PAUL(RON),Ron Paul to win the 2012 Iowa Caucus,5,23.0,Nov/27/2011 13:20:12
749798,IOWA.PAUL(RON),Ron Paul to win the 2012 Iowa Caucus,250,21.5,Nov/27/2011 17:58:04
749798,IOWA.PAUL(RON),Ron Paul to win the 2012 Iowa Caucus,1,21.5,Nov/27/2011 17:58:04
749798,IOWA.PAUL(RON),Ron Paul to win the 2012 Iowa Caucus,28,22.5,Nov/27/2011 17:58:04
749798,IOWA.PAUL(RON),Ron Paul to win the 2012 Iowa Caucus,59,23.0,Nov/27/2011 17:58:04
749798,IOWA.PAUL(RON),Ron Paul to win the 2012 Iowa Caucus,7,23.1,Nov/27/2011 17:58:04
749798,IOWA.PAUL(RON),Ron Paul to win the 2012 Iowa Caucus,9,20.6,Nov/27/2011 18:37:11
749798,IOWA.PAUL(RON),Ron Paul to win the 2012 Iowa Caucus,10,21.0,Nov/28/2011 00:51:08
749798,IOWA.PAUL(RON),Ron Paul to win the 2012 Iowa Caucus,2,25.0,Nov/28/2011 03:15:46
749798,IOWA.PAUL(RON),Ron Paul to win the 2012 Iowa Caucus,25,25.0,Nov/28/2011 03:15:46
749798,IOWA.PAUL(RON),Ron Paul to win the 2012 Iowa Caucus,10,24.0,Nov/28/2011 03:15:46
749798,IOWA.PAUL(RON),Ron Paul to win the 2012 Iowa Caucus,7,23.9,Nov/28/2011 03:15:46
749798,IOWA.PAUL(RON),Ron Paul to win the 2012 Iowa Caucus,1,23.9,Nov/28/2011 03:15:46
749798,IOWA.PAUL(RON),Ron Paul to win the 2012 Iowa Caucus,7,25.0,Nov/28/2011 03:15:46
749798,IOWA.PAUL(RON),Ron Paul to win the 2012 Iowa Caucus,33,22.0,Nov/28/2011 03:15:46
749798,IOWA.PAUL(RON),Ron Paul to win the 2012 Iowa Caucus,1,22.0,Nov/28/2011 11:26:47
749798,IOWA.PAUL(RON),Ron Paul to win the 2012 Iowa Caucus,1,22.0,Nov/28/2011 11:26:57
749798,IOWA.PAUL(RON),Ron Paul to win the 2012 Iowa Caucus,1,22.0,Nov/28/2011 11:27:07
749798,IOWA.PAUL(RON),Ron Paul to win the 2012 Iowa Caucus,1,22.0,Nov/28/2011 11:27:17
749798,IOWA.PAUL(RON),Ron Paul to win the 2012 Iowa Caucus,1,22.0,Nov/28/2011 11:27:40
749798,IOWA.PAUL(RON),Ron Paul to win the 2012 Iowa Caucus,1,22.0,Nov/28/2011 11:27:58
749798,IOWA.PAUL(RON),Ron Paul to win the 2012 Iowa Caucus,1,22.0,Nov/28/2011 11:28:16
749798,IOWA.PAUL(RON),Ron Paul to win the 2012 Iowa Caucus,1,22.0,Nov/28/2011 11:28:25
749798,IOWA.PAUL(RON),Ron Paul to win the 2012 Iowa Caucus,17,22.0,Nov/28/2011 11:28:49
749798,IOWA.PAUL(RON),Ron Paul to win the 2012 Iowa Caucus,3,20.6,Nov/28/2011 18:03:55
749798,IOWA.PAUL(RON),Ron Paul to win the 2012 Iowa Caucus,18,18.9,Nov/28/2011 18:03:55
749798,IOWA.PAUL(RON),Ron Paul to win the 2012 Iowa Caucus,68,19.2,Nov/28/2011 18:03:55
749798,IOWA.PAUL(RON),Ron Paul to win the 2012 Iowa Caucus,1,21.1,Nov/28/2011 18:03:55
749798,IOWA.PAUL(RON),Ron Paul to win the 2012 Iowa Caucus,125,19.2,Nov/28/2011 18:03:55
749798,IOWA.PAUL(RON),Ron Paul to win the 2012 Iowa Caucus,85,19.5,Nov/28/2011 18:03:55
749798,IOWA.PAUL(RON),Ron Paul to win the 2012 Iowa Caucus,100,19.0,Nov/28/2011 18:21:52
749798,IOWA.PAUL(RON),Ron Paul to win the 2012 Iowa Caucus,9,19.0,Nov/28/2011 18:58:32
749798,IOWA.PAUL(RON),Ron Paul to win the 2012 Iowa Caucus,1,22.9,Nov/28/2011 20:56:35
749798,IOWA.PAUL(RON),Ron Paul to win the 2012 Iowa Caucus,1,20.7,Nov/29/2011 01:58:15
749798,IOWA.PAUL(RON),Ron Paul to win the 2012 Iowa Caucus,2,20.7,Nov/29/2011 02:41:48
749798,IOWA.PAUL(RON),Ron Paul to win the 2012 Iowa Caucus,10,20.6,Nov/29/2011 02:42:10
749798,IOWA.PAUL(RON),Ron Paul to win the 2012 Iowa Caucus,1,20.5,Nov/29/2011 02:42:28
749798,IOWA.PAUL(RON),Ron Paul to win the 2012 Iowa Caucus,10,22.5,Nov/29/2011 03:26:58
749798,IOWA.PAUL(RON),Ron Paul to win the 2012 Iowa Caucus,2,22.4,Nov/29/2011 03:26:58
749798,IOWA.PAUL(RON),Ron Paul to win the 2012 Iowa Caucus,1,22.4,Nov/29/2011 03:26:58
749798,IOWA.PAUL(RON),Ron Paul to win the 2012 Iowa Caucus,10,22.0,Nov/29/2011 03:26:58
749798,IOWA.PAUL(RON),Ron Paul to win the 2012 Iowa Caucus,10,21.9,Nov/29/2011 03:26:58
749798,IOWA.PAUL(RON),Ron Paul to win the 2012 Iowa Caucus,10,22.5,Nov/29/2011 04:13:39
749798,IOWA.PAUL(RON),Ron Paul to win the 2012 Iowa Caucus,10,22.3,Nov/29/2011 04:13:39
749798,IOWA.PAUL(RON),Ron Paul to win the 2012 Iowa Caucus,10,20.0,Nov/29/2011 10:03:13
749798,IOWA.PAUL(RON),Ron Paul to win the 2012 Iowa Caucus,44,20.5,Nov/29/2011 10:03:13
749798,IOWA.PAUL(RON),Ron Paul to win the 2012 Iowa Caucus,15,20.6,Nov/29/2011 10:03:13
749798,IOWA.PAUL(RON),Ron Paul to win the 2012 Iowa Caucus,15,20.0,Nov/29/2011 10:03:13
749798,IOWA.PAUL(RON),Ron Paul to win the 2012 Iowa Caucus,5,22.4,Nov/29/2011 14:19:29
749798,IOWA.PAUL(RON),Ron Paul to win the 2012 Iowa Caucus,4,19.0,Nov/29/2011 14:20:05
749798,IOWA.PAUL(RON),Ron Paul to win the 2012 Iowa Caucus,1,21.0,Nov/29/2011 14:21:51
749798,IOWA.PAUL(RON),Ron Paul to win the 2012 Iowa Caucus,3,21.9,Nov/29/2011 16:42:46
749798,IOWA.PAUL(RON),Ron Paul to win the 2012 Iowa Caucus,2,21.9,Nov/29/2011 16:42:46
749798,IOWA.PAUL(RON),Ron Paul to win the 2012 Iowa Caucus,1,20.5,Nov/29/2011 18:00:13
749798,IOWA.PAUL(RON),Ron Paul to win the 2012 Iowa Caucus,1,20.0,Nov/29/2011 18:00:19
749798,IOWA.PAUL(RON),Ron Paul to win the 2012 Iowa Caucus,4,18.9,Nov/29/2011 20:20:57
749798,IOWA.PAUL(RON),Ron Paul to win the 2012 Iowa Caucus,82,19.0,Nov/29/2011 20:20:57
749798,IOWA.PAUL(RON),Ron Paul to win the 2012 Iowa Caucus,5,19.1,Nov/29/2011 20:20:57
749798,IOWA.PAUL(RON),Ron Paul to win the 2012 Iowa Caucus,2,19.5,Nov/29/2011 20:49:18
749798,IOWA.PAUL(RON),Ron Paul to win the 2012 Iowa Caucus,23,19.5,Nov/29/2011 21:05:33
749798,IOWA.PAUL(RON),Ron Paul to win the 2012 Iowa Caucus,20,19.0,Nov/29/2011 22:37:23
749798,IOWA.PAUL(RON),Ron Paul to win the 2012 Iowa Caucus,2,19.9,Nov/29/2011 23:05:01
749798,IOWA.PAUL(RON),Ron Paul to win the 2012 Iowa Caucus,5,19.1,Nov/30/2011 03:01:21
749798,IOWA.PAUL(RON),Ron Paul to win the 2012 Iowa Caucus,1,19.1,Nov/30/2011 03:05:39
749798,IOWA.PAUL(RON),Ron Paul to win the 2012 Iowa Caucus,5,19.0,Nov/30/2011 04:10:12
749798,IOWA.PAUL(RON),Ron Paul to win the 2012 Iowa Caucus,4,19.1,Nov/30/2011 04:10:12
749798,IOWA.PAUL(RON),Ron Paul to win the 2012 Iowa Caucus,5,19.0,Nov/30/2011 06:14:38
749798,IOWA.PAUL(RON),Ron Paul to win the 2012 Iowa Caucus,6,19.0,Nov/30/2011 11:13:37
749798,IOWA.PAUL(RON),Ron Paul to win the 2012 Iowa Caucus,1,19.0,Nov/30/2011 11:13:37
749798,IOWA.PAUL(RON),Ron Paul to win the 2012 Iowa Caucus,10,18.5,Nov/30/2011 17:30:57
749798,IOWA.PAUL(RON),Ron Paul to win the 2012 Iowa Caucus,4,18.5,Nov/30/2011 17:30:57
749798,IOWA.PAUL(RON),Ron Paul to win the 2012 Iowa Caucus,3,18.6,Nov/30/2011 17:30:57
749798,IOWA.PAUL(RON),Ron Paul to win the 2012 Iowa Caucus,1,18.7,Nov/30/2011 17:30:57
749798,IOWA.PAUL(RON),Ron Paul to win the 2012 Iowa Caucus,1,18.8,Nov/30/2011 17:30:57
749798,IOWA.PAUL(RON),Ron Paul to win the 2012 Iowa Caucus,1,18.9,Nov/30/2011 17:30:57
749798,IOWA.PAUL(RON),Ron Paul to win the 2012 Iowa Caucus,25,18.2,Nov/30/2011 17:32:04
749798,IOWA.PAUL(RON),Ron Paul to win the 2012 Iowa Caucus,10,18.1,Nov/30/2011 17:32:12
749798,IOWA.PAUL(RON),Ron Paul to win the 2012 Iowa Caucus,77,17.0,Nov/30/2011 17:32:24
749798,IOWA.PAUL(RON),Ron Paul to win the 2012 Iowa Caucus,3,17.0,Nov/30/2011 17:32:24
749798,IOWA.PAUL(RON),Ron Paul to win the 2012 Iowa Caucus,10,19.0,Nov/30/2011 17:49:03
749798,IOWA.PAUL(RON),Ron Paul to win the 2012 Iowa Caucus,2,17.0,Nov/30/2011 18:33:18
749798,IOWA.PAUL(RON),Ron Paul to win the 2012 Iowa Caucus,3,17.5,Nov/30/2011 18:33:18
749798,IOWA.PAUL(RON),Ron Paul to win the 2012 Iowa Caucus,3,17.5,Nov/30/2011 18:33:18
749798,IOWA.PAUL(RON),Ron Paul to win the 2012 Iowa Caucus,45,16.5,Nov/30/2011 18:38:04
749798,IOWA.PAUL(RON),Ron Paul to win the 2012 Iowa Caucus,10,16.1,Nov/30/2011 19:30:51
749798,IOWA.PAUL(RON),Ron Paul to win the 2012 Iowa Caucus,9,15.1,Nov/30/2011 19:33:44
749798,IOWA.PAUL(RON),Ron Paul to win the 2012 Iowa Caucus,1,15.1,Nov/30/2011 19:33:44
749798,IOWA.PAUL(RON),Ron Paul to win the 2012 Iowa Caucus,2,17.0,Nov/30/2011 20:04:40
749798,IOWA.PAUL(RON),Ron Paul to win the 2012 Iowa Caucus,10,17.0,Nov/30/2011 20:04:40
749798,IOWA.PAUL(RON),Ron Paul to win the 2012 Iowa Caucus,10,18.5,Nov/30/2011 20:04:53
749798,IOWA.PAUL(RON),Ron Paul to win the 2012 Iowa Caucus,4,15.1,Nov/30/2011 20:41:21
749798,IOWA.PAUL(RON),Ron Paul to win the 2012 Iowa Caucus,5,16.0,Dec/01/2011 00:58:26
749798,IOWA.PAUL(RON),Ron Paul to win the 2012 Iowa Caucus,5,16.0,Dec/01/2011 01:00:36
749798,IOWA.PAUL(RON),Ron Paul to win the 2012 Iowa Caucus,10,18.0,Dec/01/2011 01:01:32
749798,IOWA.PAUL(RON),Ron Paul to win the 2012 Iowa Caucus,4,18.7,Dec/01/2011 01:02:05
749798,IOWA.PAUL(RON),Ron Paul to win the 2012 Iowa Caucus,10,16.9,Dec/01/2011 01:16:49
749798,IOWA.PAUL(RON),Ron Paul to win the 2012 Iowa Caucus,5,16.9,Dec/01/2011 01:43:43
749798,IOWA.PAUL(RON),Ron Paul to win the 2012 Iowa Caucus,5,16.0,Dec/01/2011 01:46:28
749798,IOWA.PAUL(RON),Ron Paul to win the 2012 Iowa Caucus,1,16.0,Dec/01/2011 15:02:57
749798,IOWA.PAUL(RON),Ron Paul to win the 2012 Iowa Caucus,2,16.0,Dec/01/2011 15:21:30
749798,IOWA.PAUL(RON),Ron Paul to win the 2012 Iowa Caucus,2,15.2,Dec/01/2011 17:42:24
749798,IOWA.PAUL(RON),Ron Paul to win the 2012 Iowa Caucus,5,15.3,Dec/01/2011 17:42:24
749798,IOWA.PAUL(RON),Ron Paul to win the 2012 Iowa Caucus,1,15.4,Dec/01/2011 17:42:24
749798,IOWA.PAUL(RON),Ron Paul to win the 2012 Iowa Caucus,5,15.5,Dec/01/2011 17:42:24
749798,IOWA.PAUL(RON),Ron Paul to win the 2012 Iowa Caucus,2,15.6,Dec/01/2011 17:42:24
749798,IOWA.PAUL(RON),Ron Paul to win the 2012 Iowa Caucus,5,15.3,Dec/01/2011 17:42:24
749798,IOWA.PAUL(RON),Ron Paul to win the 2012 Iowa Caucus,10,15.1,Dec/01/2011 17:55:32
749798,IOWA.PAUL(RON),Ron Paul to win the 2012 Iowa Caucus,8,15.2,Dec/01/2011 17:55:32
749798,IOWA.PAUL(RON),Ron Paul to win the 2012 Iowa Caucus,20,14.1,Dec/01/2011 18:40:34
749798,IOWA.PAUL(RON),Ron Paul to win the 2012 Iowa Caucus,15,13.5,Dec/01/2011 18:40:45
749798,IOWA.PAUL(RON),Ron Paul to win the 2012 Iowa Caucus,5,13.1,Dec/01/2011 18:40:55
749798,IOWA.PAUL(RON),Ron Paul to win the 2012 Iowa Caucus,100,13.0,Dec/01/2011 18:41:10
749798,IOWA.PAUL(RON),Ron Paul to win the 2012 Iowa Caucus,5,12.6,Dec/01/2011 18:41:23
749798,IOWA.PAUL(RON),Ron Paul to win the 2012 Iowa Caucus,1,12.6,Dec/01/2011 18:56:02
749798,IOWA.PAUL(RON),Ron Paul to win the 2012 Iowa Caucus,18,16.0,Dec/01/2011 19:03:27
749798,IOWA.PAUL(RON),Ron Paul to win the 2012 Iowa Caucus,1,16.0,Dec/01/2011 19:03:27
749798,IOWA.PAUL(RON),Ron Paul to win the 2012 Iowa Caucus,2,15.0,Dec/01/2011 19:03:27
749798,IOWA.PAUL(RON),Ron Paul to win the 2012 Iowa Caucus,20,13.7,Dec/01/2011 20:43:51
749798,IOWA.PAUL(RON),Ron Paul to win the 2012 Iowa Caucus,3,13.7,Dec/01/2011 20:44:16
749798,IOWA.PAUL(RON),Ron Paul to win the 2012 Iowa Caucus,2,14.0,Dec/01/2011 21:08:57
749798,IOWA.PAUL(RON),Ron Paul to win the 2012 Iowa Caucus,1,14.0,Dec/01/2011 21:10:01
749798,IOWA.PAUL(RON),Ron Paul to win the 2012 Iowa Caucus,1,14.0,Dec/01/2011 21:13:13
749798,IOWA.PAUL(RON),Ron Paul to win the 2012 Iowa Caucus,6,14.0,Dec/01/2011 21:13:56
749798,IOWA.PAUL(RON),Ron Paul to win the 2012 Iowa Caucus,5,14.0,Dec/01/2011 21:14:15
749798,IOWA.PAUL(RON),Ron Paul to win the 2012 Iowa Caucus,5,14.0,Dec/01/2011 21:14:34
749798,IOWA.PAUL(RON),Ron Paul to win the 2012 Iowa Caucus,1,14.7,Dec/01/2011 21:14:50
749798,IOWA.PAUL(RON),Ron Paul to win the 2012 Iowa Caucus,2,14.7,Dec/01/2011 21:24:49
749798,IOWA.PAUL(RON),Ron Paul to win the 2012 Iowa Caucus,1,14.7,Dec/01/2011 21:38:32
749798,IOWA.PAUL(RON),Ron Paul to win the 2012 Iowa Caucus,10,14.0,Dec/01/2011 22:04:16
749798,IOWA.PAUL(RON),Ron Paul to win the 2012 Iowa Caucus,58,12.6,Dec/01/2011 22:36:23
749798,IOWA.PAUL(RON),Ron Paul to win the 2012 Iowa Caucus,10,12.7,Dec/01/2011 22:36:23
749798,IOWA.PAUL(RON),Ron Paul to win the 2012 Iowa Caucus,10,12.8,Dec/01/2011 22:36:23
749798,IOWA.PAUL(RON),Ron Paul to win the 2012 Iowa Caucus,15,13.0,Dec/01/2011 22:36:23
749798,IOWA.PAUL(RON),Ron Paul to win the 2012 Iowa Caucus,10,13.5,Dec/01/2011 22:36:23
749798,IOWA.PAUL(RON),Ron Paul to win the 2012 Iowa Caucus,2,13.6,Dec/01/2011 22:36:23
749798,IOWA.PAUL(RON),Ron Paul to win the 2012 Iowa Caucus,50,13.5,Dec/01/2011 22:36:23
749798,IOWA.PAUL(RON),Ron Paul to win the 2012 Iowa Caucus,5,13.6,Dec/01/2011 22:36:23
749798,IOWA.PAUL(RON),Ron Paul to win the 2012 Iowa Caucus,10,14.0,Dec/02/2011 00:51:10
749798,IOWA.PAUL(RON),Ron Paul to win the 2012 Iowa Caucus,1,14.0,Dec/02/2011 00:51:10
749798,IOWA.PAUL(RON),Ron Paul to win the 2012 Iowa Caucus,1,14.7,Dec/02/2011 00:56:02
749798,IOWA.PAUL(RON),Ron Paul to win the 2012 Iowa Caucus,9,14.0,Dec/02/2011 00:56:34
749798,IOWA.PAUL(RON),Ron Paul to win the 2012 Iowa Caucus,1,14.0,Dec/02/2011 01:40:38
749798,IOWA.PAUL(RON),Ron Paul to win the 2012 Iowa Caucus,9,14.0,Dec/02/2011 01:40:41
749798,IOWA.PAUL(RON),Ron Paul to win the 2012 Iowa Caucus,5,14.0,Dec/02/2011 07:45:46
749798,IOWA.PAUL(RON),Ron Paul to win the 2012 Iowa Caucus,5,13.5,Dec/02/2011 07:45:46
749798,IOWA.PAUL(RON),Ron Paul to win the 2012 Iowa Caucus,5,13.8,Dec/02/2011 07:45:46
749798,IOWA.PAUL(RON),Ron Paul to win the 2012 Iowa Caucus,2,13.4,Dec/02/2011 07:45:46
749798,IOWA.PAUL(RON),Ron Paul to win the 2012 Iowa Caucus,1,13.9,Dec/02/2011 07:45:46
749798,IOWA.PAUL(RON),Ron Paul to win the 2012 Iowa Caucus,1,13.4,Dec/02/2011 07:45:46
749798,IOWA.PAUL(RON),Ron Paul to win the 2012 Iowa Caucus,2,13.8,Dec/02/2011 07:45:46
749798,IOWA.PAUL(RON),Ron Paul to win the 2012 Iowa Caucus,1,13.9,Dec/02/2011 07:45:46
749798,IOWA.PAUL(RON),Ron Paul to win the 2012 Iowa Caucus,5,14.3,Dec/02/2011 08:08:06
749798,IOWA.PAUL(RON),Ron Paul to win the 2012 Iowa Caucus,2,14.3,Dec/02/2011 08:08:06
749798,IOWA.PAUL(RON),Ron Paul to win the 2012 Iowa Caucus,5,14.8,Dec/02/2011 08:08:47
749798,IOWA.PAUL(RON),Ron Paul to win the 2012 Iowa Caucus,10,14.0,Dec/02/2011 10:30:00
749798,IOWA.PAUL(RON),Ron Paul to win the 2012 Iowa Caucus,10,14.0,Dec/02/2011 10:30:39
749798,IOWA.PAUL(RON),Ron Paul to win the 2012 Iowa Caucus,10,14.0,Dec/02/2011 10:30:57
749798,IOWA.PAUL(RON),Ron Paul to win the 2012 Iowa Caucus,5,14.0,Dec/02/2011 10:31:25
749798,IOWA.PAUL(RON),Ron Paul to win the 2012 Iowa Caucus,2,14.0,Dec/02/2011 11:02:39
749798,IOWA.PAUL(RON),Ron Paul to win the 2012 Iowa Caucus,18,14.0,Dec/02/2011 15:13:41
749798,IOWA.PAUL(RON),Ron Paul to win the 2012 Iowa Caucus,2,14.1,Dec/02/2011 15:13:41
749798,IOWA.PAUL(RON),Ron Paul to win the 2012 Iowa Caucus,21,14.0,Dec/02/2011 15:17:04
749798,IOWA.PAUL(RON),Ron Paul to win the 2012 Iowa Caucus,2,14.0,Dec/02/2011 15:33:35
749798,IOWA.PAUL(RON),Ron Paul to win the 2012 Iowa Caucus,5,12.6,Dec/02/2011 16:20:17
749798,IOWA.PAUL(RON),Ron Paul to win the 2012 Iowa Caucus,5,12.7,Dec/02/2011 16:20:17
749798,IOWA.PAUL(RON),Ron Paul to win the 2012 Iowa Caucus,6,12.6,Dec/02/2011 16:22:19
749798,IOWA.PAUL(RON),Ron Paul to win the 2012 Iowa Caucus,10,12.1,Dec/02/2011 16:22:19
749798,IOWA.PAUL(RON),Ron Paul to win the 2012 Iowa Caucus,4,12.1,Dec/02/2011 16:22:19
749798,IOWA.PAUL(RON),Ron Paul to win the 2012 Iowa Caucus,1,12.1,Dec/02/2011 16:59:59
749798,IOWA.PAUL(RON),Ron Paul to win the 2012 Iowa Caucus,5,12.1,Dec/02/2011 16:59:59
749798,IOWA.PAUL(RON),Ron Paul to win the 2012 Iowa Caucus,3,12.1,Dec/02/2011 16:59:59
749798,IOWA.PAUL(RON),Ron Paul to win the 2012 Iowa Caucus,4,12.0,Dec/02/2011 17:22:38
749798,IOWA.PAUL(RON),Ron Paul to win the 2012 Iowa Caucus,10,10.5,Dec/02/2011 17:23:58
749798,IOWA.PAUL(RON),Ron Paul to win the 2012 Iowa Caucus,6,12.0,Dec/02/2011 18:06:00
749798,IOWA.PAUL(RON),Ron Paul to win the 2012 Iowa Caucus,1,12.0,Dec/02/2011 18:06:00
749798,IOWA.PAUL(RON),Ron Paul to win the 2012 Iowa Caucus,5,13.0,Dec/02/2011 18:08:24
749798,IOWA.PAUL(RON),Ron Paul to win the 2012 Iowa Caucus,4,13.0,Dec/02/2011 18:09:13
749798,IOWA.PAUL(RON),Ron Paul to win the 2012 Iowa Caucus,5,13.0,Dec/02/2011 18:09:13
749798,IOWA.PAUL(RON),Ron Paul to win the 2012 Iowa Caucus,59,13.5,Dec/02/2011 18:10:34
749798,IOWA.PAUL(RON),Ron Paul to win the 2012 Iowa Caucus,3,13.5,Dec/02/2011 18:10:34
749798,IOWA.PAUL(RON),Ron Paul to win the 2012 Iowa Caucus,10,14.5,Dec/02/2011 18:41:27
749798,IOWA.PAUL(RON),Ron Paul to win the 2012 Iowa Caucus,5,13.5,Dec/02/2011 19:17:18
749798,IOWA.PAUL(RON),Ron Paul to win the 2012 Iowa Caucus,1,13.4,Dec/02/2011 20:10:41
749798,IOWA.PAUL(RON),Ron Paul to win the 2012 Iowa Caucus,5,13.5,Dec/02/2011 20:28:03
749798,IOWA.PAUL(RON),Ron Paul to win the 2012 Iowa Caucus,24,13.2,Dec/02/2011 21:25:58
749798,IOWA.PAUL(RON),Ron Paul to win the 2012 Iowa Caucus,25,13.9,Dec/02/2011 21:26:15
749798,IOWA.PAUL(RON),Ron Paul to win the 2012 Iowa Caucus,1,13.9,Dec/02/2011 21:26:15
749798,IOWA.PAUL(RON),Ron Paul to win the 2012 Iowa Caucus,10,14.0,Dec/02/2011 21:26:45
749798,IOWA.PAUL(RON),Ron Paul to win the 2012 Iowa Caucus,2,14.5,Dec/02/2011 21:26:52
749798,IOWA.PAUL(RON),Ron Paul to win the 2012 Iowa Caucus,2,14.5,Dec/02/2011 21:26:52
749798,IOWA.PAUL(RON),Ron Paul to win the 2012 Iowa Caucus,5,15.0,Dec/02/2011 21:27:08
749798,IOWA.PAUL(RON),Ron Paul to win the 2012 Iowa Caucus,4,14.5,Dec/02/2011 21:40:50
749798,IOWA.PAUL(RON),Ron Paul to win the 2012 Iowa Caucus,6,12.5,Dec/02/2011 21:41:31
749798,IOWA.PAUL(RON),Ron Paul to win the 2012 Iowa Caucus,4,12.5,Dec/02/2011 22:36:45
749798,IOWA.PAUL(RON),Ron Paul to win the 2012 Iowa Caucus,1,12.0,Dec/02/2011 23:05:30
749798,IOWA.PAUL(RON),Ron Paul to win the 2012 Iowa Caucus,6,12.5,Dec/03/2011 01:51:32
749798,IOWA.PAUL(RON),Ron Paul to win the 2012 Iowa Caucus,1,12.5,Dec/03/2011 01:51:32
749798,IOWA.PAUL(RON),Ron Paul to win the 2012 Iowa Caucus,2,12.9,Dec/03/2011 03:36:56
749798,IOWA.PAUL(RON),Ron Paul to win the 2012 Iowa Caucus,10,13.0,Dec/03/2011 03:37:55
749798,IOWA.PAUL(RON),Ron Paul to win the 2012 Iowa Caucus,2,13.4,Dec/03/2011 09:38:40
749798,IOWA.PAUL(RON),Ron Paul to win the 2012 Iowa Caucus,1,13.4,Dec/03/2011 09:38:40
749798,IOWA.PAUL(RON),Ron Paul to win the 2012 Iowa Caucus,2,13.4,Dec/03/2011 14:28:54
749798,IOWA.PAUL(RON),Ron Paul to win the 2012 Iowa Caucus,1,13.4,Dec/03/2011 14:28:54
749798,IOWA.PAUL(RON),Ron Paul to win the 2012 Iowa Caucus,6,13.5,Dec/03/2011 14:29:22
749798,IOWA.PAUL(RON),Ron Paul to win the 2012 Iowa Caucus,5,13.0,Dec/03/2011 20:09:24
749798,IOWA.PAUL(RON),Ron Paul to win the 2012 Iowa Caucus,2,12.3,Dec/03/2011 20:13:58
749798,IOWA.PAUL(RON),Ron Paul to win the 2012 Iowa Caucus,4,12.2,Dec/03/2011 20:14:16
749798,IOWA.PAUL(RON),Ron Paul to win the 2012 Iowa Caucus,10,13.0,Dec/03/2011 21:36:47
749798,IOWA.PAUL(RON),Ron Paul to win the 2012 Iowa Caucus,5,13.0,Dec/03/2011 22:32:05
749798,IOWA.PAUL(RON),Ron Paul to win the 2012 Iowa Caucus,4,13.5,Dec/03/2011 23:05:05
749798,IOWA.PAUL(RON),Ron Paul to win the 2012 Iowa Caucus,10,13.5,Dec/03/2011 23:05:05
749798,IOWA.PAUL(RON),Ron Paul to win the 2012 Iowa Caucus,4,13.5,Dec/03/2011 23:05:05
749798,IOWA.PAUL(RON),Ron Paul to win the 2012 Iowa Caucus,8,14.0,Dec/03/2011 23:06:18
749798,IOWA.PAUL(RON),Ron Paul to win the 2012 Iowa Caucus,2,13.9,Dec/03/2011 23:06:18
749798,IOWA.PAUL(RON),Ron Paul to win the 2012 Iowa Caucus,2,13.9,Dec/03/2011 23:06:18
749798,IOWA.PAUL(RON),Ron Paul to win the 2012 Iowa Caucus,2,14.0,Dec/04/2011 01:02:25
749798,IOWA.PAUL(RON),Ron Paul to win the 2012 Iowa Caucus,10,14.5,Dec/04/2011 01:02:25
749798,IOWA.PAUL(RON),Ron Paul to win the 2012 Iowa Caucus,3,14.5,Dec/04/2011 01:02:25
749798,IOWA.PAUL(RON),Ron Paul to win the 2012 Iowa Caucus,1,14.0,Dec/04/2011 01:02:25
749798,IOWA.PAUL(RON),Ron Paul to win the 2012 Iowa Caucus,5,15.0,Dec/04/2011 01:07:20
749798,IOWA.PAUL(RON),Ron Paul to win the 2012 Iowa Caucus,3,14.8,Dec/04/2011 01:07:20
749798,IOWA.PAUL(RON),Ron Paul to win the 2012 Iowa Caucus,1,14.8,Dec/04/2011 01:07:20
749798,IOWA.PAUL(RON),Ron Paul to win the 2012 Iowa Caucus,2,15.0,Dec/04/2011 01:07:20
749798,IOWA.PAUL(RON),Ron Paul to win the 2012 Iowa Caucus,10,15.0,Dec/04/2011 01:07:20
749798,IOWA.PAUL(RON),Ron Paul to win the 2012 Iowa Caucus,20,15.8,Dec/04/2011 01:15:23
749798,IOWA.PAUL(RON),Ron Paul to win the 2012 Iowa Caucus,9,15.8,Dec/04/2011 01:15:23
749798,IOWA.PAUL(RON),Ron Paul to win the 2012 Iowa Caucus,5,15.5,Dec/04/2011 01:15:23
749798,IOWA.PAUL(RON),Ron Paul to win the 2012 Iowa Caucus,4,15.7,Dec/04/2011 01:15:23
749798,IOWA.PAUL(RON),Ron Paul to win the 2012 Iowa Caucus,2,15.5,Dec/04/2011 01:15:23
749798,IOWA.PAUL(RON),Ron Paul to win the 2012 Iowa Caucus,2,15.7,Dec/04/2011 01:15:23
749798,IOWA.PAUL(RON),Ron Paul to win the 2012 Iowa Caucus,1,15.8,Dec/04/2011 01:34:38
749798,IOWA.PAUL(RON),Ron Paul to win the 2012 Iowa Caucus,5,15.9,Dec/04/2011 01:34:47
749798,IOWA.PAUL(RON),Ron Paul to win the 2012 Iowa Caucus,1,15.9,Dec/04/2011 01:34:47
749798,IOWA.PAUL(RON),Ron Paul to win the 2012 Iowa Caucus,5,16.5,Dec/04/2011 01:36:45
749798,IOWA.PAUL(RON),Ron Paul to win the 2012 Iowa Caucus,5,16.0,Dec/04/2011 05:04:10
749798,IOWA.PAUL(RON),Ron Paul to win the 2012 Iowa Caucus,5,16.0,Dec/04/2011 06:00:19
749798,IOWA.PAUL(RON),Ron Paul to win the 2012 Iowa Caucus,2,15.9,Dec/04/2011 06:00:19
749798,IOWA.PAUL(RON),Ron Paul to win the 2012 Iowa Caucus,5,16.5,Dec/04/2011 06:01:11
749798,IOWA.PAUL(RON),Ron Paul to win the 2012 Iowa Caucus,5,16.4,Dec/04/2011 06:01:11
749798,IOWA.PAUL(RON),Ron Paul to win the 2012 Iowa Caucus,10,17.0,Dec/04/2011 06:17:36
749798,IOWA.PAUL(RON),Ron Paul to win the 2012 Iowa Caucus,2,18.9,Dec/04/2011 06:18:17
749798,IOWA.PAUL(RON),Ron Paul to win the 2012 Iowa Caucus,10,18.9,Dec/04/2011 06:18:17
749798,IOWA.PAUL(RON),Ron Paul to win the 2012 Iowa Caucus,10,18.8,Dec/04/2011 06:18:17
749798,IOWA.PAUL(RON),Ron Paul to win the 2012 Iowa Caucus,12,18.9,Dec/04/2011 06:18:17
749798,IOWA.PAUL(RON),Ron Paul to win the 2012 Iowa Caucus,10,18.9,Dec/04/2011 06:21:44
749798,IOWA.PAUL(RON),Ron Paul to win the 2012 Iowa Caucus,3,19.5,Dec/04/2011 08:37:08
749798,IOWA.PAUL(RON),Ron Paul to win the 2012 Iowa Caucus,6,19.4,Dec/04/2011 10:58:21
749798,IOWA.PAUL(RON),Ron Paul to win the 2012 Iowa Caucus,6,14.0,Dec/04/2011 12:08:47
749798,IOWA.PAUL(RON),Ron Paul to win the 2012 Iowa Caucus,8,15.0,Dec/04/2011 12:08:47
749798,IOWA.PAUL(RON),Ron Paul to win the 2012 Iowa Caucus,3,15.1,Dec/04/2011 12:08:47
749798,IOWA.PAUL(RON),Ron Paul to win the 2012 Iowa Caucus,10,15.2,Dec/04/2011 12:08:47
749798,IOWA.PAUL(RON),Ron Paul to win the 2012 Iowa Caucus,2,15.3,Dec/04/2011 12:08:47
749798,IOWA.PAUL(RON),Ron Paul to win the 2012 Iowa Caucus,3,15.5,Dec/04/2011 12:22:59
749798,IOWA.PAUL(RON),Ron Paul to win the 2012 Iowa Caucus,1,15.5,Dec/04/2011 12:28:37
749798,IOWA.PAUL(RON),Ron Paul to win the 2012 Iowa Caucus,1,16.1,Dec/04/2011 16:01:45
749798,IOWA.PAUL(RON),Ron Paul to win the 2012 Iowa Caucus,10,20.0,Dec/04/2011 21:13:14
749798,IOWA.PAUL(RON),Ron Paul to win the 2012 Iowa Caucus,10,19.9,Dec/04/2011 21:13:14
749798,IOWA.PAUL(RON),Ron Paul to win the 2012 Iowa Caucus,5,19.7,Dec/04/2011 21:13:14
749798,IOWA.PAUL(RON),Ron Paul to win the 2012 Iowa Caucus,7,19.5,Dec/04/2011 21:13:14
749798,IOWA.PAUL(RON),Ron Paul to win the 2012 Iowa Caucus,1,19.7,Dec/04/2011 21:13:14
749798,IOWA.PAUL(RON),Ron Paul to win the 2012 Iowa Caucus,10,19.4,Dec/04/2011 21:13:14
749798,IOWA.PAUL(RON),Ron Paul to win the 2012 Iowa Caucus,9,19.3,Dec/04/2011 21:13:14
749798,IOWA.PAUL(RON),Ron Paul to win the 2012 Iowa Caucus,2,20.0,Dec/04/2011 21:13:14
749798,IOWA.PAUL(RON),Ron Paul to win the 2012 Iowa Caucus,1,19.2,Dec/04/2011 21:13:14
749798,IOWA.PAUL(RON),Ron Paul to win the 2012 Iowa Caucus,1,19.2,Dec/04/2011 21:13:14
749798,IOWA.PAUL(RON),Ron Paul to win the 2012 Iowa Caucus,1,19.2,Dec/04/2011 21:13:14
749798,IOWA.PAUL(RON),Ron Paul to win the 2012 Iowa Caucus,2,19.5,Dec/04/2011 21:13:14
749798,IOWA.PAUL(RON),Ron Paul to win the 2012 Iowa Caucus,1,21.9,Dec/04/2011 21:13:35
749798,IOWA.PAUL(RON),Ron Paul to win the 2012 Iowa Caucus,3,20.0,Dec/04/2011 21:33:27
749798,IOWA.PAUL(RON),Ron Paul to win the 2012 Iowa Caucus,2,18.0,Dec/05/2011 01:24:04
749798,IOWA.PAUL(RON),Ron Paul to win the 2012 Iowa Caucus,16,17.5,Dec/05/2011 01:24:04
749798,IOWA.PAUL(RON),Ron Paul to win the 2012 Iowa Caucus,10,17.6,Dec/05/2011 01:24:04
749798,IOWA.PAUL(RON),Ron Paul to win the 2012 Iowa Caucus,1,17.5,Dec/05/2011 01:59:38
749798,IOWA.PAUL(RON),Ron Paul to win the 2012 Iowa Caucus,1,18.5,Dec/05/2011 02:07:14
749798,IOWA.PAUL(RON),Ron Paul to win the 2012 Iowa Caucus,10,20.0,Dec/05/2011 02:31:16
749798,IOWA.PAUL(RON),Ron Paul to win the 2012 Iowa Caucus,5,20.0,Dec/05/2011 03:45:43
749798,IOWA.PAUL(RON),Ron Paul to win the 2012 Iowa Caucus,1,20.0,Dec/05/2011 04:36:13
749798,IOWA.PAUL(RON),Ron Paul to win the 2012 Iowa Caucus,23,20.0,Dec/05/2011 06:27:51
749798,IOWA.PAUL(RON),Ron Paul to win the 2012 Iowa Caucus,21,20.0,Dec/05/2011 07:24:07
749798,IOWA.PAUL(RON),Ron Paul to win the 2012 Iowa Caucus,7,20.0,Dec/05/2011 08:44:08
749798,IOWA.PAUL(RON),Ron Paul to win the 2012 Iowa Caucus,1,20.8,Dec/05/2011 15:53:43
749798,IOWA.PAUL(RON),Ron Paul to win the 2012 Iowa Caucus,3,20.8,Dec/05/2011 16:33:51
749798,IOWA.PAUL(RON),Ron Paul to win the 2012 Iowa Caucus,10,20.9,Dec/05/2011 16:34:08
749798,IOWA.PAUL(RON),Ron Paul to win the 2012 Iowa Caucus,1,21.0,Dec/05/2011 16:35:12
749798,IOWA.PAUL(RON),Ron Paul to win the 2012 Iowa Caucus,4,21.0,Dec/05/2011 18:55:13
749798,IOWA.PAUL(RON),Ron Paul to win the 2012 Iowa Caucus,1,20.9,Dec/05/2011 20:38:58
749798,IOWA.PAUL(RON),Ron Paul to win the 2012 Iowa Caucus,10,20.9,Dec/05/2011 20:48:36
749798,IOWA.PAUL(RON),Ron Paul to win the 2012 Iowa Caucus,1,20.9,Dec/05/2011 20:48:36
749798,IOWA.PAUL(RON),Ron Paul to win the 2012 Iowa Caucus,10,21.2,Dec/05/2011 21:00:15
749798,IOWA.PAUL(RON),Ron Paul to win the 2012 Iowa Caucus,2,21.1,Dec/05/2011 21:00:15
749798,IOWA.PAUL(RON),Ron Paul to win the 2012 Iowa Caucus,1,21.2,Dec/05/2011 21:00:15
749798,IOWA.PAUL(RON),Ron Paul to win the 2012 Iowa Caucus,1,21.1,Dec/05/2011 21:00:15
749798,IOWA.PAUL(RON),Ron Paul to win the 2012 Iowa Caucus,2,21.9,Dec/05/2011 21:06:00
749798,IOWA.PAUL(RON),Ron Paul to win the 2012 Iowa Caucus,1,21.8,Dec/05/2011 21:06:00
749798,IOWA.PAUL(RON),Ron Paul to win the 2012 Iowa Caucus,2,21.9,Dec/05/2011 21:06:52
749798,IOWA.PAUL(RON),Ron Paul to win the 2012 Iowa Caucus,2,20.2,Dec/05/2011 23:25:18
749798,IOWA.PAUL(RON),Ron Paul to win the 2012 Iowa Caucus,5,21.0,Dec/06/2011 03:46:18
749798,IOWA.PAUL(RON),Ron Paul to win the 2012 Iowa Caucus,5,21.0,Dec/06/2011 11:29:42
749798,IOWA.PAUL(RON),Ron Paul to win the 2012 Iowa Caucus,1,21.0,Dec/06/2011 11:29:42
749798,IOWA.PAUL(RON),Ron Paul to win the 2012 Iowa Caucus,1,23.1,Dec/06/2011 11:58:31
749798,IOWA.PAUL(RON),Ron Paul to win the 2012 Iowa Caucus,1,23.0,Dec/06/2011 11:58:31
749798,IOWA.PAUL(RON),Ron Paul to win the 2012 Iowa Caucus,1,23.0,Dec/06/2011 11:58:31
749798,IOWA.PAUL(RON),Ron Paul to win the 2012 Iowa Caucus,1,23.1,Dec/06/2011 11:58:31
749798,IOWA.PAUL(RON),Ron Paul to win the 2012 Iowa Caucus,2,22.9,Dec/06/2011 11:58:31
749798,IOWA.PAUL(RON),Ron Paul to win the 2012 Iowa Caucus,3,22.8,Dec/06/2011 11:58:31
749798,IOWA.PAUL(RON),Ron Paul to win the 2012 Iowa Caucus,1,22.8,Dec/06/2011 11:58:31
749798,IOWA.PAUL(RON),Ron Paul to win the 2012 Iowa Caucus,1,23.4,Dec/06/2011 11:59:32
749798,IOWA.PAUL(RON),Ron Paul to win the 2012 Iowa Caucus,1,23.3,Dec/06/2011 11:59:32
749798,IOWA.PAUL(RON),Ron Paul to win the 2012 Iowa Caucus,1,23.2,Dec/06/2011 11:59:32
749798,IOWA.PAUL(RON),Ron Paul to win the 2012 Iowa Caucus,1,23.3,Dec/06/2011 11:59:32
749798,IOWA.PAUL(RON),Ron Paul to win the 2012 Iowa Caucus,1,23.4,Dec/06/2011 11:59:32
749798,IOWA.PAUL(RON),Ron Paul to win the 2012 Iowa Caucus,10,23.5,Dec/06/2011 12:36:56
749798,IOWA.PAUL(RON),Ron Paul to win the 2012 Iowa Caucus,5,23.6,Dec/06/2011 12:37:11
749798,IOWA.PAUL(RON),Ron Paul to win the 2012 Iowa Caucus,10,23.8,Dec/06/2011 12:37:24
749798,IOWA.PAUL(RON),Ron Paul to win the 2012 Iowa Caucus,1,23.0,Dec/06/2011 15:50:48
749798,IOWA.PAUL(RON),Ron Paul to win the 2012 Iowa Caucus,5,22.9,Dec/06/2011 16:02:47
749798,IOWA.PAUL(RON),Ron Paul to win the 2012 Iowa Caucus,9,23.0,Dec/06/2011 16:02:55
749798,IOWA.PAUL(RON),Ron Paul to win the 2012 Iowa Caucus,3,23.5,Dec/06/2011 16:40:19
749798,IOWA.PAUL(RON),Ron Paul to win the 2012 Iowa Caucus,1,23.9,Dec/06/2011 17:22:36
749798,IOWA.PAUL(RON),Ron Paul to win the 2012 Iowa Caucus,1,23.9,Dec/06/2011 17:22:36
749798,IOWA.PAUL(RON),Ron Paul to win the 2012 Iowa Caucus,2,23.9,Dec/06/2011 17:22:36
749798,IOWA.PAUL(RON),Ron Paul to win the 2012 Iowa Caucus,6,20.7,Dec/06/2011 17:44:22
749798,IOWA.PAUL(RON),Ron Paul to win the 2012 Iowa Caucus,90,20.3,Dec/06/2011 20:13:47
749798,IOWA.PAUL(RON),Ron Paul to win the 2012 Iowa Caucus,4,20.4,Dec/06/2011 20:13:47
749798,IOWA.PAUL(RON),Ron Paul to win the 2012 Iowa Caucus,10,20.4,Dec/06/2011 20:13:47
749798,IOWA.PAUL(RON),Ron Paul to win the 2012 Iowa Caucus,10,20.6,Dec/06/2011 20:13:47
749798,IOWA.PAUL(RON),Ron Paul to win the 2012 Iowa Caucus,2,20.6,Dec/06/2011 20:13:47
749798,IOWA.PAUL(RON),Ron Paul to win the 2012 Iowa Caucus,4,20.7,Dec/06/2011 20:13:47
749798,IOWA.PAUL(RON),Ron Paul to win the 2012 Iowa Caucus,1,20.1,Dec/06/2011 20:31:16
749798,IOWA.PAUL(RON),Ron Paul to win the 2012 Iowa Caucus,5,20.1,Dec/06/2011 20:50:20
749798,IOWA.PAUL(RON),Ron Paul to win the 2012 Iowa Caucus,10,20.0,Dec/06/2011 20:50:39
749798,IOWA.PAUL(RON),Ron Paul to win the 2012 Iowa Caucus,5,18.1,Dec/06/2011 20:54:13
749798,IOWA.PAUL(RON),Ron Paul to win the 2012 Iowa Caucus,21,19.5,Dec/07/2011 00:19:58
749798,IOWA.PAUL(RON),Ron Paul to win the 2012 Iowa Caucus,1,19.5,Dec/07/2011 00:19:58
749798,IOWA.PAUL(RON),Ron Paul to win the 2012 Iowa Caucus,10,19.0,Dec/07/2011 02:48:43
749798,IOWA.PAUL(RON),Ron Paul to win the 2012 Iowa Caucus,4,18.9,Dec/07/2011 02:48:43
749798,IOWA.PAUL(RON),Ron Paul to win the 2012 Iowa Caucus,4,19.9,Dec/07/2011 03:06:15
749798,IOWA.PAUL(RON),Ron Paul to win the 2012 Iowa Caucus,9,20.0,Dec/07/2011 03:06:53
749798,IOWA.PAUL(RON),Ron Paul to win the 2012 Iowa Caucus,1,19.9,Dec/07/2011 03:16:53
749798,IOWA.PAUL(RON),Ron Paul to win the 2012 Iowa Caucus,1,20.0,Dec/07/2011 03:17:22
749798,IOWA.PAUL(RON),Ron Paul to win the 2012 Iowa Caucus,6,20.0,Dec/07/2011 03:17:22
749798,IOWA.PAUL(RON),Ron Paul to win the 2012 Iowa Caucus,2,20.0,Dec/07/2011 03:25:12
749798,IOWA.PAUL(RON),Ron Paul to win the 2012 Iowa Caucus,8,20.0,Dec/07/2011 12:07:45
749798,IOWA.PAUL(RON),Ron Paul to win the 2012 Iowa Caucus,10,19.3,Dec/07/2011 13:11:44
749798,IOWA.PAUL(RON),Ron Paul to win the 2012 Iowa Caucus,2,19.1,Dec/07/2011 15:20:27
749798,IOWA.PAUL(RON),Ron Paul to win the 2012 Iowa Caucus,1,18.6,Dec/07/2011 15:20:47
749798,IOWA.PAUL(RON),Ron Paul to win the 2012 Iowa Caucus,10,18.5,Dec/07/2011 15:21:03
749798,IOWA.PAUL(RON),Ron Paul to win the 2012 Iowa Caucus,1,18.4,Dec/07/2011 15:21:57
749798,IOWA.PAUL(RON),Ron Paul to win the 2012 Iowa Caucus,1,18.2,Dec/07/2011 15:22:15
749798,IOWA.PAUL(RON),Ron Paul to win the 2012 Iowa Caucus,3,18.1,Dec/07/2011 15:22:37
749798,IOWA.PAUL(RON),Ron Paul to win the 2012 Iowa Caucus,15,17.5,Dec/07/2011 15:24:15
749798,IOWA.PAUL(RON),Ron Paul to win the 2012 Iowa Caucus,15,17.2,Dec/07/2011 18:06:57
749798,IOWA.PAUL(RON),Ron Paul to win the 2012 Iowa Caucus,2,19.4,Dec/07/2011 18:17:26
749798,IOWA.PAUL(RON),Ron Paul to win the 2012 Iowa Caucus,10,18.5,Dec/07/2011 19:54:45
749798,IOWA.PAUL(RON),Ron Paul to win the 2012 Iowa Caucus,10,18.6,Dec/07/2011 19:54:45
749798,IOWA.PAUL(RON),Ron Paul to win the 2012 Iowa Caucus,26,19.5,Dec/07/2011 21:14:42
749798,IOWA.PAUL(RON),Ron Paul to win the 2012 Iowa Caucus,8,19.4,Dec/07/2011 21:14:42
749798,IOWA.PAUL(RON),Ron Paul to win the 2012 Iowa Caucus,7,19.4,Dec/07/2011 21:14:42
749798,IOWA.PAUL(RON),Ron Paul to win the 2012 Iowa Caucus,1,19.4,Dec/07/2011 21:14:42
749798,IOWA.PAUL(RON),Ron Paul to win the 2012 Iowa Caucus,10,20.5,Dec/07/2011 21:54:52
749798,IOWA.PAUL(RON),Ron Paul to win the 2012 Iowa Caucus,7,20.5,Dec/07/2011 21:54:52
749798,IOWA.PAUL(RON),Ron Paul to win the 2012 Iowa Caucus,1,18.0,Dec/07/2011 23:00:49
749798,IOWA.PAUL(RON),Ron Paul to win the 2012 Iowa Caucus,5,19.9,Dec/08/2011 00:43:07
749798,IOWA.PAUL(RON),Ron Paul to win the 2012 Iowa Caucus,10,20.0,Dec/08/2011 00:43:31
749798,IOWA.PAUL(RON),Ron Paul to win the 2012 Iowa Caucus,5,20.0,Dec/08/2011 00:43:31
749798,IOWA.PAUL(RON),Ron Paul to win the 2012 Iowa Caucus,12,17.2,Dec/08/2011 01:10:59
749798,IOWA.PAUL(RON),Ron Paul to win the 2012 Iowa Caucus,4,17.3,Dec/08/2011 01:10:59
749798,IOWA.PAUL(RON),Ron Paul to win the 2012 Iowa Caucus,10,17.3,Dec/08/2011 01:10:59
749798,IOWA.PAUL(RON),Ron Paul to win the 2012 Iowa Caucus,4,17.9,Dec/08/2011 01:10:59
749798,IOWA.PAUL(RON),Ron Paul to win the 2012 Iowa Caucus,3,18.0,Dec/08/2011 01:10:59
749798,IOWA.PAUL(RON),Ron Paul to win the 2012 Iowa Caucus,2,17.4,Dec/08/2011 01:10:59
749798,IOWA.PAUL(RON),Ron Paul to win the 2012 Iowa Caucus,10,19.3,Dec/08/2011 05:24:13
749798,IOWA.PAUL(RON),Ron Paul to win the 2012 Iowa Caucus,4,19.3,Dec/08/2011 05:46:14
749798,IOWA.PAUL(RON),Ron Paul to win the 2012 Iowa Caucus,2,17.5,Dec/08/2011 12:41:01
749798,IOWA.PAUL(RON),Ron Paul to win the 2012 Iowa Caucus,2,17.5,Dec/08/2011 12:41:01
749798,IOWA.PAUL(RON),Ron Paul to win the 2012 Iowa Caucus,10,17.6,Dec/08/2011 12:41:01
749798,IOWA.PAUL(RON),Ron Paul to win the 2012 Iowa Caucus,4,17.5,Dec/08/2011 12:41:01
749798,IOWA.PAUL(RON),Ron Paul to win the 2012 Iowa Caucus,2,17.6,Dec/08/2011 12:41:01
749798,IOWA.PAUL(RON),Ron Paul to win the 2012 Iowa Caucus,4,17.7,Dec/08/2011 12:41:01
749798,IOWA.PAUL(RON),Ron Paul to win the 2012 Iowa Caucus,1,18.0,Dec/08/2011 12:41:01
749798,IOWA.PAUL(RON),Ron Paul to win the 2012 Iowa Caucus,3,17.6,Dec/08/2011 15:51:06
749798,IOWA.PAUL(RON),Ron Paul to win the 2012 Iowa Caucus,6,19.0,Dec/08/2011 16:41:58
749798,IOWA.PAUL(RON),Ron Paul to win the 2012 Iowa Caucus,4,19.0,Dec/08/2011 18:51:11
749798,IOWA.PAUL(RON),Ron Paul to win the 2012 Iowa Caucus,1,19.0,Dec/08/2011 18:51:11
749798,IOWA.PAUL(RON),Ron Paul to win the 2012 Iowa Caucus,1,17.6,Dec/08/2011 19:57:04
749798,IOWA.PAUL(RON),Ron Paul to win the 2012 Iowa Caucus,2,17.6,Dec/08/2011 20:11:23
749798,IOWA.PAUL(RON),Ron Paul to win the 2012 Iowa Caucus,1,19.0,Dec/08/2011 21:28:10
749798,IOWA.PAUL(RON),Ron Paul to win the 2012 Iowa Caucus,1,19.0,Dec/08/2011 21:28:30
749798,IOWA.PAUL(RON),Ron Paul to win the 2012 Iowa Caucus,2,19.1,Dec/08/2011 21:28:48
749798,IOWA.PAUL(RON),Ron Paul to win the 2012 Iowa Caucus,6,19.2,Dec/08/2011 21:29:10
749798,IOWA.PAUL(RON),Ron Paul to win the 2012 Iowa Caucus,6,19.3,Dec/08/2011 21:29:37
749798,IOWA.PAUL(RON),Ron Paul to win the 2012 Iowa Caucus,4,19.3,Dec/08/2011 21:29:37
